3698 5534
752 320 834 382 niter
850 325 883 380 V.
902 323 989 394 Caput
1008 323 1066 378 Vll.

787 578 929 650 curun
959 578 1022 649 ut
1114 553 1116 560 ’

245 722 478 792 Ἠιιιιιιοιιίαι.
494 726 713 782 universales
734 707 885 782 'omnium
910 739 971 782 sex
994 721 1345 796 planetarum.reluti
1370 713 1556 780 eommunis

487 873 489 880 ,
526 827 530 838 ’
585 819 847 884 ὀοιιιιιιριιιιοιιι
864 811 1119 892 quadriformia
1137 807 1226 864 daris

319 953 403 1014 Nunc
426 971 517 1036 opus,
540 951 665 1030 Uranie,
692 959 789 1016 sonitu
812 957 941 1031 majore,
971 953 1039 1014 dnm
1061 951 1245 1032 perseniam
1267 951 1467 1014 harmonicam
1490 955 1588 1018 coele-

234 1044 321 1100 stium
345 1051 476 1102 motuum
501 1039 538 1101 ad
561 1041 666 1103 altiora
689 1041 868 1114 conscendo,
900 1058 959 1120 qua
980 1045 1125 1119 genuinus
1147 1039 1324 1117 archetypus
1353 1041 1479 1103 fabricae
1500 1062 1600 1120 muns

190 1190 195 1198 ,
233 1129 326 1190 danae
349 1127 515 1202 reconditus
530 1119 705 1190 asservatur.
740 1122 910 1208 Sequimini,
934 1131 1039 1189 musici
1051 1127 1194 1201 moderni,
1209 1143 1329 1212 remque
1345 1131 1450 1188 reatris
1466 1133 1587 1208 artibus,

237 1219 408 1290 antiquitati
438 1231 496 1276 non
521 1219 661 1294 cognitis,
692 1221 822 1280 censetel
855 1217 919 1277 Vos
941 1217 987 1278 his
1014 1217 1120 1277 seculis
1144 1207 1258 1275 ultimis¹
1273 1217 1368 1291 prima
1391 1221 1589 1280 universitatis

233 1303 367 1382 exempla
390 1307 532 1380 genuina,
562 1308 606 1364 bis
636 1305 757 1365 millium
781 1305 923 1366 sudorum
952 1307 1106 1374 incubatu,
1137 1301 1254 1362 tandem
1277 1303 1414 1382 produxit
1441 1309 1486 1364 sui
1508 1323 1587 1365 nnn·
1627 1323 1631 1335 ’

233 1399 321 1469 quam
353 1409 411 1450 ιιοιι
433 1391 558 1470 prodiga
585 1401 705 1468 natura,
737 1395 842 1452 vestris
873 1391 924 1452 illa
954 1391 1059 1452 voc'nm
1083 1394 1228 1452 ranarum
1257 1391 1447 1451 concentibus
1476 1411 1587 1472 perque

233 1485 346 1539 uestras
369 1495 454 1539 aures
477 1497 541 1540 sese
564 1482 667 1558 ipsam,
692 1480 788 1557 qualis
811 1483 919 1540 existat
941 1481 1125 1563 penitissime
1148 1479 1224 1564 sinu,
1249 1481 1337 1537 menti
1352 1477 1507 1556 humanae,
1530 1481 1588 1541 Dei

235 1565 380 1626 creatoris
392 1562 481 1628 filiae
505 1565 728 1640 dilectissimae,
744 1568 952 1628 insusurravit.
961 1563 997 1714 ’Β

186 1655 191 1672 ⁸
320 1651 401 1730 Quas
424 1653 609 1714 harmonicas
637 1655 840 1732 proportiones
871 1655 932 1715 bini
954 1662 1098 1733 panetae·
1117 1655 1207 1712 vicini
1238 1658 1522 1738 motnnm'auorum.
1537 1671 1590 1714 cr-

235 1741 428 1802 tremitatibus
451 1743 723 1820 complecterentur,¹
744 1741 774 1802 id
797 1741 974 1821 explicatum
997 1743 1052 1802 fult
1066 1757 1163 1818 supra.
1209 1739 1319 1798 Verum
1336 1742 1483 1818 contingit
1500 1745 1590 1801 raris-

234 1829 316 1903 sime,
340 1837 374 1889 ut
397 1827 465 1904 dno,
488 1833 663 1908 praesertim
686 1830 854 1903 tardissimi,
876 1830 964 1890 simul
986 1828 1015 1888 in
1039 1845 1093 1890 sua
1115 1825 1244 1888 incidant
1267 1834 1397 1886 extrema
1416 1829 1589 1907 intervalla3

235 1917 314 1975 verbi
339 1933 438 1991 nausa,
461 1917 579 1978 Saturni
602 1925 631 1977 ct
653 1916 741 1978 Jovis
764 1918 880 1994 apsides
904 1918 1013 1977 distant
1036 1917 1148 1976 circitor
1171 1913 1242 1989 81⁰,
1267 1917 1355 1990 igitur
1376 1917 1496 1990 interea,
1518 1917 1589 1977 dnm

234 2004 308 2064 baec
330 2005 445 2064 illorum
469 2004 610 2066 distantia
631 2007 718 2064 certis
739 2009 909 2066 'nicenorum
924 2022 1066 2065 annornm
1082 2002 1206 2063 saltibus
1229 2009 1324 2061 totum
1338 2001 1490 2064 zodiacum
1506 2021 1589 2065 eme-

236 2094 332 2160 tiatur,
355 2095 424 2151 anui
448 2092 586 2152 labuntur
609 2093 681 2168 800,
706 2111 800 2170 neque
823 2101 926 2152 tamen
944 2092 1054 2166 saltus,
1079 2093 1129 2168 qui
1152 2098 1289 2149 octavum
1313 2089 1424 2150 claudit
1446 2092 1589 2174 seculum,

234 2181 365 2256 praecise
388 2180 476 2238 lemur
499 2179 536 2240 ad
559 2179 720 2258 ipsissimas
743 2180 871 2266 apsidas,
895 2169 929 2240 et'
947 2181 973 2238 ai
995 2179 1084 2256 paulo
1105 2179 1223 2255 longius
1246 2175 1376 2256 aberrat,
1399 2179 1588 2258 exspectandi

236 2274 304 2328 sunt
325 2266 375 2326 alii
398 2268 462 2326 800
486 2267 563 2340 anni,
587 2276 620 2326 ut
642 2265 734 2328 saltus
757 2265 808 2328 illo
830 2267 941 2333 felicior
963 2284 1029 2326 oum
1051 2267 1164 2325 ratione
1187 2265 1288 2341 quaeri
1303 2267 1407 2340 possit,
1430 2267 1518 2344 idque
1541 2275 1590 2326 to-
1617 2305 1620 2310 ,

237 2355 292 2414 ties
314 2355 486 2426 iterandum,
510 2358 626 2432 quoties
649 2355 785 2416 modulus
807 2355 999 2417 aberrationis
1023 2357 1051 2410 in
1075 2355 1160 2414 unitis
1183 2352 1276 2412 saltus
1300 2351 1443 2413 dimidiati
1466 2354 1589 2432 prolixi·
1684 2425 1686 2430 ι

236 2449 296 2500 tate
320 2443 491 2501 continetur.
537 2443 625 2502 Tales
649 2441 785 2521 periodos
809 2443 939 2504 efficiunt
960 2444 1049 2500 etiam
1072 2448 1185 2501 ceterae
1209 2441 1295 2531 bigae
1318 2440 1468 2524 singulae,
1492 2459 1587 2520 quan-

237 2547 325 2606 quam
347 2546 405 2588 non
428 2529 469 2588 ita
484 2528 622 2606 prolixas.
667 2531 786 2591 Interim
802 2523 871 2590 vero
883 2531 1056 2606 contingunt
1077 2531 1165 2587 ctiam
1179 2527 1256 2587 aliae
1271 2527 1440 2602 harmoniae
1455 2529 1590 2590 binorum

236 2616 433 2693 planetarum,
457 2619 533 2677 inter
554 2625 651 2676 motus
674 2632 731 2676 non
756 2627 908 2697 extremos¹
922 2624 1078 2694 utrosque,
1102 2615 1155 2678 sed
1177 2613 1395 2688 intermedium,
1428 2615 1475 2676 vel
1498 2634 1590 2678 unum

238 2703 284 2762 vel
307 2709 478 2780 utrumque,
504 2721 614 2780 eaeque
636 2707 666 2763 in
690 2703 814 2765 dirersis
837 2706 928 2766 veluti
952 2703 1143 2765 tensionibus.
1189 2701 1264 2762 Nam
1294 2704 1364 2779 qnia
1386 2701 1528 2763 Saturnus
1552 2721 1589 2764 ex
1657 2717 1670 2744 ‘

240 2789 266 2850 G
289 2793 317 2849 in
339 2791 359 2848 b
382 2799 411 2850 et
433 2789 523 2870 paulo
546 2793 667 2851 ulterius
689 2792 826 2865 tenditur,
850 2791 969 2870 Jupiter
983 2810 1019 2852 ex
1041 2793 1061 2849 b
1081 2791 1154 2848 ind
1175 2798 1205 2850 et
1227 2789 1362 2866 amplius,
1383 2799 1509 2866 possunt
1530 2794 1589 2868 igi·

236 2887 282 2936 tur
305 2881 472 2957 contingere
494 2879 570 2938 inter
591 2877 701 2938 Jorcm
723 2887 752 2940 et
775 2877 932 2940 Saturnum
961 2879 1130 2938 barmoniae
1158 2881 1245 2938 etiarn
1270 2879 1343 2936 istae
1373 2895 1462 2954 supra
1484 2878 1589 2957 diapa-

237 2983 301 3040 son,
326 2969 413 3026 tertia
435 2974 558 3042 utraque
589 2976 618 3028 ot
641 2967 839 3042 diatessarum
870 2966 986 3028 illarum
1016 2965 1134 3044 quidem
1164 2964 1303 3025 alterutra
1336 2981 1388 3043 per
1416 2968 1587 3042 tensionem,

238 3072 314 3128 qnae
337 3053 429 3113 babet
451 3051 674 3130 amplitudinem
696 3054 843 3133 reliquae,
867 3055 939 3117 baec
963 3071 1031 3112 vero
1055 3071 1107 3130 per
1130 3051 1351 3128 amplitudinem
1374 3054 1436 3111 toni
1458 3053 1588 3130 maj0ris.

238 3141 427 3202 Diatessaron
451 3145 527 3201 enim
551 3145 605 3200 erit
628 3159 685 3202 non
709 3149 821 3202 tanturn
844 3159 864 3200 a
887 3141 913 3202 G
936 3141 1053 3201 Saturni
1077 3144 1106 3199 in
1130 3157 1161 3200 ec
1182 3138 1283 3213 Jovis,
1312 3137 1364 3198 sed
1388 3142 1478 3200 etiam
1498 3141 1536 3201 ab
1559 3143 1587 3202 A

237 3228 356 3288 Saturni
378 3231 407 3286 in
431 3229 472 3290 dd
486 3229 572 3290 Jovis
594 3238 624 3288 et
644 3247 697 3308 per
719 3229 890 3292 intermedia
906 3231 1011 3315 ‚omnia
1031 3231 1105 3288 inter
1119 3226 1154 3301 G,
1177 3230 1205 3289 A
1228 3227 1306 3286 illius
1321 3234 1352 3286 et
1367 3243 1406 3300 eo,
1429 3227 1471 3286 dd
1489 3229 1587 3306 hujus.

238 3317 391 3392 Diapason
425 3330 494 3375 vero
526 3324 556 3376 et
587 3316 723 3394 diapente
753 3319 782 3375 in
810 3318 881 3378 solis
904 3317 1038 3394 ¹apsidum
1061 3318 1176 3392 punctis
1204 3316 1354 3389 contingit.
1399 3314 1479 3374 Mars
1508 3334 1587 3392 vero,

237 3403 335 3480 majus
353 3413 457 3464 nactus
480 3404 666 3464 intervallum
688 3405 845 3484 proprium,
870 3404 927 3464 boc
950 3403 1090 3476 obtinuit,
1114 3411 1147 3472 nt
1168 3403 1255 3461 etiarn
1280 3401 1421 3477 diapason
1446 3417 1512 3461 eum
1534 3421 1586 3462 su-

237 3491 399 3568 perioribus
425 3507 478 3567 per
500 3492 627 3567 aliquam
651 3494 792 3552 tensionis
807 3481 1036 3566 amplitudinem
1059 3489 1156 3548 iaciat.
1201 3489 1362 3549 Mercurius
1393 3494 1506 3547 tantum
1531 3493 1586 3550 ob·

238 3580 324 3638 tinuit
346 3578 548 3653 intervallum,
580 3587 613 3638 nt
641 3580 810 3656 plerumque
842 3596 942 3638 omnes
975 3577 1142 3637 harmonias
1176 3593 1242 3640 eum
1271 3576 1406 3634 omnibus
1429 3577 1587 3638 constituat

237 3667 314 3726 intra
341 3683 429 3726 unam
460 3661 612 3744 periodirm
641 3684 739 3739 suam,
771 3683 847 3744 quae
877 3683 935 3739 nqn
963 3660 1109 3742 prolixior.
1131 3670 1175 3724 est
1205 3667 1291 3722 trium
1313 3665 1456 3722 mensium'
1478 3667 1583 3740 spatio.

238 3752 339 3812 Tellus
361 3771 377 3814 e
401 3761 502 3814 eontra
523 3754 684 3829 Venusque
706 3752 798 3813 multo
821 3756 914 3830 magis
937 3755 1074 3829 angustia
1094 3753 1275 3829 propriorum
1298 3749 1516 3810 intervallorum
1538 3769 1586 3812 re·

238 3843 383 3916 stringunt
405 3841 572 3906 harmonias
594 3859 664 3900 suas
687 3855 744 3899 non
768 3849 881 3901 tantum
904 3858 969 3900 curn
993 3842 1111 3914 ceteris,
1143 3838 1195 3898 sed
1218 3839 1342 3898 maxime
1365 3841 1439 3898 inter
1461 3857 1493 3898 se
1515 3858 1586 3900 mu·

238 3936 314 4002 tuas,
337 3928 375 3986 ad
397 3931 575 4007 paucitatem
597 3929 797 4005 spectabilem.
830 3927 958 4004 -Quodsi
982 3935 1039 3988 tres
1062 3930 1091 3985 in
1115 3945 1202 3986 unam
1217 3925 1398 3986 bonnoniam
1421 3930 1586 4003 conspirare

241 4015 382 4084 debeant,
413 4017 522 4076 multae
553 4015 670 4092 quidem
692 4019 773 4077 vices
803 4024 871 4076 aunt
898 4015 1132 4095 exspectandae,
1154 4013 1264 4074 multae
1293 4023 1390 4074 muron
1418 4013 1587 4078 barmoniae
1643 4030 1659 4062 ι

238 4111 321 4175 sunt,
352 4112 385 4162 nt
414 4107 455 4164 ita
475 4112 557 4164 tanto
585 4104 699 4163 facilius
728 4106 911 4180 contingant,
943 4105 1011 4172 dum
1035 4105 1159 4164 vicinam
1183 4119 1267 4161 suam
1296 4103 1430 4179 proxima
1451 4118 1586 4180 quaeque

239 4191 354 4266 exeipit,
380 4191 573 4266 videnturque
595 4185 825 4264 inter'Martem,
848 4184 996 4252 Tellurem
1017 4199 1046 4250 et
1068 4191 1244 4251 Mercurium
1266 4189 1393 4268 triplices
1418 4193 1587 4268 contingere

237 4279 430 4355 saepiuscule.
475 4278 608 4353 Quatuor
631 4295 700 4337 vero
722 4279 906 4355 planetarum
927 4279 1098 4339 hannoniae
1114 4279 1177 4354 J'am
1199 4279 1340 4354 incipiunt
1361 4279 1459 4353 spargi
1482 4281 1512 4336 in
1536 4297 1585 4342 aa·

211 4421 214 4434 ,
243 4365 318 4439 cula,
343 4368 472 4442 quinque
495 4366 678 4442 planetarum
701 4368 730 4424 in
754 4365 903 4446 myriadas
924 4384 1074 4426 annorum.
1122 4363 1161 4426 Ut
1178 4382 1248 4424 vero
1270 4382 1322 4424 sex
1338 4380 1438 4424 omnes
1460 4382 1585 4431 consen-

238 4501 443 4515 ..,-.--...--

314 4560 338 4612 ι)
353 4559 418 4600 Anne
431 4559 539 4610 flagitium
553 4551 635 4606 fecero,
650 4558 698 4604 sla
711 4546 807 4606 singulis
821 4550 888 4604 hujus
902 4555 984 4598 aeuus
999 4541 1145 4602 composuistis
1159 4553 1301 4594 artificiosam
1315 4552 1412 4602 aliquam
1424 4556 1530 4596 motuum
1559 4567 1584 4606 ro

239 4613 280 4653 boe
293 4613 367 4664 slogio
381 4611 486 4662 exigam?
513 4611 609 4651 'lartum
623 4609 666 4650 bue
680 4612 755 4659 aptum
769 4607 860 4646 Paralios
875 4605 959 4652 Regius
973 4606 1086 4654 ceterique
1101 4603 1163 4645 Sacri
1178 4605 1228 4644 libri
1244 4605 1386 4654 suppeditare
1400 4609 1512 4656 poterunt.
1540 4567 1586 4649 les

238 4677 286 4706 rum
300 4667 356 4707 haus
370 4675 419 4711 vor,
433 4665 458 4704 in
469 4665 533 4704 aneio
547 4665 624 4712 plnres
639 4672 703 4712 quani
717 4671 758 4701 sax
772 4669 816 4699 non
830 4658 972 4698 massadam.
999 4658 1054 4698 Nun
1068 4658 1131 4700 Luna
1151 4659 1320 4698 sacratur-suam
1334 4659 1459 4703 maneum
1471 4661 1582 4716 aputu,

239 4721 316 4760 'farma
330 4723 355 4760 ut
368 4719 433 4758 cuuis
447 4717 558 4758 numne.
587 4715 692 4758 Conferte
712 4713 832 4762 symbolas,
847 4720 903 4759 ego,
924 4715 949 4749 nt
965 4709 1084 4764 liburni-t,
1108 4721 1149 4750 aar
1166 4711 1268 4758 partibus
1284 4716 1408 4752 curatorem
1424 4724 1462 4754 ma
1481 4713 1584 4756 sedulum

238 4773 353 4822 polticeor.
383 4769 425 4818 Qui
439 4769 530 4825 propius
542 4770 649 4810 musicam
662 4767 783 4810 coelestem
797 4763 909 4814 exprimet
922 4763 964 4804 boo
978 4771 1044 4814 opere
1059 4761 1201 4814 descriptam,
1217 4761 1324 4814 buloclio
1340 4757 1431 4816 serlum,
1446 4765 1582 4812 Unantevs.

239 4836 313 4868 narem
327 4831 431 4876 monam
442 4819 561 4874 ¹ipondant.
