3698 5534
715 353 797 416 Liber
814 349 844 416 V.
864 359 952 431 Caput
968 351 1016 416 IX.
1046 407 1050 426 ,
1432 401 1434 408 ·
1492 365 1553 432 301

218 544 297 595 tavae
316 536 347 603 ii,
364 535 521 606 dilatarent,
552 550 639 606 neque
661 534 695 592 ad
712 535 834 604 proxime
857 535 967 590 minoris
991 535 1117 605 diapente
1136 531 1167 604 Ἰ,
1185 536 1335 606 angustiam
1358 539 1555 604 contraherent.

218 615 288 670 Nam
306 614 357 669 etsi
375 630 467 670 verum
485 621 540 683 est,
565 615 637 684 quod
656 614 709 668 dno
727 612 864 682 planatae,
889 613 1019 670 facientes
1044 615 1169 684 diapente
1191 617 1413 684 conserpentibus
1436 613 1556 676 motuum

219 692 360 758 extremis,
378 700 406 749 et
423 692 553 762 diapason
572 692 786 762 disserentibus,
813 693 893 750 iidem
911 694 993 748 etiam
1010 701 1104 750 sextas
1120 693 1209 750 faeere
1231 701 1258 749 et
1279 697 1319 749 sie
1336 695 1423 750 diesin
1449 714 1557 767 qnoque

218 785 358 840 permeare
376 771 493 840 possint,
513 778 541 826 at
559 771 610 826 hoo
629 787 683 827 non
699 772 835 830 redoleret
852 773 1016 842 singularem
1033 772 1227 848 providentiam
1244 772 1411 829 ordinatoria
1429 785 1556 836 motuum

219 847 308 904 Diesis
327 850 404 914 enim,
422 849 560 904 minimum
577 849 786 920 intervallorum,
804 857 940 921 potestate
958 851 1045 906 latens
1058 850 1085 904 in
1098 851 1244 919 majoribus
1256 851 1388 920 omnibus,
1406 867 1475 920 qnae
1487 869 1558 908 eom·

218 925 422 995 prehenduntor
440 927 473 980 ab
491 927 617 981 extremis
634 936 763 998 motuum,
782 929 842 999 ipsa
850 938 1004 1000 permeatur
1021 929 1129 1000 quidem
1147 938 1210 984 tuno
1228 929 1373 986 amotibns
1385 929 1559 1001 intermediis,

221 1003 348 1086 continua
380 1006 503 1060 tensione
532 1007 653 1071 variatis,
676 1014 704 1061 at
732 1021 786 1062 non
809 1008 1002 1065 determinatur
1025 1008 1060 1063 ab
1087 1024 1180 1063 eorum
1205 1009 1345 1076 extremis,
1372 1019 1432 1080 aum
1454 1025 1559 1080 semper

218 1081 305 1136 minor
322 1083 357 1136 sit
374 1097 439 1151 pars
456 1091 523 1156 toro,
542 1084 623 1138 diesis
642 1084 746 1139 seilicet
763 1085 904 1142 intervallo
923 1087 1024 1156 majore
1042 1085 1088 1158 Ἰν
1108 1085 1180 1157 quod
1193 1095 1235 1142 est
1251 1087 1364 1156 inter'l,
1382 1096 1411 1144 et
1425 1089 1466 1160 ¹12,
1486 1090 1559 1160 quod

218 1157 305 1214 totum
322 1174 339 1215 a
356 1159 620 1221 motunm'extremis
639 1163 811 1220 determinari
828 1167 873 1220 hic
890 1171 1043 1235 poneretur.

304 1253 525 1330 Propositio
548 1255 666 1318 XXIV.
711 1255 854 1326 Planetae
877 1257 952 1336 duo,
975 1259 1025 1334 qui
1046 1265 1158 1317 mutant
1179 1275 1271 1334 genus
1293 1257 1477 1332 harmonias,
1501 1258 1559 1320 dil-

218 1337 369 1400 lerentiam
390 1346 571 1421 propriarum
593 1347 812 1423 proportionum
835 1347 909 1406 inter
931 1353 1062 1405 motuum
1085 1355 1223 1420 extrema,
1252 1345 1357 1404 debent
1379 1346 1474 1406 iacere
1497 1347 1561 1407 die-

218 1427 279 1501 sin,
310 1434 447 1490 etunius
476 1435 593 1508 propria
619 1434 767 1508 proportio
797 1431 885 1492 debet
912 1449 976 1492 esse
1002 1433 1099 1509 major
1121 1431 1213 1509 diesi,
1245 1431 1411 1509 debentque
1433 1435 1561 1495 motibus

158 1521 161 1536 '
218 1515 341 1592 apheliis
363 1519 458 1578 faeere
480 1519 629 1580 seriarum
653 1537 754 1594 ursam,
777 1518 927 1597 periboliia
950 1518 1104 1596 reliquam.
1139 1537 1143 1547 ·

304 1615 370 1672 (inm
388 1617 458 1672 enim
477 1625 598 1674 extrema
615 1626 735 1674 motuum
754 1619 822 1674 dnas
843 1618 945 1674 laoiant
962 1619 1129 1688 harmonias,
1152 1617 1233 1674 rmlea
1252 1613 1319 1673 dissi
1338 1617 1507 1689 differentes,
1534 1617 1563 1674 id

218 1702 309 1765 potest
325 1697 384 1753 lieri
401 1699 561 1769 tripliciters
587 1705 633 1754 aut
650 1700 737 1768 enim,
756 1706 787 1753 ut
805 1700 884 1754 unius
908 1699 1035 1768 planetae
1052 1703 1142 1752 motus
1160 1702 1268 1750 maneat
1286 1703 1428 1768 constans,
1452 1697 1562 1754 alterius

218 1775 336 1830 varietur
353 1792 402 1845 per
420 1778 521 1848 diesin,
541 1784 588 1833 aut
607 1785 637 1832 ut
653 1785 767 1850 uterque
786 1779 904 1834 varietur
921 1795 971 1848 per
989 1777 1126 1832 semissem
1145 1777 1252 1832 dieseos
1261 1775 1427 1848 iaoiantqne·
1439 1777 1483 1845 ³l,.
1502 1792 1563 1832 sex·

218 1857 274 1906 tam
291 1853 429 1924 majorem,
449 1856 556 1926 qnando
574 1857 698 1926 superior
716 1865 759 1913 est
775 1858 802 1912 in
820 1859 941 1928 aphelio,
960 1857 1071 1912 inier'ior
1087 1855 1116 1910 in
1133 1853 1277 1924 periheli03
1301 1869 1334 1908 ex
1353 1855 1386 1910 iis
1404 1857 1500 1925 spatiis
1518 1873 1564 1920 ex.

218 1947 298 1988 eursu
316 1931 396 2005 laeto,
416 1935 467 1989 sibi
484 1943 578 1992 mutuo
596 1935 743 2006 obviantes,
762 1938 885 2006 superior
902 1952 989 2006 nsque
1007 1937 1034 1990 in
1052 1933 1220 2004 perihelium,
1243 1933 1355 1988 inferior
1371 1934 1400 1989 in
1418 1935 1563 2006 aphelinm,

217 2012 320 2066 iaomnt
338 2015 383 2081 δίῃ,
407 2021 510 2068 sextam
528 2013 671 2086 minorem
691 2023 739 2070 ant
756 2015 872 2085 deniqne
889 2023 921 2070 ut
934 2029 1004 2068 unns
1022 2013 1107 2068 altero
1126 2002 1187 2081 plns
1206 2013 1293 2066 variet
1310 2019 1412 2067 motnm
1433 2028 1511 2068 snum
1530 2017 1564 2071 ab

219 2089 326 2159 aphelio
344 2091 372 2144 in
389 2091 549 2159 perihelium
568 2092 656 2163 sitque
674 2109 803 2150 excessus
815 2094 896 2149 nnius
910 2093 1025 2158 dieseos,
1045 2091 1124 2146 etsie
1143 2099 1221 2145 sexta
1233 2089 1319 2158 maior
1329 2091 1365 2146 sit
1380 2093 1452 2148 inter
1462 2102 1565 2150 utrum-

220 2182 272 2238 que
291 2167 441 2238 aphelium,
464 2178 543 2224 sexta
560 2171 649 2227 minor
672 2173 743 2226 inter
760 2179 906 2239 utrumque
924 2170 1093 2242 perihelium,
1130 2169 1235 2222 Primus
1253 2184 1316 2223 vero
1338 2170 1434 2226 modus
1452 2177 1567 2227 nonest

220 2245 369 2315 legitimum
394 2255 468 2303 esset
492 2251 562 2306 enim
584 2252 654 2307 alter
669 2253 766 2307 borum
785 2253 955 2322 planetarum
979 2251 1037 2306 sine
1062 2247 1276 2315 eooentrioitate,
1304 2255 1398 2304 tontra
1415 2251 1522 2306 axioma
1539 2253 1565 2308 l.

222 2325 298 2380 Alter
314 2325 410 2383 modus
427 2329 516 2386 minus
534 2331 648 2400 pnlober
665 2331 716 2386 fnit
734 2339 762 2386 et
779 2333 868 2386 minus
886 2330 1057 2398 commodns3
1076 2329 1163 2382 minna
1176 2326 1297 2396 pulcher,
1317 2329 1380 2399 qnia
1396 2321 1485 2384 minna
1503 2329 1566 2384 har·

222 2407 355 2471 moninus,
375 2408 490 2464 duorum
509 2408 580 2464 enim
596 2409 766 2479 planetarum
784 2411 912 2479 propriae
924 2415 1047 2463 motuum
1056 2405 1247 2476 proportiones
1256 2403 1371 2461 finissent
1382 2407 1567 2463 inconcinnae

222 2503 284 2543 nam
301 2488 489 2543 inconcinnum
508 2497 558 2557 est,
577 2488 705 2560 quioquid
724 2497 766 2544 est
784 2487 851 2544 dieti
869 2492 971 2555 minua3
993 2492 1115 2558 praestat
1133 2499 1208 2553 vero,
1226 2501 1309 2540 nnnm
1327 2485 1414 2540 solnm
1432 2485 1567 2554 planetam

223 2565 276 2622 hae
293 2565 453 2622 inoonoinna
470 2569 604 2638 parvitate
628 2569 765 2637 laborare3
795 2572 859 2641 quin
878 2584 914 2623 ne
930 2565 989 2623 fieri
1008 2563 1115 2636 quidem
1134 2561 1237 2632 potnit,
1264 2565 1328 2632 quia
1346 2563 1458 2618 extremi
1470 2571 1566 2619 motus

223 2646 276 2701 hoo
292 2655 373 2715 paeto
392 2649 566 2702 aberrassent
584 2665 600 2702 a
617 2648 684 2704 loeis
703 2649 856 2719 systematis
875 2662 923 2703 seu
944 2646 1066 2702 olavibus
1084 2644 1174 2700 atalae
1192 2644 1324 2713 musicae,
1349 2651 1445 2700 eontra
1458 2659 1503 2713 pr.
1522 2644 1565 2700 22.

228 2727 319 2780 Minus
338 2725 420 2781 etiam
438 2726 595 2782 commodus
612 2727 723 2794 inisset,
749 2728 813 2798 quia
832 2735 926 2782 sextae
945 2726 998 2781 illis
1017 2721 1204 2780 tantummodo
1222 2723 1364 2778 momentis
1384 2722 1561 2790 contigissent

225 2805 322 2875 quibus
342 2807 467 2876 planetae
485 2805 601 2862 inissent
618 2807 646 2860 in
659 2806 806 2872 ,cannariis
825 2805 978 2876 opsidibus3
998 2803 1073 2859 nulla
1091 2801 1189 2855 fnisset
1206 2799 1333 2870 latitudo,
1352 2817 1402 2872 per
1419 2817 1500 2870 qnam
1517 2800 1569 2856 hae

225 2895 319 2942 sextae
343 2894 371 2941 et
393 2886 431 2941 sio
455 2885 621 2941 universales
639 2885 794 2942 barmoniae
813 2887 961 2942 seeundum
985 2901 1032 2940 sas
1047 2881 1206 2948 contingere
1228 2882 1393 2952 potuissent,
1417 2881 1570 2937 rarissimae

226 2969 309 3039 igitur
325 2966 453 3022 luisssent
471 2965 637 3021 universales
655 2966 822 3036 barmoniae,
849 2967 915 3022 loeis
934 2967 1104 3035 planetarum
1122 2959 1244 3015 omnibus
1269 2961 1304 3015 ad
1322 2963 1457 3017 e'ertornm
1481 2962 1509 3015 in
1528 2976 1569 3016 or·

227 3047 289 3102 bitis
307 3047 364 3103 anis
383 3053 411 3100 et
428 3045 568 3102 nnioornm
586 3053 749 3115 punctorum
766 3046 907 3114 angustias
925 3043 1056 3111 redactis3
1076 3050 1171 3100 eontra
1183 3043 1289 3098 axioma
1303 3043 1343 3097 19.
1381 3042 1478 3096 Restat
1489 3040 1571 3110 igitur

227 3126 322 3183 modns
340 3126 450 3196 tertius,
469 3133 500 3180 nt
517 3135 631 3194 uterque
649 3123 757 3195 qnidem
774 3124 942 3193 planetarum
960 3139 1039 3178 snum
1056 3123 1195 3194 proprium
1212 3121 1417 3190 varietmotnm,
1436 3111 1485 3175 sed
1503 3118 1572 3174 alter

230 3207 315 3261 altero
332 3207 394 3276 plus
413 3222 462 3276 per
479 3222 560 3261 unam
577 3205 725 3275 perfectam
744 3203 832 3258 diesin
849 3203 884 3258 ad
901 3203 1046 3257 minimum.

309 3283 531 3377 'Propositio
555 3297 657 3357 XXV.
696 3295 899 3370 ,Planetarum
922 3314 1015 3374 genus
1038 3295 1209 3355 harmoniae
1230 3295 1417 3367 mutantium,
1432 3294 1572 3369 ‘superior

232 3385 319 3447 debet
349 3388 457 3448 habere
487 3388 702 3464 proportionem
732 3393 863 3443 motuum
899 3386 1081 3464 propriorum
1119 3385 1258 3444 minorem
1286 3388 1355 3440 tono
1386 3396 1477 3458 parvo
1504 3373 1571 3464 ⁹5⁰,
1626 3391 1629 3398 ·

233 3475 348 3534 interior
370 3493 439 3535 vero
460 3478 601 3534 minorem
623 3474 775 3533 semitonio
803 3467 884 3555 stim.

302 3577 371 3634 Nam
389 3583 437 3632 aut
449 3575 563 3646 apheliis
582 3574 699 3630 motibus
718 3573 818 3634 sacient
838 3573 884 3640 Ἃ,
903 3579 951 3626 ant
968 3567 1118 3640 periheliis,
1135 3582 1186 3636 per
1202 3566 1385 3637 praemissam.
1421 3564 1484 3619 Non
1501 3566 1573 3634 peri·

234 3657 321 3728 heliis,
341 3665 414 3712 esset
433 3655 502 3711 enlm
520 3663 587 3711 tune
605 3654 773 3723 apheliorum
792 3653 911 3704 motuum
930 3651 976 3716 is„
999 3645 1110 3701 inferior
1127 3644 1209 3712 igitur
1226 3661 1281 3699 nna
1300 3643 1366 3699 diesi
1383 3643 1445 3712 plus
1462 3643 1574 3700 haberet

232 3739 259 3794 in
274 3737 451 3810 proportione
469 3735 579 3804 propria
597 3747 677 3801 quam
698 3731 833 3800 superior,
859 3744 909 3798 per
926 3726 1039 3783 eandem
1058 3723 1241 3795 praemissam.
1276 3721 1310 3775 ld
1333 3737 1396 3774 vero
1420 3729 1462 3775 est
1480 3729 1574 3777 oontm

234 3819 340 3873 axioma
360 3817 398 3871 10.
433 3813 550 3870 Faciunt
567 3813 650 3881 igitur
667 3807 781 3879 apheliis
794 3807 825 3876 ³1,
844 3805 980 3877 periheliis
994 3805 1026 3870 ⁵1,
1044 3805 1140 3873 minus,
1160 3801 1304 3873 quamillio
1316 3815 1365 3870 per
1379 3799 1442 3868 Ἢ
1472 3797 1575 3868 Quodsi

234 3897 333 3967 aphelii
350 3901 439 3951 motus
457 3893 561 3948 laniunt
577 3899 682 3947 sextam
701 3889 795 3942 duram
814 3887 855 3956 ³1„
874 3897 938 3956 ergo
957 3885 1103 3955 superioris
1123 3880 1246 3951 apbelius
1269 3893 1330 3934 oum
1353 3878 1487 3933 inferioris
1505 3875 1574 3946 peri·
1680 3941 1684 3950 ι

233 3976 306 4033 balio
323 3975 405 4032 iaoiet
422 3974 483 4043 plns
502 3987 583 4043 quam
597 3971 712 4026 'sextam
731 3967 839 4036 duram,
866 3965 976 4034 adiiciet
989 3965 1058 4019 enim
1076 3961 1187 4018 inferior
1204 3965 1288 4013 totam
1309 3956 1446 4026 propriam
1463 3972 1574 4026 propor-

233 4056 342 4112 tionem.
377 4054 482 4110 Eodem
500 4050 593 4117 modo,
612 4051 635 4103 si
653 4046 777 4117 perihelii
794 4054 883 4101 motus
901 4045 1005 4107 iaciunt
1021 4049 1126 4098 sextam
1144 4040 1251 4095 mollem
1270 4037 1316 4104 ii„
1341 4036 1488 4106 superioris
1506 4035 1575 4104 peri·

234 4135 323 4192 beliue
341 4143 369 4192 et
385 4132 519 4190 inferioris
538 4130 661 4200 aphelins
679 4127 780 4183 iaoient
796 4127 884 4180 minus
901 4139 982 4193 quam
1000 4131 1106 4178 sextam
1122 4118 1247 4187 mollem;
1271 4113 1360 4172 aufert
1378 4114 1447 4168 enim
1465 4111 1576 4169 inferior

234 4221 319 4272 totam
344 4231 422 4270 snam
442 4211 579 4284 propriam
605 4206 814 4278 proportionem
859 4203 962 4272 Quodsi
989 4201 1123 4258 inferioris
1147 4195 1286 4270 proportio
1312 4193 1423 4264 propria
1447 4199 1590 4268 aequaret,

235 4295 406 4350 semitonium
427 4293 495 4361 ¹⁶l„,
519 4289 577 4358 jam
599 4295 694 4355 posset
719 4293 827 4355 praeter
851 4292 942 4338 sextas
962 4281 1041 4337 etiam
1065 4280 1191 4348 diapente
1214 4274 1381 4344 confingere,
1409 4272 1473 4341 quia
1498 4279 1577 4328 sexta

235 4373 332 4444 mollis,
345 4371 475 4426 diminuta
488 4366 639 4434 semitonio,
657 4363 688 4418 fit
700 4365 837 4434 diapente;
850 4362 902 4416 boo
913 4378 977 4417 sero
990 4368 1032 4415 est
1045 4365 1138 4414 eontra
1150 4373 1229 4430 prop,
1236 4355 1278 4409 23.
1309 4353 1399 4407 Minus
1410 4352 1491 4418 igitur
1499 4349 1575 4405 semi·

234 4453 308 4506 tenio
326 4452 409 4505 habet
426 4449 536 4518 planeta
553 4443 663 4500 inferior
679 4444 707 4497 in
724 4442 863 4496 intervallo
881 4439 933 4496 sibi
951 4438 1068 4508 proprio.
1105 4435 1142 4490 Et
1153 4435 1217 4504 quia
1229 4432 1373 4501 superioris
1391 4429 1500 4500 propria
1515 4445 1576 4500 pro.

234 4532 322 4600 portio
340 4529 427 4598 major
444 4533 486 4581 est
503 4522 613 4596 propria
629 4519 765 4576 inferioris
783 4535 832 4591 per
849 4533 929 4573 sinam
948 4516 1048 4580 diesin,
1066 4513 1148 4568 diesis
1167 4527 1230 4566 vero
1243 4509 1336 4565 addita
1353 4508 1493 4565 semitonio
1511 4507 1576 4564 iaolt

236 4617 330 4664 tonum
339 4611 469 4664 minorem
481 4607 543 4675 ”lm
562 4601 708 4672 superioris
720 4598 803 4670 igitur
820 4595 930 4666 propria
942 4594 1081 4665 proportio
1094 4599 1136 4648 est
1144 4591 1231 4646 minor
1243 4605 1322 4660 qnam
1332 4595 1412 4644 tonus
1421 4589 1509 4644 minor
1519 4588 1576 4656 ⁰!„,.

322 4717 543 4794 Propositio
566 4711 684 4773 XXVI.
729 4709 925 4780 Planetarum,
948 4722 1040 4784 genus
1063 4704 1230 4765 barmoniae
1242 4703 1423 4775 mutantium,
1446 4702 1577 4777 superior

238 4805 339 4870 debuit
368 4805 477 4866 babere
508 4802 554 4862 vel
585 4801 677 4861 diesin
709 4796 853 4876 dnplioem
878 4788 992 4875 ‘’ifilm,
1020 4791 1076 4852 boo
1106 4797 1151 4852 est
1175 4785 1242 4870 ¹⁴²i„
1264 4789 1337 4869 lere,
1367 4806 1418 4866 pro
1446 4796 1576 4852 motuum

1353 4891 1423 4952 20*
