3698 5534
692 353 727 410 ad
745 354 843 412 librum
859 351 892 410 V.
908 352 1142 414 Harmoulcorum.
1524 353 1584 420 ΒΜ

242 530 341 590 uatem
371 545 442 591 tero
472 537 501 592 et
532 531 682 592 causalem
711 544 763 591 seu
796 532 1013 611 archetypicam
1035 541 1242 594 connexionem
1271 535 1461 620 sphaerarum
1487 530 1587 594 mundi

243 635 308 678 cum
339 620 509 696 corporibus
541 620 769 696 irregularibus
799 633 856 695 ego
885 623 1083 701 aprincipio
1096 625 1153 682 mei
1175 623 1240 682 llbu
1265 623 1301 682 V
1331 623 1432 704 repetii
1463 638 1499 688 ax
1521 635 1587 682 nroo

243 705 384 784 Mysicrlo
408 705 665 784 cosmographiae.

328 793 424 872 Caput
445 794 490 854 ib.
509 795 676 854 Ptolemaei
698 796 820 870 quaerit,
844 796 994 870 ᾳιιοιιιοιι
1007 799 1214 872 somtpoostnt
1234 805 1372 868 ιιιιιιιιιιιι
1385 801 1587 875 propriorum

238 884 448 958 proportiones
467 895 527 958 per
547 897 704 955 ιιιιιιιιιοι,
728 881 780 941 scd
804 882 885 941 deest
907 891 1012 944 tesius.
1059 882 1181 944 Οιιιιιάι
1204 887 1292 962 igitur
1313 886 1432 960 eadem,
1460 901 1537 962 quaa
1559 886 1588 943 1ιι
1631 918 1634 930 ·

241 968 377 1046 praeced.
402 985 464 1047 cap.
511 971 555 1029 lle
579 979 675 1044 cetero
699 969 939 1030 considerandum
963 971 1018 1030 hcc
1041 970 1116 1044 dedi,
1141 973 1220 1052 quod
1243 974 1290 1032 bic
1311 970 1497 1033 Ptolemaeus
1520 979 1587 1032 snit

247 1057 328 1116 1500
351 1073 443 1116 annos
466 1059 615 1118 metatam
640 1059 698 1116 mai
720 1056 769 1116 lib.
794 1057 830 1114 i.
860 1061 1006 1135 propriam
1027 1067 1152 1120 tractare
1176 1062 1346 1135 instituerit,
1376 1065 1401 1120 si
1429 1072 1481 1138 per
1503 1072 1586 1120 suam

244 1148 452 1203 astronomiam
467 1147 620 1220 potuisset.
661 1145 723 1220 ligo
738 1146 837 1220 ltaque
854 1147 882 1202 in
899 1145 1053 1204 amendata
1069 1150 1258 1221 astronomis,
1278 1159 1453 1224 asseveras
1471 1153 1500 1208 et
1515 1151 1588 1206 sim*

186 1242 192 1254 ·
241 1232 332 1308 plicas
354 1230 537 1309 planetarum
559 1241 657 1293 motus
680 1233 794 1304 retinet,
818 1231 974 1291 eliminatis
997 1237 1183 1310 apparamus,
1207 1247 1283 1311 quse
1307 1235 1456 1295 oculorum
1480 1235 1588 1312 deeep-

243 1319 372 1378 tionihus
401 1329 550 1392 constant,
580 1319 709 1393 ostendi,
739 1323 769 1376 in
792 1320 874 1380 coelo
897 1322 1057 1380 saeuitiam
1079 1339 1178 1382 varam
1209 1332 1238 1384 at
1260 1326 1418 1399 genuinam
1448 1325 1588 1382 rationum

242 1409 468 1483 quantitativum
493 1413 521 1466 at
543 1406 782 1478 mensurabilem,
806 1423 864 1466 non
888 1422 957 1467 vero
980 1423 1032 1484 per
1053 1409 1162 1468 nudam
1184 1410 1339 1470 levicolam
1367 1410 1597 1488 symbolisstieff

241 1509 317 1567 nem,
342 1495 437 1554 inesse
460 1495 643 1554 harmonicae
666 1496 867 1572 proportiones
891 1510 1001 1569 omues,
1025 1497 1240 1557 harmoniomnt
1256 1515 1371 1574 genera,
1392 1506 1521 1576 systema
1536 1511 1587 1556 seu

241 1582 352 1641 scalam
374 1583 524 1641 musicam
538 1589 567 1642 at
590 1583 689 1642 claves
712 1582 951 1658 ojusplarasque,
976 1590 1110 1643 tonorum
1134 1589 1300 1657 ιιιιιιιιιιι,
1328 1601 1434 1644 vocum
1455 1584 1585 1662 figuralis

241 1671 369 1730 musicae
398 1669 528 1729 aemulos
560 1668 710 1747 planetas,
740 1678 948 1748 contraponatu
977 1671 1102 1748 deniqne
1132 1673 1309 1734 numeralia
1343 1675 1586 1764 bprinrsriomm

241 1745 438 1835 planetarum,
470 1759 583 1817 variata
615 1765 644 1817 et
673 1757 829 1834 generibus
857 1765 886 1817 et
908 1761 995 1817 tonis.
1041 1757 1128 1838 Gap·
1140 1761 1188 1820 ld.
1219 1765 1248 1820 et
1274 1759 1376 1819 ultimo
1400 1745 1587 1820 Ptolemaeus

242 1845 413 1923 pollicetur,
436 1845 576 1922 indagare
599 1861 631 1906 se
655 1845 745 1917 nolle,
774 1863 837 1921 qua
857 1849 977 1904 ratione
996 1847 1224 1922 familiaritates
1245 1862 1391 1908 monam
1413 1851 1589 1923 conspurcat⁸

238 1936 354 2008 possim
380 1951 447 1991 aum
476 1933 742 2010 familiaritatibus
769 1943 929 2004 asomum,
962 1937 1105 2010 principis
1132 1951 1173 1996 sc.
1197 1937 1373 2011 astrologica
1404 1931 1439 1994 de
1463 1935 1588 2013 planctis

245 2019 381 2080 beneficis
403 2027 433 2078 st
455 2021 609 2094 maleficis,
640 2021 740 2079 amicis
769 2022 844 2078 inter
866 2031 897 2078 so
928 2021 974 2079 rel
997 2020 1146 2102 hostibus,
1176 2039 1229 2099 per
1250 2024 1417 2082 harmonias
1447 2024 1588 2082 coelestes

242 2107 439 2166 demonstrare
466 2109 582 2184 sategit.
627 2107 667 2166 iit
696 2109 767 2183 qula
797 2109 884 2166 etiarn
916 2107 984 2166 huic
1006 2111 1095 2184 capiti
1130 2110 1212 2170 deest
1234 2118 1349 2182 textus,
1380 2121 1446 2190 cum
1468 2123 1525 2185 ego
1556 2118 1589 2167 ut

241 2197 333 2271 potui,
358 2199 526 2272 praesertim
550 2213 585 2254 ex
602 2192 762 2266 Macrobio,
787 2197 973 2266 concinnavi,
996 2205 1026 2254 at
1041 2195 1128 2255 simul
1152 2198 1264 2257 ostendi
1282 2201 1310 2254 in
1325 2201 1411 2270 notis,
1436 2197 1504 2276 qnid
1522 2197 1589 2254 huic

242 2282 468 2358 negotiosissit,
492 2299 551 2358 quo
573 2285 669 2341 minus
692 2283 850 2341 secuudum
873 2285 1082 2342 astronomiam
1097 2289 1248 2359 antiquam
1272 2285 1418 2346 succedat.
1464 2285 1499 2343 In
1522 2299 1588 2344 meo

242 2387 312 2428 vero
336 2385 423 2446 opere
446 2369 557 2429 nullam
574 2377 691 2447 partem
714 2385 777 2445 cap.
805 2372 853 2428 16.
876 2370 1099 2447 respondentem
1115 2372 1220 2446 habeo,
1245 2375 1301 2432 nisi
1316 2371 1443 2450 paucula
1465 2385 1500 2431 ss
1520 2374 1587 2450 ,epi-

124 2465 127 2470 '
243 2456 311 2532 logo
334 2457 409 2516 libro
433 2457 470 2514 V.
514 2457 590 2516 Nam
613 2456 772 2534 astrologia
795 2459 856 2533 agit
878 2457 914 2516 da
934 2458 1060 2516 eitimam
1077 2459 1227 2520 effectibus
1252 2463 1281 2518 iu
1296 2459 1395 2533 imre,
1419 2473 1502 2520 masa
1518 2471 1588 2519 aero

243 2545 383 2605 coelestes
405 2544 573 2606 harmoniae
595 2561 654 2604 non
677 2545 836 2604 formantur
859 2561 908 2619 per
928 2543 1027 2605 radios
1051 2548 1078 2602 in
1102 2547 1200 2620 Tarra,
1224 2547 1277 2609 aad
1299 2551 1328 2604 in
1352 2547 1430 2607 Sole.

329 2632 427 2708 Atque
451 2633 498 2694 irio
520 2633 585 2690 linis
608 2640 652 2692 est
675 2635 769 2710 operis
784 2632 971 2702 Ptolemaici,
995 2649 1060 2691 cum
1076 2652 1134 2709 quo
1151 2637 1240 2694 etiam
1254 2647 1397 2694 summam
1420 2633 1612 2712 appendicia·

246 2721 273 2776 in
298 2719 446 2778 vestibulo
474 2717 539 2779 libri
563 2720 599 2779 V.
630 2722 790 2796 promissae
818 2719 943 2792 finirem,
973 2721 1028 2778 nisi
1050 2739 1096 2780 me
1120 2737 1212 2781 terum
1242 2723 1367 2782 siduitas
1391 2724 1528 2782 invitaret
1550 2721 1587 2779 ad

245 2807 487 2867 barisiaciendum
510 2809 598 2866 etlam
621 2809 667 2880 iia,
691 2810 741 2882 qai
765 2819 782 2865 a
804 2825 850 2868 me
873 2808 1092 2882 contenderunt,
1118 2809 1349 2870 unliubona·
1370 2809 1590 2890 delineabat,

248 2894 354 2952 medici
377 2892 569 2968 (laoniensis,
600 2897 651 2971 qui
681 2895 786 2954 librum
816 2894 923 2954 abhinc
946 2911 1023 2954 anno
1052 2896 1088 2956 de
1110 2897 1305 2958 hliorocostno
1336 2903 1364 2956 et
1387 2897 1588 2956 Macroeosmo

243 2981 352 3041 editum
375 2982 551 3041 harmonicis
575 2977 869 3060 contemplationibus
892 2981 1042 3061 implevit,
1069 2987 1246 3046 mentionem
1261 2987 1297 3043 in
1320 2999 1387 3044 msc
1409 2998 1496 3064 opere
1517 2983 1588 3042 ber-

242 3072 358 3128 mouieo
382 3087 418 3128 ne
441 3072 613 3142 omitterem,
636 3069 688 3129 sad
712 3070 893 3129 ostenderem
916 3068 1015 3128 lectori
1039 3071 1150 3146 paucis,
1175 3075 1280 3148 quibus
1299 3074 1329 3130 ln
1344 3073 1431 3133 rebus
1454 3076 1589 3132 interme

244 3164 274 3216 et
295 3156 377 3215 illurn
400 3158 580 3228 conveniret,
605 3157 712 3232 quihus
736 3158 863 3216 vicissim
886 3157 1103 3218 dissideremus.
1118 3165 1156 3224 (1.1

329 3243 422 3319 Igitur
444 3253 546 3304 auctor
567 3243 618 3303 ille
642 3243 715 3304 duos
738 3252 832 3303 tomos
855 3254 900 3304 est
920 3245 1077 3321 pollicitus,
1101 3253 1223 3322 quadiu
1239 3261 1314 3304 unus
1337 3246 1374 3305 dc
1390 3257 1587 3306 macrocosmo
1674 3307 1677 3318 ,

244 3331 399 3408 inscriptos
426 3331 489 3407 jam
519 3332 614 3392 lacem
646 3332 733 3402 vidit,
766 3333 842 3391 alter
871 3332 908 3391 de
931 3334 1121 3392 ririarocosmo
1147 3333 1244 3392 adhuc
1266 3341 1459 3410 exspectatur·
1504 3331 1588 3392 Prior

245 3425 354 3491 tomus,
386 3425 526 3478 tractatus
557 3419 630 3479 duos
661 3415 846 3497 complexus,
877 3420 1022 3478 distinctis
1045 3422 1133 3478 etiem
1156 3422 1336 3496 temporibus
1365 3421 1488 3498 prodiit3
1520 3433 1586 3479 nam

244 3507 365 3583 primurn
389 3514 545 3566 tractatum
568 3506 604 3567 de
626 3501 736 3565 mrrndd
759 3507 862 3584 triplici
892 3514 958 3584 post
980 3506 1126 3566 nundinas
1148 3508 1405 3566 mnncoiortsnsaa
1431 3515 1588 3566 autumna·

152 3627 154 3632 ·
244 3592 286 3652 les
309 3595 377 3652 anni
403 3597 501 3666 lati,
533 3593 656 3653 alterum
680 3595 715 3653 de
738 3595 864 3668 artibus,
899 3611 972 3670 quas
994 3601 1116 3652 naturae
1139 3594 1303 3653 mandanae
1326 3596 1428 3654 sinrias
1450 3593 1586 3671 appellat,

246 3681 433 3758 paschalibus
455 3682 593 3740 nundinis
616 3683 685 3740 anni
707 3683 857 3756 sequentis
883 3683 975 3739 1618.
999 3681 1069 3739 vidi.
1097 3687 1156 3742 (11.)
1194 3681 1227 3738 ln
1244 3681 1337 3740 altero
1359 3685 1448 3758 igitur
1462 3689 1587 3742 tractatu

243 3769 318 3827 inter
338 3776 414 3828 artes
437 3770 596 3828 collocavit
617 3777 647 3828 ιι
668 3769 826 3842 musicam,
856 3766 1024 3846 compleras
1047 3768 1198 3826 materiam
1226 3766 1292 3827 libri
1322 3773 1380 3828 mei
1403 3772 1480 3830 tertii
1512 3780 1587 3844 aas·

201 3857 206 3866 “
244 3855 413 3931 damianum
434 3859 466 3914 in
489 3857 584 3934 priore
607 3869 677 3916 vero
700 3862 834 3927 tractatu,
859 3857 909 3930 qtsl
931 3854 1139 3933 septemlihris
1157 3852 1328 3930 absolvitur,
1351 3859 1467 3916 tertium
1484 3855 1586 3914 librum

244 3943 402 4003 destinarit
424 3947 553 4004 musicae
576 3943 751 4017 mundanae,
775 3943 890 4002 titulum
914 3944 1038 4003 eundem
1061 3956 1221 4018 usurpans,
1255 3955 1342 4018 quam
1366 3958 1421 4018 ego
1444 3946 1507 4002 toti·
1521 3957 1587 4003 meo

242 4033 322 4107 operi
346 4031 481 4108 praefixi,
505 4033 656 4090 materiam
679 4047 750 4089 vero
772 4031 838 4089 libri
861 4034 917 4090 mei
934 4031 986 4088 lV.
1011 4038 1041 4088 et
1053 4029 1090 4089 V.
1113 4032 1219 4106 attigit.
1239 4037 1312 4104 (111.)
1352 4031 1445 4108 Igitur
1467 4031 1505 4090 alr
1522 4031 1586 4105 ejus

243 4121 355 4178 musica
379 4118 523 4178 amicali
547 4117 689 4178 iaciamus
713 4120 836 4176 initium.
881 4117 985 4178 Tradit
1013 4116 1094 4175 illam
1116 4117 1199 4177 libris
1225 4125 1255 4194 i,
1287 4123 1315 4178 in
1343 4133 1465 4195 qucum
1495 4120 1587 4194 primo

240 4211 372 4266 recenset
395 4213 530 4266 auctores
553 4214 582 4264 et
605 4203 838 4264 nomenclaturae
861 4212 890 4264 et
913 4208 972 4265 vim
998 4207 1027 4262 iu
1050 4207 1164 4265 animos
1187 4206 1345 4267 hominum.
1392 4207 1437 4265 Da
1460 4202 1588 4266 auotori-

240 4293 296 4352 bus
319 4309 371 4352 seu
393 4293 515 4353 historia
537 4294 715 4351 inventionis
738 4309 793 4368 ego
816 4292 887 4350 nihil
912 4294 959 4354 vel
981 4298 1058 4352 cerie
1080 4303 1184 4369 panta,
1209 4297 1317 4372 quippe
1332 4307 1428 4354 meum
1446 4297 1587 4354 interitum

241 4389 294 4454 cst,
316 4397 411 4444 rerum
427 4381 603 4440 naturalium
627 4395 732 4438 causas
756 4381 962 4456 aperire(iv.p;
993 4379 1228 4441 nomenclaturae
1256 4382 1435 4442 necessarias
1458 4381 1587 4458 eomple-

241 4483 296 4526 xus
318 4483 382 4526 sum
406 4470 435 4526 in
459 4468 677 4527 definitionibus
699 4469 773 4526 mels
796 4468 919 4544 passim,
952 4467 1113 4543 superfluas
1137 4471 1230 4528 omisi.
1277 4470 1323 4529 Da
1353 4472 1381 4527 ti
1410 4471 1535 4528 musices
1558 4470 1586 4526 in

242 4557 345 4614 animis
376 4571 434 4631 ago
465 4556 517 4616 lib.
540 4554 595 4613 Ill.
626 4569 689 4630 cap.
718 4555 766 4613 15.
799 4560 827 4612 et
849 4553 923 4612 libro
945 4555 999 4614 IV.
1031 4556 1148 4630 passim.
1195 4556 1380 4616 insecundo
1413 4565 1515 4617 auctor
1541 4573 1588 4618 res

241 4643 321 4718 ipsas
344 4641 525 4720 aggreditur,
549 4657 622 4717 quas
646 4641 715 4701 dicit
739 4641 895 4700 intervalla
918 4645 947 4700 et
968 4649 1109 4719 tempora.
1155 4639 1281 4702 Rtlrsum
1305 4654 1360 4720 aga
1388 4643 1423 4704 de
1447 4646 1587 4719 tempori-

241 4730 298 4788 bus
326 4745 378 4788 aeu
406 4728 588 4804 longitudine
617 4729 665 4788 vei
694 4730 837 4788 brevitate
860 4742 996 4787 sonorum
1026 4728 1097 4785 nibil
1119 4727 1277 4790 admodum
1311 4730 1386 4806 dixl,
1418 4739 1487 4791 aunt
1508 4733 1586 4790 enirn

242 4817 413 4880 arbitrariae
427 4831 482 4878 uae
493 4815 623 4896 inligant
638 4817 828 4899 inquisitione
844 4829 1007 4884 eumarum.
1027 4819 1086 4900 (t.)
1121 4811 1282 4880 interualla
1297 4819 1443 4896 quaedam
1454 4816 1585 4896 appellat
1607 4825 1612 4840 ·
