3698 5534
757 339 841 402 Iii‘bar
856 345 889 400 V.
912 344 998 416 Capiti
1013 343 1062 400 IX.
1398 425 1404 444 ἱ
1512 363 1573 424 3η

231 519 296 576 edro
315 525 344 576 et
362 519 461 577 sociae.
497 519 714 576 Consentaneum
730 518 813 589 igitur
830 523 881 588 est,
901 518 981 573 etlam
999 517 1139 588 physicam
1156 521 1402 593 inscriptionemei
1422 537 1575 601 competere

231 613 281 652 nec
298 599 379 667 plane
396 596 585 652 tetraedrioam
603 612 654 652 uec
670 596 751 666 plane
769 594 1003 665 donemutham,
1023 597 1071 651 sed
1089 601 1195 664 generis
1212 602 1379 678 intermedii;
1407 616 1438 663 nt
1456 609 1520 678 quia
1537 616 1576 666 te·

230 676 355 732 trttdron
372 676 462 746 planis
479 677 631 745 pertingere
649 675 742 731 debuit
759 674 794 728 ad
807 690 940 744 sumntum
958 673 1039 743 orbis,
1059 675 1247 733 dodecatdmn
1265 697 1320 737 non
1338 687 1481 756 attingere,
1500 693 1575 743 certo

231 757 333 825 spatio:
348 756 406 825 jam
424 757 492 811 haee
510 755 635 810 aculeata
652 753 740 824 ligura
757 753 890 810 luteribus
907 754 1021 809 inversis
1038 755 1238 825 iuter'spatium
1255 760 1442 819 icosiedricnm
1460 771 1489 820 et
1505 765 1577 819 inter

232 834 305 890 orbis
323 834 445 904 inscripti
463 851 596 890 summum
614 841 675 901 stet
693 833 815 904 proxime
834 833 904 888 hunc
921 832 1102 888 summitatem
1119 835 1262 903 attingens,
1281 839 1304 892 si
1320 847 1410 895 tamen
1428 843 1508 898 etiam
1524 843 1578 898 ista

234 911 321 982 ligura
337 914 366 968 in
377 913 535 968 societatem
552 913 717 982 reliquorum
727 913 846 983 quinque
855 910 1030 968 adsumente
1039 911 1090 968 luit
1098 911 1226 984 legesque
1235 915 1311 986 istae,
1329 919 1463 976 smudbns
1473 920 1577 990 legibus

232 989 346 1060 illarum,
365 991 477 1047 tolerari
495 999 649 1062 potnerunt
667 991 725 1048 ino
744 992 809 1060 quid
828 989 887 1045 dico
905 991 1015 1046 tolerari
1032 993 1199 1060 potuerunt?
1217 992 1315 1063 quibus
1332 995 1395 1051 illae
1413 1014 1505 1054 carere
1522 1015 1576 1053 non
1594 1020 1598 1032 ¹

232 1077 386 1138 potnerunt.
424 1071 494 1126 Nam
513 1073 537 1124 si
553 1070 723 1127 dodeoaedro
742 1069 915 1140 competebat
931 1069 1073 1138 inscriptio
1091 1069 1167 1138 lara,
1186 1087 1236 1126 nec
1254 1073 1401 1144 attingens,
1421 1076 1486 1145 quid
1504 1076 1576 1132 aliod

217 1147 398 1204 ¹indefinitam
416 1149 489 1205 illam
506 1151 646 1206 laxitatem
664 1149 737 1204 intra
754 1157 845 1204 comta
863 1149 1021 1218 quantitatis
1039 1156 1127 1204 metus
1145 1156 1270 1206 oobrcero
1288 1155 1392 1222 potuit,
1412 1173 1492 1225 quam
1509 1156 1577 1210 baec

232 1227 393 1284 subsidiaria
409 1229 510 1300 figura,
538 1227 706 1285 dodeoaedro
725 1235 753 1283 et
770 1229 905 1284 icosiedro
924 1237 1056 1298 cognate,
1083 1229 1259 1300 inscriptione
1282 1248 1331 1287 sua
1357 1234 1479 1302 proxime
1498 1234 1577 1289 ettin-

233 1313 321 1376 gente,
339 1322 390 1362 nec
407 1306 469 1378 plus
487 1307 628 1364 deficiente
646 1308 680 1376 (si
697 1315 787 1362 temen
806 1306 907 1377 deficit)
929 1323 1010 1376 quem
1027 1307 1183 1362 tetraedron
1201 1310 1309 1366 excedit
1326 1319 1355 1366 et
1379 1320 1517 1385 penetrat,
1544 1313 1577 1367 de

232 1395 286 1454 qua
302 1385 451 1454 quantitate
466 1387 524 1456 jam
541 1388 569 1442 iu
587 1387 712 1456 sequenti
729 1402 846 1456 agemus.
1208 1399 1212 1407 “

319 1475 416 1539 Valde
444 1480 620 1540 versimilem
649 1479 743 1540 reddit
771 1479 846 1539 hano
874 1495 992 1538 musam
1021 1477 1114 1538 echini
1138 1479 1275 1538 associati
1308 1479 1422 1540 duabus
1444 1483 1578 1556 cognatis

234 1562 334 1640 liguris
358 1562 407 1649 (ut
429 1567 541 1628 scilieet
563 1567 799 1626 determinaretur
828 1557 977 1643 proportio
1001 1567 1114 1625 orbium
1137 1565 1240 1626 Martis
1263 1575 1293 1626 et
1315 1567 1454 1642 Veneris,
1490 1585 1578 1643 quam

233 1651 302 1712 illae
316 1653 496 1714 indefinitam
511 1653 707 1735 reliquerant),
730 1653 809 1731 quod
833 1655 979 1712 invenitur
1001 1653 1214 1714 semidiameter
1236 1655 1315 1716 orbis
1330 1654 1455 1716 Telluris
1470 1651 1579 1734 (1000)

234 1755 324 1817 prope
346 1740 503 1801 admodum
526 1743 621 1802 medio
649 1742 715 1802 loco
746 1740 970 1821 proportionalis
1000 1743 1073 1800 inter
1102 1741 1202 1800 orbem
1224 1741 1327 1802 Martis
1355 1742 1527 1821 perihelium
1550 1750 1580 1802 et

235 1825 356 1888 Veneris
378 1829 541 1907 aphelium:
565 1831 649 1906 quasi
672 1833 808 1907 spatium,
832 1828 911 1905 quod
934 1828 1053 1888 echinus
1070 1828 1198 1888 vindicat
1219 1831 1351 1906 cognatis
1373 1829 1481 1906 liguris,
1505 1833 1579 1890 inter
1660 1849 1675 1866 ··

235 1912 301 1974 illas
317 1925 432 1993 utpote
447 1917 557 1978 similes
572 1916 827 1995 proportionaliter
841 1916 881 1976 sit
895 1914 1031 1977 divisum.
1051 1923 1150 1989 (tectim
1162 1924 1270 1986 spectem
1288 1925 1345 1973 vide
1357 1925 1402 1976 itu.
1415 1927 1446 1974 v.
1458 1927 1500 1974 toi.
1509 1923 1578 1985 272t

322 2019 548 2098 Propositio
569 2020 712 2084 XLVIII.
755 2021 910 2097 Inscriptio
940 2019 1096 2096 figurarum
1126 2020 1301 2098 regularium
1323 2021 1482 2082 solidarum
1504 2027 1579 2084 inter

237 2107 320 2167 orbes
342 2105 520 2183 planetarios
550 2124 609 2167 uon
631 2110 685 2168 luit
706 2125 803 2168 morae
830 2107 991 2183 libertatis3
1022 2106 1234 2186 impediebatur
1262 2113 1338 2168 enim
1361 2112 1439 2169 circa
1459 2113 1579 2171 minima

237 2195 274 2254 ab
295 2195 454 2254 harmoniis
477 2199 551 2255 inter
573 2202 670 2255 motus
693 2204 836 2254 extremos
859 2197 984 2254 statutis.

319 2287 390 2340 Nam
407 2301 457 2354 per
473 2301 516 2360 aa.
537 2288 559 2340 1.
578 2293 606 2341 et
623 2287 805 2356 2..proportio
824 2287 929 2342 orbium
946 2288 1079 2356 oujttsqne
1097 2287 1200 2356 figurae
1224 2304 1278 2348 non
1295 2289 1356 2358 ipsa
1374 2302 1430 2357 per¹
1441 2303 1471 2342 se
1490 2288 1576 2358 ipsam

237 2361 389 2419 immediate
408 2363 500 2419 debuit
516 2365 638 2436 exprimi,
656 2365 704 2420 sed
716 2364 850 2434 perillam
862 2365 1032 2434 quaerendae
1044 2366 1121 2436 prius
1137 2365 1248 2421 luerunt
1264 2368 1436 2436 motibusque
1453 2367 1580 2422 extremis

236 2443 478 2500 accommodandae
495 2443 659 2514 harmoniae,
676 2445 744 2514 ipsis
762 2445 866 2500 orbium
883 2445 1103 2515 proportionibus
1122 2446 1355 2503 familiarissimae.

321 2522 434 2594 Deinde,
453 2530 484 2578 ut
499 2539 549 2593 per
567 2540 611 2578 ax.
631 2525 671 2580 te.
689 2525 731 2580 20.
750 2523 905 2580 harmoniae
924 2521 1088 2580 universales
1101 2524 1216 2581 duorum
1234 2539 1362 2594 generum
1380 2541 1441 2582 esse
1458 2532 1579 2596 possent,

236 2595 360 2654 fermenti
376 2603 498 2656 nonnihil
516 2602 578 2658 addi
597 2603 716 2672 oportuit
734 2601 880 2658 harmoniis
898 2602 1063 2670 singularum
1080 2602 1203 2672 bigarum
1227 2601 1376 2670 majoribus
1392 2618 1443 2673 per
1460 2603 1579 2658 rationes

235 2679 407 2747 posteriores,
426 2681 464 2738 Ut
479 2682 561 2754 igitur
578 2683 631 2738 ista
648 2690 720 2738 stare
737 2689 850 2754 possent
867 2683 976 2754 suisque
994 2683 1111 2754 propriis
1130 2684 1179 2738 niti
1197 2684 1355 2753 rationibus,
1374 2682 1582 2751 requirebantur

237 2756 378 2813 intervalla
397 2760 554 2839 dissidentia
571 2762 692 2816 nonnihil
718 2762 752 2816 ab
770 2761 819 2829 iis,
846 2777 916 2830 qnae
942 2772 1006 2816 sunt
1029 2777 1063 2816 ex
1089 2761 1264 2830 inscriptione
1288 2761 1410 2831 perfecta
1434 2759 1581 2828 figurarum

237 2836 307 2890 inter
324 2837 421 2908 orbes,
447 2839 551 2910 legibus
570 2846 690 2895 motuum
717 2855 775 2908 cap.
794 2841 818 2897 3.
837 2840 988 2909 explicatis.
1025 2840 1057 2894 ld
1084 2847 1114 2895 nt
1132 2839 1324 2908 comprobetur
1350 2845 1377 2892 et
1395 2847 1425 2894 ut
1442 2839 1580 2908 appareat

238 2921 366 2982 quantum
384 2917 530 2989 derogetur
556 2919 669 2987 nugulis
686 2917 780 2986 figuris
806 2935 855 2987 per
873 2917 1026 2990 harmonias
1052 2919 1168 2991 propriis
1186 2918 1338 2973 rationibus
1356 2917 1503 2974 stabilitas:
1531 2933 1580 2986 age

238 3007 273 3046 ex
290 2992 343 3048 illis
360 3005 532 3054 exstruamus
549 2996 692 3053 intervalla
707 2998 877 3068 planetarum
896 2997 988 3053 eSole
1005 3013 1074 3066 nova
1091 2998 1179 3054 forma
1197 2997 1293 3053 calculi
1310 3013 1361 3052 neo
1378 3003 1460 3052 autea
1477 3001 1582 3050 tentata

238 3087 415 3143 aqnoquam.
1531 3101 1534 3114 ¹

325 3158 417 3218 Erunt
438 3170 536 3221 autem
558 3163 755 3239 inquisitionis
785 3161 874 3239 hujus
896 3164 953 3222 tria
980 3164 1093 3241 capita:
1121 3163 1248 3238 primum
1277 3177 1313 3221 ox
1342 3159 1484 3237 cujusque
1513 3157 1581 3234 pla-

238 3252 324 3303 netae
347 3249 474 3308 motibus
505 3251 580 3310 binis
613 3253 748 3310 extremis
777 3251 957 3326 inquirantur
982 3251 1046 3326 ejus
1070 3257 1103 3308 et·
1129 3249 1207 3309 Solis
1230 3246 1385 3308 intervalla
1407 3245 1508 3305 itidem
1530 3263 1583 3305 er·

239 3340 340 3406 trema,
364 3351 400 3393 ex
421 3339 457 3395 iis
479 3337 576 3398 radius
599 3338 677 3397 orbis
699 3339 729 3397 in
750 3336 802 3398 illa
822 3347 1014 3397 extremorum
1037 3336 1256 3397 intervallorum
1278 3335 1458 3394 dimensione
1481 3333 1582 3408 eujus·
1620 3400 1627 3415 x

240 3435 296 3496 que
318 3419 453 3496 planetae
475 3425 601 3501 propiis.
646 3425 797 3500 Secundo,
826 3443 861 3484 en
883 3424 986 3484 iisdem
1007 3425 1136 3484 motibus
1168 3425 1320 3496 extremis,
1350 3423 1379 3479 in
1401 3421 1582 3480 dimensione

240 3509 375 3568 omuibus
402 3511 519 3584 eadem,
558 3515 737 3590 inquirantur
766 3519 862 3572 motus
894 3511 983 3571 medii
1018 3528 1175 3586 corumque
1205 3511 1364 3588 proportio.
1415 3507 1514 3566 Tertio
1546 3523 1581 3564 ex

240 3599 425 3674 proportione
448 3608 579 3660 motuum
600 3600 764 3660 mediorum
783 3600 845 3676 Jam
868 3600 1015 3676 patefacta
1036 3599 1185 3675 proportio
1208 3599 1322 3656 orbium
1345 3612 1396 3656 seu
1420 3593 1582 3654 mediorum

242 3684 461 3746 intervallorum
481 3689 706 3764 investigabitur
735 3693 764 3747 et
792 3704 852 3746 una
874 3690 962 3746 etlam
984 3695 1194 3758 extremorum,
1228 3683 1338 3760 illaque
1367 3683 1583 3760 coruparabitur

242 3787 307 3829 oum
330 3776 565 3850 proportionibus
588 3775 767 3852 figuralibus.

331 3857 417 3934 Quod
438 3853 562 3938 primum
584 3865 701 3922 attinet:
732 3858 919 3938 repetendum
942 3867 987 3920 est
1015 3877 1050 3920 ex
1073 3877 1137 3936 cap.
1154 3860 1183 3919 3.
1206 3873 1326 3917 numero
1350 3859 1389 3932 6,
1414 3853 1493 3931 quod
1515 3870 1585 3931 pro·

243 3947 338 4023 portio
360 3955 490 4009 motuum
514 3958 706 4010 extremorum
737 3951 776 4008 sit
798 3947 887 4025 dupla
918 3948 1114 4025 proportionis
1137 3963 1256 4008 eversae
1277 3943 1514 4024 respondentium
1536 3943 1586 3998 iu-

243 4033 430 4094 tervaliorum
454 4054 472 4096 a
494 4035 573 4098 Sole.
618 4037 691 4096 Cum
713 4037 801 4113 igitur
824 4038 912 4096 etiem
935 4033 1142 4111 quadratorum
1170 4035 1318 4114 proportio
1341 4034 1380 4091 sit
1402 4029 1493 4106 duple
1513 4044 1585 4105 pro·
1661 4027 1673 4044 ⁴

241 4124 382 4198 portionis
404 4141 522 4183 suorum
544 4125 681 4198 laterum,
705 4140 774 4201 ergo
796 4127 917 4200 numeri,
941 4123 1048 4201 quibus
1063 4127 1184 4182 eruemi
1207 4129 1304 4182 motus
1326 4117 1507 4194 eirtgulorum
1530 4121 1598 4176 ex-'

242 4211 416 4284 pumuntur,
447 4211 706 4271 considerabuntur
737 4218 769 4269 ut
795 4209 929 4288 quadrati
958 4219 987 4269 et
1017 4213 1168 4286 quaesitae
1190 4208 1306 4268 illorum
1335 4205 1448 4266 radices
1471 4203 1584 4263 dabunt
1666 4254 1669 4264 .

243 4303 371 4355 extrema
392 4298 561 4373 intervalla,
595 4315 717 4375 quorum
744 4297 829 4358 tache
852 4303 896 4358 est
925 4295 1052 4356 medium
1074 4295 1286 4356 arithmeticum
1308 4297 1439 4368 accipere
1460 4308 1513 4368 pro
1535 4308 1584 4350 se-

243 4381 425 4444 midiametro
467 4387 546 4446 orbis
581 4394 611 4446 et
646 4387 869 4446 eccentrioltate.
925 4384 1019 4460 Igitur
1054 4385 1224 4444 harmoniae
1258 4383 1401 4444 hacteuus
1435 4377 1585 4440 stabilitae

245 4473 507 4548 praescripserunt:
