3732 5528
735 374 737 381 .
855 320 996 390 tnctogir.
1420 333 1426 358 ¹
1533 326 1597 386 sne

154 534 157 543 ·
250 505 279 559 ct
306 501 493 577 patientiam,
524 517 612 578 qnam
641 499 872 578 hyperphysicas
903 504 967 580 typi
996 509 1025 562 ct
1056 501 1215 579 archetypi.
1268 502 1333 562 Non
1363 502 1466 578 culpo,
1495 501 1597 574 habes,

249 586 350 661 iatam,
375 591 472 652 socios
495 591 524 646 iu
547 587 604 649 hoc
626 605 682 648 usu
705 590 801 659 vocis,
824 588 1015 668 philosophos
1040 592 1176 661 eximios,
1205 589 1274 648 dum
1296 589 1402 658 ludunt
1423 593 1452 647 iu
1475 592 1599 666 poema-

250 675 350 754 tibus,·
364 691 439 751 quos
463 678 537 736 inter
560 683 589 736 et
604 675 735 747 Procius,
761 676 844 752 cujus
867 675 915 736 hic
936 685 981 736 est
1004 677 1040 737 de
1055 677 1178 737 Phoebo
1196 677 1355 738 versiculus
1370 677 1420 737 sol.
1437 693 1502 736 meo
1519 677 1596 735 325:

707 765 828 842 Κιθαρῃ
850 759 907 825 ὑπο
930 767 1060 826 usmeta
1081 767 1200 838 aaran»

545 845 670 920 Εὗίιιζιι
691 873 762 930 μιγιις
785 871 860 925 uuna
882 853 1111 930 βαρυφλοισβοιο
1135 854 1281 931 γενεθλης,

252 937 458 1005 suavissimam
480 939 605 996 innuens
628 937 810 998 harmoniam
841 941 915 998 iuter
937 955 1045 1000 marem
1069 949 1099 998 ct
1121 940 1259 998 feminam
1281 941 1318 996 'iu
1341 946 1408 998 ectu
1432 939 1599 1014 generatio·
1723 963 1726 978 -

253 1029 314 1098 nls3
337 1032 367 1083 ct
390 1026 438 1084 hic
460 1023 498 1084 de
520 1024 653 1085 Paeane:

488 1134 491 1142 ’
543 1112 667 1188 [ilpunc
688 1105 824 1188 dehusone
844 1133 1047 1190 naranqpmcc
1067 1110 1158 1198 educa
1180 1133 1300 1188 monos,

193 1215 197 1221 ·
251 1197 340 1274 quod·
353 1198 486 1276 intelligo
509 1197 545 1258 dc
568 1200 728 1257 omnifariis
751 1198 927 1258 naturalium
949 1203 1111 1260 motionum
1133 1199 1327 1260 successibus.

334 1285 444 1358 Patior,
467 1289 594 1363 inquam,
619 1297 647 1346 tc
671 1287 793 1346 vocibus
817 1289 858 1346 uti
882 1288 1022 1346 arbitratu
1046 1296 1109 1362 tuo,
1129 1288 1202 1346 illud
1225 1297 1323 1348 tamen
1346 1283 1511 1348 necebeurio
1532 1305 1599 1348 mc-

255 1390 323 1443 neo,
343 1381 373 1434 tc
396 1375 451 1432 sub
475 1375 530 1434 hae
553 1374 745 1449 ambiguitate
767 1372 931 1434 latitantem
954 1375 1094 1452 plurimas
1117 1379 1226 1453 passim
1249 1376 1349 1434 turbas
1364 1379 1499 1448 excitare,
1523 1389 1599 1452 quae

252 1460 368 1520 detecta
399 1464 644 1538 aequivocatione
677 1459 814 1520 facillime
846 1465 1008 1539 sopiuntur.
1052 1464 1124 1524 ,Αιιι
1153 1465 1176 1521 si
1207 1464 1303 1538 detegi
1337 1479 1395 1522 non
1426 1469 1523 1539 potest
1552 1465 1600 1536 (ut

251 1547 368 1624 quidem
400 1547 456 1607 boc
485 1553 550 1624 ipso
580 1549 645 1608 loco
668 1547 767 1624 plures
795 1550 835 1606 iu.
853 1558 905 1608 tuo
927 1550 1110 1616 hcrnronicc
1130 1551 1238 1610 nucleo
1264 1567 1316 1609 seu
1338 1549 1474 1609 medulla
1495 1566 1599 1608 sensus

251 1635 358 1709 latent,
383 1653 471 1712 quam
494 1651 576 1695 meus
598 1644 701 1714 stupor
724 1639 827 1712 capere
850 1639 975 1715 possit),
1007 1647 1075 1696 tunc
1099 1639 1186 1696 irritis
1209 1639 1364 1697 conatibus
1387 1637 1617 1713 congredimur„

251 1725 366 1800 quaerit
388 1723 553 1783 involutum
576 1732 743 1799 tectumque
773 1723 863 1784 lorica
885 1725 1083 1801 inexplicabili
1108 1725 1258 1784 hamulum
1288 1724 1430 1784 anhelans
1460 1726 1522 1784 iera
1545 1725 1599 1784 de-

250 1814 379 1887 seritque
409 1827 469 1870 uon
498 1813 669 1886 inventum;
699 1813 852 1870 frustratur
882 1829 935 1872 sua
964 1813 1117 1888 voluptate
1146 1821 1310 1891 spectator3
1340 1812 1450 1872 nullm
1479 1815 1600 1889 inquam

253 1899 346 1958 lector
367 1899 523 1959 utilitatem
547 1902 627 1976 capit
649 1917 685 1958 ex
710 1901 925 1958 concertatione
948 1899 1132 1959 tenebrarum
1157 1895 1307 1980 plena.⁴¹)
1353 1910 1356 1916 '

339 1987 391 2046 Ad
414 1987 602 2064 Analysin
626 1986 685 2066 X„
714 1986 881 2064 Propterea,
905 1989 1033 2062 inquam,
1060 1988 1139 2064 quud
1162 1987 1212 2047 ille
1235 1991 1317 2065 praui
1341 1988 1436 2062 magis
1458 1984 1599 2060 indulget,

199 2117 201 2122 -
250 2089 305 2149 ego
327 2075 475 2146 theoriae,
509 2077 564 2150 ipsi
594 2074 713 2150 quidem
735 2075 866 2150 picturae
889 2085 958 2148 suut
981 2073 1167 2146 commodae,
1199 2075 1270 2146 mihi
1294 2075 1484 2134 theoremata
1529 2074 1596 2132 Non

250 2163 386 2236 injuriam
409 2163 462 2222 tibi
486 2161 557 2233 leci,
591 2161 736 2236 Roherte3
765 2160 878 2218 nullum
907 2164 935 2218 iu
965 2179 1054 2239 opere
1077 2171 1127 2220 tuo
1151 2163 1200 2220 tiri
1230 2167 1341 2239 etipvnu
1367 2159 1518 2234 inuidiae,
1541 2160 1601 2238 ¹sed
1647 2189 1651 2198 ι

250 2265 324 2326 opus
346 2249 446 2310 lectori
463 2269 481 2308 a
497 2267 551 2308 sua
565 2252 686 2326 propria.
697 2259 769 2308 note
782 2250 934 2324 descripsi,
950 2259 983 2308 ut
999 2251 1096 2326 sciret,
1113 2253 1164 2326 qui
1178 2249 1307 2310 nondum
1320 2251 1399 2321 emit,
1414 2251 1599 2308 inventurum

251 2355 282 2395 se
306 2337 384 2412 quod
416 2336 557 2409 delectet,
589 2345 676 2414 prout
706 2338 854 2411 ingenium
876 2338 963 2396 luerit
985 2335 1120 2396 hominis.
1165 2337 1241 2396 Nem
1272 2347 1302 2396 et
1323 2337 1444 2413 picturis
1474 2352 1510 2395 ex
1532 2351 1600 2396 aere

253 2424 385 2484 abundat
409 2441 533 2483 excusus
556 2423 639 2496 liber,
663 2429 692 2482 st
715 2430 777 2482 tute
799 2425 863 2499 ipsc
886 2422 1002 2501 analysi
1016 2424 1073 2484 ΙΙΙ.
1095 2424 1182 2483 modo
1198 2426 1378 2498 recensuisti,
1402 2423 1509 2498 quibus
1532 2430 1601 2482 uta·

252 2514 290 2571 ris
313 2513 436 2588 picturis
459 2515 487 2568 in
505 2514 599 2570 vicem
614 2513 765 2582 sermonis,
789 2511 907 2588 templo,
932 2511 1084 2584 columnis,
1107 2511 1343 2589 hieroglyphicis,
1367 2510 1496 2588 speculo,
1521 2513 1600 2584 turri,
1694 2515 1696 2520 '

250 2599 461 2676 triangulorum
484 2599 599 2675 ligerim
630 2598 668 2658 ad
692 2615 765 2673 quas
788 2606 819 2656 tu
842 2600 883 2656 ihi
906 2599 963 2657 loci
993 2615 1051 2657 uon
1076 2599 1161 2657 aliter
1184 2615 1342 2676 provocas,
1373 2615 1462 2674 quam
1484 2597 1600 2657 methe-

252 2690 376 2746 metlces
398 2686 507 2762 aliquis
529 2686 567 2745 ad
590 2703 660 2744 suas
681 2688 896 2763 propositiones
920 2695 949 2744 et
971 2686 1166 2757 theoremata,
1190 2703 1323 2763 quasque
1346 2689 1436 2746 etiam
1457 2685 1514 2744 hac
1536 2687 1601 2761 ipse

252 2775 329 2835 sual.
345 2773 388 2832 X.
412 2791 465 2852 pro
489 2773 750 2849 diagrammatihue
773 2775 831 2832 tuis
855 2773 957 2834 heberi
980 2777 1035 2832 vis.
1082 2773 1158 2847 Quin
1182 2777 1270 2834 etiam
1296 2775 1396 2832 lateris
1419 2776 1539 2845 iterato,
1571 2783 1600 2830 te

249 2864 379 2940 picturus
404 2861 608 2927 introduxisse
641 2860 789 2938 plurimae.
836 2860 895 2920 Cur
930 2863 1018 2936 igitur
1041 2861 1220 2921 succenses?
1265 2863 1311 2920 Αιι
1336 2860 1511 2936 exprobravi
1545 2861 1599 2919 tibi

248 2951 360 3026 ligures
383 2956 417 3008 ut
438 2948 575 3020 insulsas,
599 2955 631 3006 ut
654 2947 803 3006 dedecus?
848 2947 907 3007 Gur
928 2951 1016 3024 igitur
1038 2952 1123 3024 quael
1145 2955 1278 3007 mutuum
1298 2964 1453 3026 reponeres
1475 2957 1504 3006 et
1519 2962 1600 3006 meas

249 3039 312 3115 ipse
334 3037 443 3112 ligures
473 3051 622 3112 recenses,
654 3052 729 3110 quae
756 3043 853 3094 tamen
884 3053 941 3094 uon
973 3044 1042 3095 sunt
1063 3036 1144 3096 aliud
1169 3053 1258 3112 quam
1281 3035 1517 3112 diagrammata?
1565 3035 1601 3094 tlt

249 3141 337 3201 quem
368 3127 398 3182 iu
427 3127 596 3200 tegentium
618 3139 791 3198 agnoscam,
824 3124 873 3198 qui
898 3123 988 3183 verba
1015 3123 1223 3200 indifferentia,
1247 3141 1311 3183 cum
1335 3122 1472 3184 facillime
1496 3141 1599 3199 posses

251 3215 280 3270 in
304 3213 413 3271 honam
435 3213 567 3288 accipere
590 3219 716 3287 partem,
747 3213 841 3269 mavis
870 3213 901 3267 iu
925 3211 1053 3270 malam?
1096 3211 1169 3270 'luia
1191 3213 1311 3288 picturis
1343 3229 1409 3270 mea
1432 3214 1607 3292 comparavi

251 3299 472 3377 diagrammate,
496 3300 591 3358 lassus
613 3299 718 3366 librum
741 3315 837 3357 meum
860 3315 919 3356 nou
942 3316 1036 3372 acque
1058 3307 1147 3374 atque
1172 3309 1253 3356 tuum
1277 3307 1410 3357 ornatum
1435 3315 1514 3368 esce,
1545 3315 1599 3356 uec

250 3388 376 3446 lutrarum
399 3387 436 3446 ad
459 3394 576 3462 gustum
599 3386 716 3446 lectoris
737 3383 913 3460 cujuslibet3
937 3389 1077 3444 excusavi
1101 3387 1177 3445 hunc
1201 3379 1344 3444 deiectum
1367 3403 1386 3444 a
1408 3385 1598 3460 professione,

250 3491 315 3533 cum
343 3491 400 3548 ego
426 3473 664 3532 mathematicum
696 3489 792 3548 agam.
838 3473 879 3529 At
909 3481 940 3530 tu
969 3471 1037 3529 hinc
1070 3475 1250 3541 immunitam
1280 3474 1378 3530 nescio
1402 3489 1490 3547 quam
1514 3471 1596 3532 dicis.

250 3561 428 3622 ductantium
458 3561 558 3620 odi=et
581 3559 701 3634 damno,
735 3559 787 3616 aed
809 3560 839 3615 in
860 3557 975 3633 pulpito
999 3567 1080 3617 stans
1102 3558 1268 3616 discrimina
1297 3575 1391 3616 renim
1415 3557 1596 3617 dissimulare

251 3665 308 3708 non
331 3667 464 3727 possum3
488 3649 658 3706 invitandus
682 3653 726 3705 cst
748 3645 819 3704 mihi
841 3643 1002 3721 discipulus
1025 3643 1063 3704 ad
1085 3645 1354 3704 mathematicorum
1379 3645 1596 3722 disciplinarum

251 3735 392 3809 studium,
423 3735 668 3813 suppeditandum
691 3736 789 3792 animo
812 3734 924 3791 sincero
947 3732 1119 3811 consilium,
1147 3750 1206 3807 quo
1229 3749 1373 3808 quemque
1405 3732 1478 3791 libro
1497 3733 1596 3808 juvari

251 3820 475 3898 existimem.⁴²)
520 3823 623 3882 Liceat
645 3823 716 3880 mihi
739 3824 899 3892 etiamnum
919 3819 1047 3896 prolerre
1070 3837 1173 3879 vocem
1195 3821 1289 3897 megin
1311 3819 1435 3878 claram:
1459 3823 1510 3896 qui
1531 3837 1597 3878 me·

249 3913 471 3972 thematicarum
500 3909 717 3987 disciplinarum
749 3907 950 3969 certitudinem
981 3917 1076 3981 amat,
1106 3907 1172 3984 plus
1201 3906 1251 3966 ille
1281 3910 1378 3983 capiet
1405 3908 1538 3967 utilitatis
1567 3910 1596 3964 iu

250 4009 332 4078 parte
355 3999 576 4059 mathematicos
599 3997 768 4061 harmonica
789 3995 981 4072 perdiscenda
1005 4013 1040 4056 cx
1056 4013 1143 4073 opere
1159 4011 1225 4054 meo
1242 3994 1483 4066 harmonicorum,
1508 4012 1596 4072 quam

250 4106 286 4148 cx
309 4088 429 4148 Roherti
454 4086 490 4146 de
512 4086 673 4146 Fluctibus.
721 4082 778 4159 Qui
801 4100 871 4142 vero
895 4084 1044 4160 ingenium
1066 4083 1253 4160 philosophia
1275 4086 1399 4159 myctica
1424 4078 1515 4164 (quae
1548 4099 1597 4159 per

249 4179 419 4253 aenigmata
446 4172 522 4232 tradi
549 4168 657 4252 solet),
680 4173 781 4230 oculos
810 4173 930 4248 picturis
953 4187 1072 4248 pascere
1095 4173 1190 4248 eupit,
1224 4169 1303 4246 quod
1326 4169 1454 4246 quaerit,
1479 4173 1507 4228 in
1530 4187 1596 4232 meo

250 4263 326 4324 libro
349 4279 406 4322 non
430 4261 570 4320 inveniet.
578 4255 618 4336 ⁴³)
734 4295 735 4300 κ

341 4349 396 4409 Ad
420 4349 602 4425 Aualysin
625 4345 684 4406 Xl.
727 4347 786 4405 Hic
808 4363 911 4406 ausam
933 4347 1063 4421 aliquam
1085 4347 1238 4418 invenisti,
1262 4345 1402 4416 Roherte,
1433 4345 1504 4404 mihi
1528 4362 1596 4404 cue-

252 4437 396 4511 censendi3
421 4444 502 4496 teuee
526 4437 603 4494 enim
626 4451 672 4492 rne
696 4434 792 4494 verbis
815 4437 904 4507 meis,
935 4433 1055 4512 perinde
1078 4451 1112 4492 ac
1134 4435 1158 4492 si
1182 4450 1237 4509 ego
1260 4449 1325 4490 mea
1347 4433 1405 4491 luci
1428 4450 1597 4509 comparas-

253 4514 330 4599 se'm,
362 4532 414 4584 tua
446 4524 544 4582 omnia
572 4521 708 4582 tenebris.
753 4521 863 4580 Verum
896 4523 921 4580 si
951 4521 1071 4596 paulum
1100 4527 1128 4578 te
1152 4523 1299 4580 continere
1329 4520 1367 4578 ab
1396 4521 1596 4596 indignatione

253 4615 379 4690 poteris,
408 4611 533 4672 ciliciam
564 4607 738 4671 declarando
766 4623 833 4666 mea
864 4607 969 4680 verba,
994 4616 1026 4664 ar
1056 4623 1114 4666 non
1137 4611 1249 4667 tautum
1280 4607 1309 4664 iu
1339 4615 1367 4664 te
1399 4607 1481 4666 dolor
1508 4609 1597 4666 animi

253 4707 426 4778 conceptue,
457 4707 544 4778 quarn
567 4697 665 4761 vernis
688 4695 802 4756 acerbis
825 4695 956 4770 testeris,
985 4695 1157 4776 mitigetur,
1175 4693 1228 4756 sed
1250 4695 1337 4760 etiam
1361 4692 1466 4773 lector,
1495 4687 1595 4774 niqui
