3676 5536
284 346 348 404 254
441 338 444 348 ’
696 339 740 394 De
759 336 1021 407 Gonilgmatlonibus
1036 337 1218 412 xHermonicis.

370 517 428 578 Hic
452 516 537 578 valde
559 535 605 578 me
629 517 811 577 confirmavit
832 515 863 575 id
885 518 996 592 ipsum,
1024 516 1103 592 quod
1126 516 1216 575 alium
1238 517 1370 593 aliquem
1393 517 1554 576 absterrere
1576 533 1631 592 po·

283 608 347 674 tuit,
371 607 482 666 scillcet
505 605 582 682 quod
604 623 662 664 non
685 621 798 682 semper
820 602 858 662 ad
880 605 1020 662 amussim
1043 604 1219 680 respondent
1241 607 1449 664 commotiones
1472 612 1631 681 tempesta-

283 703 345 752 tum
370 695 551 769 aspectibur;
575 692 626 752 sad
643 692 733 752 Terra
755 692 879 752 subinde
903 693 1002 767 segnis
1027 692 1140 750 videtur
1162 701 1191 750 et
1214 701 1385 765 contumax,
1419 692 1479 750 alio
1501 701 1631 766 tempore

282 779 405 859 (scilieet
426 791 494 857 post
516 797 619 856 graves
642 788 672 838 et
694 779 844 838 diuturnas
867 775 1128 860 configurationes)
1151 781 1338 852 exacerbata,
1363 779 1497 855 indulget
1519 795 1631 855 evapo-

282 870 452 941 rationibus,
476 872 563 928 etiam
586 870 648 926 sine
670 875 842 944 aspectuum
865 867 1091 926 continuatione.
1122 866 1186 924 Non
1211 876 1255 925 est
1279 870 1386 943 quippe
1409 866 1500 926 Terra
1523 866 1631 925 animal

283 955 350 1028 tale,
375 955 461 1031 quale
484 957 577 1028 canis,
601 953 776 1038 edomitam
799 962 900 1012 nutum
923 961 1104 1029 promptum,
1134 954 1184 1011 sed
1208 954 1284 1027 tale,
1309 954 1395 1030 quale
1419 955 1472 1014 bos
1495 962 1546 1012 aut
1569 953 1631 1012 ele-

283 1044 365 1123 phas,
390 1044 501 1102 taxdum
524 1042 562 1101 ad
585 1044 656 1100 iram
680 1051 820 1117 tantoque
843 1041 1008 1112 violentius,
1033 1059 1098 1100 cum
1121 1041 1286 1100 excanduit.

370 1129 451 1205 Quae
474 1129 611 1204 analogia
640 1146 705 1188 cum
735 1129 904 1188 succederet
925 1129 1032 1202 effecit,
1065 1137 1097 1187 ut
1128 1128 1249 1187 eandem
1279 1129 1400 1188 ulterius
1432 1145 1631 1216 prosequerer,

283 1235 453 1295 comparans
475 1222 563 1276 etiam
585 1233 707 1294 corpora
730 1221 908 1275 animantum
930 1233 997 1274 cum
1028 1231 1147 1292 corpore
1170 1215 1296 1274 Terrae:
1333 1216 1468 1275 videbam
1492 1215 1631 1293 pleraque

283 1310 397 1377 omine,
420 1323 496 1382 quaa
519 1321 554 1364 cx
577 1321 696 1380 corpore
719 1306 875 1362 animantis
897 1304 1101 1378 provenientia
1130 1311 1274 1362 testentur
1305 1307 1432 1362 animem
1456 1306 1483 1360 in
1507 1303 1557 1362 illo
1581 1307 1628 1360 in·

283 1410 356 1466 esse,
379 1395 531 1469 provenire
554 1394 642 1452 otiam
666 1410 701 1452 ex
723 1389 848 1452 Telluris
872 1407 1000 1466 corpore.
1041 1387 1081 1449 Ut
1103 1392 1180 1448 euim
1202 1407 1306 1468 corpus
1331 1393 1359 1448 in
1382 1393 1456 1449 cutis
1479 1389 1631 1466 superficie

282 1479 367 1558 pilos,
391 1483 433 1539 sic
457 1479 547 1539 Terra
568 1478 686 1556 plantas
707 1481 884 1553 arboresque
907 1479 1015 1554 profert
1037 1480 1125 1552 inque
1148 1481 1183 1537 iis
1206 1480 1247 1537 ibi
1270 1478 1413 1554 pediculi,
1444 1477 1492 1536 hic
1515 1494 1629 1550 erucae,

169 1577 174 1598 ¹
282 1568 400 1627 cicadae
423 1571 565 1643 variaque
587 1569 698 1626 insecta
721 1575 749 1625 et
765 1575 894 1624 monstra
917 1567 1029 1623 marina
1044 1573 1219 1639 nascuntur;
1243 1574 1272 1624 et
1295 1575 1327 1624 ut
1349 1582 1453 1642 corpus
1476 1565 1630 1642 lacrymas,

284 1655 418 1715 blancam
439 1657 611 1730 auriumque
632 1660 818 1726 recrementa,
843 1661 889 1711 est
912 1653 961 1711 ubi
985 1663 1014 1710 et
1035 1655 1145 1727 gummi
1168 1669 1204 1710 ex
1226 1653 1310 1712 laciei
1334 1652 1469 1729 pustulis,
1494 1655 1536 1711 sic
1559 1652 1630 1711 Tal-

282 1742 328 1802 lus
351 1743 505 1815 electrum,
530 1743 675 1816 bitumum
703 1749 794 1816 utque
815 1741 916 1798 vesica
937 1743 1064 1812 urinam,
1096 1741 1138 1798 sic
1161 1748 1273 1798 montes
1296 1740 1416 1798 flumine
1438 1739 1578 1814 lundunt3
1602 1749 1632 1798 et

283 1841 316 1890 ut
338 1847 441 1906 corpus
465 1839 677 1888 excrementum
693 1827 841 1904 sulphurei
863 1822 960 1885 odoris
975 1830 1169 1903 crepitusque,
1191 1829 1240 1903 qui
1264 1831 1352 1886 etiam
1367 1827 1537 1887 inflammari
1560 1842 1631 1904 pos-

284 1928 360 1992 sunt,
384 1921 427 1976 sio
449 1916 539 1976 Terra
560 1915 690 1993 sulphur,
714 1918 797 1991 ignes
818 1915 1039 1987 subterraneos,
1063 1918 1205 1986 tonitrua,
1228 1915 1355 1991 iulgurat
1381 1926 1471 1990 utque
1495 1917 1522 1971 in
1546 1917 1630 1972 venis

285 2006 440 2064 animantis
462 2013 616 2080 generatur
637 2005 757 2079 sanguis
780 2011 890 2061 etcum
912 2018 947 2060 eo
970 1999 1067 2072 sudor,
1092 2010 1173 2060 extra
1188 2018 1293 2078 corpus
1316 2003 1435 2078 ejectus,
1459 2003 1501 2060 sic
1524 2005 1553 2059 io
1576 2019 1630 2060 ve-

284 2095 328 2152 nis
351 2091 457 2152 Terrae
479 2090 598 2152 metalla
621 2099 650 2150 et
671 2091 785 2150 lossilia
809 2105 957 2167 vaporque
980 2089 1106 2166 pluvius.

371 2177 492 2257 Oportet
515 2181 618 2255 igitur,
641 2185 675 2237 ut
696 2181 772 2238 siout
795 2179 954 2236 animantia
976 2176 1089 2250 reliquo
1111 2177 1208 2234 cibum
1229 2183 1392 2252 potumque
1415 2175 1561 2248 hauriunt,
1585 2177 1628 2234 sic

284 2270 373 2328 etiam
395 2266 496 2327 Tellus
518 2265 670 2326 canalibus
693 2268 778 2325 certis
801 2263 913 2341 aliquid
934 2267 1073 2324 materiae
1097 2264 1206 2336 trahat,
1236 2281 1272 2324 ex
1294 2281 1354 2340 qua
1376 2262 1427 2321 illa
1449 2272 1509 2322 tam
1531 2263 1631 2321 multi-

284 2355 374 2432 plicia
395 2363 555 2430 excoquat,
587 2355 657 2429 quie
679 2371 715 2413 ex
737 2351 828 2411 nihilo
851 2351 923 2408 nihil
945 2350 992 2426 fit,
1025 2350 1113 2410 trahit
1137 2360 1235 2410 autem
1258 2353 1414 2427 sorbetque
1438 2367 1544 2427 aquam
1567 2367 1631 2409 ma·

284 2447 386 2515 rinam,
411 2459 486 2518 quae
510 2447 680 2514 causaest,
704 2457 755 2499 cur
777 2441 902 2498 aeternis
926 2447 970 2497 tot
986 2438 1141 2506 ¹fluminum
1165 2439 1358 2498 inlusionibus
1380 2455 1460 2498 mare
1482 2453 1631 2513 nunquam

286 2529 437 2591 redundet.
466 2527 524 2588 Hic
546 2545 633 2604 quam
656 2525 774 2586 absurdi
796 2529 863 2598 sint,
888 2528 938 2602 qui
960 2525 1080 2584 metalla
1102 2525 1194 2584 solius
1216 2525 1293 2584 Solis
1317 2527 1477 2603 operationi
1500 2527 1632 2584 tribuunt

285 2620 358 2678 citra
380 2616 505 2676 Telluris
528 2632 656 2692 operam,
680 2629 716 2673 ex
738 2612 892 2673 antedictis
916 2612 1053 2686 colligere
1075 2621 1168 2688 potes.

370 2703 520 2780 Respondi
548 2704 637 2762 etlam
659 2704 688 2758 in
710 2701 785 2760 libro
809 2700 845 2760 de
867 2698 960 2759 Stella
981 2699 1067 2759 Nova
1089 2700 1127 2759 ad
1152 2699 1300 2775 vulgarem
1324 2699 1404 2758 illam
1428 2699 1631 2775 objectionem,

285 2790 365 2865 quod
386 2791 491 2864 Terra,
521 2793 546 2848 si
569 2792 695 2849 animam
717 2789 853 2860 haberet,
887 2790 975 2846 etiam
1003 2805 1131 2848 crescere
1161 2787 1266 2846 debere
1290 2787 1423 2847 videatur
1445 2789 1632 2863 membraque

285 2879 376 2940 motui
399 2885 470 2954 apte
490 2877 607 2936 hebere.
641 2875 717 2937 Nem
738 2884 826 2955 prout
848 2891 953 2950 corpus
976 2882 1029 2948 est,
1053 2891 1105 2951 pro
1129 2891 1164 2933 eo
1188 2881 1216 2934 et
1238 2876 1336 2934 anima
1354 2874 1514 2950 respondet
1536 2875 1630 2933 lacul-

285 2972 419 3040 tetesque
442 2964 522 3040 ejus;
547 2981 612 3022 cum
635 2962 708 3022 haec
730 2966 828 3022 anima
850 2966 888 3020 sit
910 2965 948 3022 ob
965 2962 1071 3021 Terrae
1094 2979 1207 3038 corpus,
1231 2979 1288 3019 non
1311 2979 1381 3021 vero
1397 2963 1452 3022 hoc
1468 2980 1573 3039 corpus
1589 2964 1631 3020 sic

284 3053 323 3110 sit
345 3052 383 3110 ob
407 3053 541 3125 animam,
565 3055 640 3110 sicut
663 3067 768 3127 corpus
790 3050 914 3110 hominis
938 3059 982 3108 est
1004 3051 1042 3109 ob
1057 3057 1192 3124 mentem,
1216 3051 1376 3126 principem
1399 3053 1513 3109 animae
1537 3049 1631 3108 lacul-

285 3145 391 3198 tatem:
425 3141 450 3197 si
472 3141 560 3214 igitur
582 3141 767 3197 incrementis
786 3137 876 3196 Tarra
899 3155 972 3212 opus
996 3138 1161 3206 habuisset,
1190 3139 1216 3196 si
1237 3146 1323 3212 pastu
1347 3138 1419 3208 alio,
1451 3155 1538 3213 quam
1562 3137 1631 3207 dixi,

288 3225 366 3286 velut
388 3243 423 3284 ex
448 3234 563 3299 venatu,
586 3225 709 3285 luissent
731 3233 760 3286 et
782 3227 839 3282 ista
862 3227 961 3282 munia
983 3225 1051 3283 huic
1072 3227 1187 3284 animae
1218 3227 1374 3302 commissa
1401 3235 1430 3284 ct
1458 3225 1564 3284 idonea
1586 3225 1633 3281 io-

229 3323 232 3333 '
285 3316 445 3372 strumenta
466 3312 550 3388 data,
583 3329 658 3388 quae
680 3311 809 3372 Socratis
833 3315 961 3371 morituri
985 3312 1173 3388 philosophia
1196 3313 1250 3369 luit
1272 3315 1300 3368 in
1324 3313 1498 3379 Phaedone.
1532 3313 1630 3369 omnia

191 3461 194 3474 ,
260 3402 374 3460 'manti
396 3401 600 3476 gubernatrici,
624 3401 723 3458 omnia
745 3399 945 3458 deliberationi
961 3399 997 3460 de
1021 3417 1064 3470 eo,
1089 3399 1168 3474 quud
1191 3401 1340 3474 optimum,
1364 3403 1503 3458 tribuens.
1527 3401 1632 3474 ltaque

284 3492 310 3548 si
333 3491 398 3564 quis
421 3497 650 3565 argumentetur:
675 3495 800 3563 quatuor
814 3486 893 3545 solas
915 3504 980 3546 asse
995 3486 1148 3546 facultates
1164 3489 1289 3558 animno,
1314 3504 1436 3563 quarum
1459 3487 1542 3561 nulla
1564 3487 1632 3545 huic

283 3579 399 3636 animae
423 3576 568 3636 Terrenus
591 3582 753 3650 competat,
783 3591 841 3633 non
871 3592 934 3633 esse
964 3591 1033 3650 ergo
1063 3575 1191 3648 aliquam
1215 3575 1245 3631 in
1268 3574 1358 3634 Terra
1380 3578 1523 3650 animaru,
1558 3575 1634 3632 hunc

285 3681 339 3741 ego
359 3663 471 3740 jubebo
494 3663 570 3724 hauc
592 3664 724 3739 quintam
747 3661 784 3720 ad
809 3677 959 3721 numerum
974 3661 1092 3743 addere,
1116 3661 1218 3720 eodem
1243 3662 1376 3738 exemplo
1398 3662 1560 3738 iisdemque
1585 3680 1632 3720 ar-

284 3751 473 3828 gumentandi
501 3751 631 3828 legibus,
661 3749 774 3825 quibus·
799 3749 867 3809 illae
897 3753 1183 3825 numero'quatuor,
1216 3752 1244 3808 in
1276 3749 1393 3809 homins
1423 3751 1552 3822 scilicet,
1585 3751 1632 3806 in-

284 3849 390 3900 ventae
412 3845 489 3898 sunt.

372 3925 411 3986 Ut
439 3933 537 3986 eutem
565 3925 672 3986 Terrae
701 3933 783 3986 tanto
817 3923 1008 3983 confidentius
1038 3925 1165 3982 animam
1198 3924 1367 4002 tribuerem,
1407 3929 1561 3981 moverunt
1588 3937 1632 3980 me

285 4015 373 4073 etiam
395 4013 463 4088 alia,
487 4031 571 4089 quae,
594 4015 702 4090 passim
725 4031 777 4090 per
799 4012 887 4071 libros
911 4029 991 4071 meos
1015 4019 1126 4070 ceteros
1149 4010 1303 4081 inculcata,
1327 4011 1504 4086 inEpitoma
1529 4011 1632 4066 Astro-

284 4105 399 4161 uomiae
429 4101 646 4177 Copemicanae
677 4099 726 4161 iol.
758 4102 828 4159 125.
861 4098 1000 4158 fasciculo
1030 4096 1150 4172 collegi,
1182 4101 1336 4174 praecipua
1370 4097 1440 4172 hoc,
1471 4096 1550 4172 quod
1573 4097 1632 4154 lor-

284 4192 390 4248 matrix
411 4186 536 4249 facultas
559 4196 604 4248 ast
626 4191 654 4247 in
680 4189 838 4248 visceribus
861 4185 981 4260 Terrae,
1005 4203 1080 4261 quaa
1103 4185 1227 4245 laminae
1249 4189 1437 4261 praegnantis
1471 4201 1550 4244 more
1583 4201 1633 4243 oc-

286 4283 435 4336 cursantes
458 4276 528 4336 loris
550 4294 596 4336 res
619 4276 775 4346 humanus,
808 4273 898 4332 veluti
922 4291 972 4332 eas
996 4272 1121 4344 videret,
1152 4274 1180 4329 in
1203 4272 1343 4331 fissilibus
1366 4272 1513 4350 lapidibus
1537 4273 1632 4347 expri-

285 4365 346 4438 mit,
369 4373 402 4424 ut
424 4363 557 4438 militum,
580 4363 809 4436 monarchorum,
832 4361 1012 4437 pontificum,
1035 4377 1137 4436 regum
1160 4367 1189 4418 et
1204 4359 1343 4436 quicquid
1366 4363 1396 4418 ln
1413 4376 1463 4420 ora
1485 4359 1632 4417 hominnm

286 4459 341 4523 cst,
364 4467 459 4512 novos
481 4451 697 4527 insolentesque
720 4451 846 4509 habitus.
881 4447 947 4508 Hoc
969 4447 1086 4525 quidem
1108 4449 1210 4520 rarius,
1234 4447 1305 4507 illud
1327 4455 1479 4525 perpetuo,
1503 4445 1581 4522 quod
1604 4447 1631 4500 in

286 4541 408 4614 gemmis
432 4548 462 4599 et
484 4540 632 4600 fossilibus
655 4539 789 4614 exprimit
811 4538 939 4613 quinque
970 4551 1092 4612 corpora
1114 4535 1260 4610 regularia
1281 4538 1475 4610 geometrica:
1507 4551 1576 4592 narn
1599 4531 1633 4590 de

286 4627 390 4703 opifice
417 4633 540 4686 testatur
568 4644 651 4703 opus.
698 4625 812 4700 Quibus
843 4622 948 4700 addet,
979 4627 1028 4700 qui
1057 4623 1248 4699 Copernicum
1278 4626 1423 4699 sequitur,
1454 4621 1633 4681 volutionem

287 4713 369 4791 globi
391 4712 516 4773 Telluris
539 4712 679 4786 diurnam,
701 4721 872 4789 perpetuam
894 4721 924 4771 et
946 4711 1226 4788 aequabilissimam,
1250 4729 1339 4787 quam
1361 4713 1436 4770 inter
1458 4709 1545 4784 hujus
1569 4709 1634 4767 ani·

287 4817 352 4861 mae
374 4802 475 4860 munia
496 4802 654 4860 rectissime
677 4801 852 4860 accensebit.
