3676 5536
634 366 813 424 Harmonicis.
848 365 930 423 Liber
947 367 995 422 lll.
1014 367 1102 436 caput
1119 367 1175 422 XV.
1354 433 1356 445 Ι
1514 370 1574 432 185

236 547 266 602 rt
288 549 389 604 sextae
418 547 612 622 comprima,
644 548 695 623 qui
719 564 788 608 varo
811 563 847 606 ex
870 544 902 604 1⁴⁷
921 553 949 606 et
971 564 995 620 e,
1027 542 1224 606 consonantiis
1252 554 1372 607 utuntur
1392 545 1574 628 adulterinis,

231 629 305 690 intra
327 639 432 706 quarta
453 633 557 709 majori
580 653 603 706 e,
626 653 647 694 c
670 642 699 694 et
719 636 742 712 f,
765 635 801 693 bb
824 641 853 693 et
876 635 978 708 quinta
1000 633 1103 716 majori
1126 652 1150 706 e,
1174 634 1209 710 bt)
1231 640 1260 694 et
1280 635 1304 712 Γ,
1328 652 1366 694 ec.

317 717 396 792 Quid
418 721 506 796 igitur
535 737 601 780 com
622 721 742 798 reliquis
766 722 871 782 decem.
896 721 1064 798 speciebus,
1095 722 1224 796 inquies,
1253 739 1317 781 cum
1340 737 1445 781 omnes
1474 721 1575 780 usitati

231 807 293 862 toul
315 805 484 885 redigantur
506 807 543 866 ad
566 809 718 884 quatuor?
762 807 965 868 Nimirumad
987 809 1043 868 boc
1064 811 1212 881 serviunt,
1239 817 1272 867 ut
1293 811 1387 870 sciant
1408 810 1528 881 musici,
1550 810 1574 865 si

230 899 391 968 systemata
413 896 580 972 principalis
604 904 727 957 octavae
751 914 787 956 ex
812 894 839 955 G
861 896 1023 973 descriptae
1045 903 1254 973 temperemus,
1284 904 1316 956 ut
1337 903 1441 956 natura
1463 895 1574 966 suadet,

231 987 300 1038 tunc
322 997 508 1058 nequaquam
536 985 577 1044 ita
598 985 685 1044 facile
717 993 746 1044 et
768 985 848 1044 varie
881 986 1030 1059 transponi
1064 1000 1151 1060 posue
1184 993 1300 1042 cantum
1329 986 1391 1043 sine
1414 984 1575 1042 mutatione

231 1067 406 1129 sinceritatis
428 1086 508 1144 suae,
533 1077 565 1130 ut
586 1074 642 1149 ipsi
666 1072 775 1133 babent
796 1073 826 1128 in
849 1087 914 1130 usu.
960 1070 1098 1130 Liberum
1120 1071 1207 1146 igitur
1229 1071 1286 1130 illis
1308 1078 1361 1145 est,
1386 1070 1434 1129 vel
1456 1070 1575 1146 rejicere

231 1170 332 1214 ornnes
360 1156 492 1217 residuas
518 1160 556 1216 10
586 1171 704 1220 etcum
735 1161 771 1218 iis
794 1159 882 1218 etiam
905 1160 1146 1235 transpositiones
1171 1175 1257 1233 snm,
1289 1156 1337 1218 vel
1366 1158 1465 1230 lateri,
1496 1157 1575 1233 quod

214 1235 330 1318 ‘plures
351 1244 461 1305 formae
483 1246 683 1320 melodiarum,
706 1245 802 1324 plures
823 1263 927 1324 nempe
951 1245 1030 1304 modi
1061 1245 1109 1306 vel
1132 1247 1193 1303 toni
1215 1248 1328 1324 possint
1351 1247 1474 1306 existere
1496 1247 1575 1321 iique

232 1327 398 1392 differenter
421 1333 459 1392 ab
482 1333 528 1394 bis
551 1337 662 1412 positis,
686 1334 738 1394 alii
759 1336 863 1410 magis,
886 1333 937 1394 alii
958 1337 1062 1406 miurus,
1086 1339 1171 1411 prout
1186 1331 1429 1412 aequipollentiae
1451 1330 1489 1390 ad
1514 1331 1577 1391 cal-

231 1433 294 1478 cem
322 1435 410 1497 supra
438 1419 521 1480 vides
550 1429 715 1482 annotatae.
759 1421 835 1482 Nam
870 1423 895 1480 si
927 1423 1108 1498 superiorum
1143 1423 1229 1480 unius
1252 1429 1374 1481 octavae
1403 1417 1576 1478 intervallo·

233 1520 297 1564 rum
318 1509 461 1568 radonem
489 1509 630 1571 babemus
660 1508 786 1584 nullam,
818 1509 924 1568 dantur
954 1525 1024 1568 sane
1051 1510 1290 1586 transpositiones
1313 1507 1426 1585 aliquot
1452 1525 1471 1566 a
1496 1503 1523 1566 G
1545 1507 1574 1563 in
1648 1559 1650 1563 ,

232 1599 300 1652 cet
321 1595 359 1656 ab
382 1597 406 1655 Α
430 1596 503 1656 rod
524 1605 553 1656 et
574 1597 659 1657 aliae.
1359 1629 1366 1646 ι

321 1681 452 1756 Quaeras
473 1683 586 1764 ultimo,
609 1682 678 1760 quid
702 1682 842 1760 impediat
864 1680 928 1741 illas
951 1685 1203 1760 nanspositioues,
1227 1683 1313 1743 toties
1333 1683 1396 1759 jam
1419 1699 1437 1739 a
1459 1697 1504 1740 me
1526 1695 1575 1737 re·

229 1767 345 1844 jactas?
390 1769 533 1830 Videntur
563 1774 639 1830 enim
661 1787 746 1831 aures
767 1769 833 1828 illas
855 1787 914 1828 uon
937 1770 1092 1847 impedire,
1119 1787 1186 1832 cum
1207 1773 1236 1831 iu
1260 1770 1393 1831 confesso
1416 1771 1470 1838 sit,
1494 1784 1576 1826 com·

232 1858 320 1917 matis
343 1873 492 1918 mcessum
514 1859 545 1916 iu
567 1857 742 1928 intervallis,
773 1873 848 1932 quae
872 1856 1017 1932 disjuncta
1038 1865 1106 1917 sunt
1127 1858 1199 1918 locis
1223 1859 1405 1936 systematis,
1435 1855 1473 1915 ab
1496 1856 1599 1914 auri·.

233 1943 288 2002 bus
310 1961 367 2004 non
391 1943 553 2020 dijudicari.
598 1947 669 2005 Esto
692 1946 769 2005 enim
790 1951 921 2022 systema
943 1961 1031 2020 quam
1054 1947 1161 2023 optima
1184 1953 1298 2005 tansum
1327 1944 1366 2004 ad
1388 1949 1509 2002 naturae
1531 1939 1577 2000 le-

235 2048 289 2108 ges
310 2032 451 2093 hactenus
467 2031 639 2113 explicatas,
661 2034 812 2109 pulsentur
837 2029 875 2110 G,
897 2051 917 2091 o
939 2041 968 2090 et
989 2051 1027 2110 a,
1054 2033 1069 2107 b
1092 2042 1287 2109 cogemurque
1310 2049 1410 2091 omnes
1433 2031 1575 2102 homines,

236 2127 381 2196 quotquot
401 2119 538 2192 audiunt,
571 2131 668 2180 utrum
690 2119 909 2180 intervallorum
939 2119 1043 2178 borum
1065 2121 1104 2178 sit
1125 2119 1244 2195 majus?
1273 2121 1384 2180 nescire
1415 2135 1446 2178 se
1469 2117 1575 2186 dicent,
1668 2118 1672 2129 '

144 2218 146 2224 ·
235 2224 290 2266 nec
311 2209 391 2285 prins
414 2208 592 2280 discernent,
624 2225 713 2285 quam
735 2208 892 2283 conjuncta
913 2206 1018 2266 tuerint
1039 2208 1194 2268 intervalla
1221 2207 1286 2266 loco
1309 2206 1412 2266 eodem
1444 2211 1575 2276 octavae,

235 2294 292 2353 boc
314 2303 373 2366 eat,
406 2296 456 2354 nbi
479 2297 575 2373 spatio
604 2296 730 2356 chordae
762 2313 813 2372 per
836 2296 973 2354 circinum
1004 2293 1157 2372 dispuncta
1189 2313 1254 2372 pars
1278 2291 1458 2370 octogesima
1483 2293 1577 2370 prima

235 2381 361 2443 chordae
383 2385 603 2460 intersepiatur,
634 2390 664 2445 et
685 2386 728 2444 stc
755 2381 831 2442 duae
859 2380 1057 2456 longitudines
1082 2384 1124 2442 80
1147 2390 1176 2442 st
1198 2383 1236 2441 81
1264 2381 1398 2459 pulsatae
1421 2381 1575 2439 momentis

234 2472 372 2546 proximis
394 2473 468 2530 inter
490 2488 522 2529 se
544 2471 649 2530 tuerint
672 2479 866 2546 comparatae.
909 2468 1094 2547 Respoudoo,
1119 2471 1172 2530 etsi
1195 2469 1313 2528 auditus
1344 2485 1402 2527 non
1423 2468 1577 2544 distinguit
1610 2533 1613 2540 .

233 2557 356 2634 pulsatis
378 2559 471 2616 tribus
493 2557 565 2618 solis
587 2558 702 2618 chordis
724 2565 847 2618 octavae
870 2552 1009 2637 (duorrqm
1029 2556 1250 2617 intervallorum
1272 2550 1431 2638 terminis),
1444 2562 1487 2614 vat
1507 2553 1575 2632 pul-

233 2645 305 2702 satis
328 2646 461 2705 omnibus
483 2647 570 2705 nnius
593 2654 715 2705 octavae
738 2645 862 2706 chordis.
886 2645 928 2702 sic
949 2644 1066 2703 tandem
1089 2643 1243 2720 distinguit
1265 2640 1445 2704 octavamG
1466 2645 1576 2720 primo-

232 2733 362 2808 genitam
384 2737 414 2791 et
434 2733 609 2794 naturalem.
627 2735 665 2792 ab
688 2735 799 2794 octavis
830 2731 952 2792 aliarum
975 2732 1111 2792 clavium.
1156 2731 1258 2792 Insunt
1281 2733 1358 2791 enim
1388 2735 1419 2789 iu
1442 2730 1576 2790 omnibus

233 2808 357 2880 octavae
376 2819 531 2896 speciebus
553 2818 656 2880 eadem
678 2819 833 2880 intervalla
855 2821 996 2879 concinna
1011 2827 1131 2896 septem,
1155 2837 1232 2895 quae
1252 2818 1342 2880 semol
1356 2834 1494 2896 expressa
1507 2817 1575 2894 pul-

232 2909 345 2966 satione
368 2906 540 2968 cbordarnm
561 2908 660 2966 statim
682 2908 802 2968 haerent
824 2909 853 2965 in
875 2910 1016 2966 memoria
1045 2907 1081 2966 de
1102 2910 1281 2985 propinqu03
1312 2913 1344 2964 ut
1366 2905 1452 2966 lncila
1475 2911 1575 2983 pateat

232 2993 353 3068 auditui,
376 3010 435 3070 quo
458 2994 523 3054 loco
547 3002 671 3054 octavae
693 2996 833 3054 naturalis
856 2993 980 3071 quilibet
1003 3003 1089 3054 tonus
1116 2997 1245 3073 incipiat.
1290 2993 1357 3053 Hoc
1383 3000 1469 3072 paeto
1493 3009 1573 3052 com-

231 3085 442 3142 matisconens
464 3081 698 3160 eritimplieitns
728 3084 758 3140 in
782 3080 968 3142 distinctione
1000 3089 1179 3142 octavarum.
1225 3081 1475 3158 Quemadmodum
1498 3083 1575 3141 enim

231 3170 348 3229 auditus
373 3171 578 3230 conannantiaa
602 3172 681 3246 ipsas
704 3178 733 3230 et
756 3173 896 3228 concinna
912 3172 1010 3229 omnia
1025 3169 1181 3230 intervalla
1195 3171 1299 3249 probat
1314 3171 1351 3229 ab
1367 3169 1478 3237 effectu,
1506 3167 1575 3227 licet

229 3275 288 3316 non
311 3263 443 3318 numeret
464 3257 660 3334 longitudines
684 3257 865 3328 chordarum,
889 3273 965 3333 quae
988 3275 1106 3317 causam
1128 3259 1270 3334 praebent
1296 3255 1573 3329 concordantiarum,

230 3347 273 3405 sic
294 3344 372 3404 idem
393 3343 511 3406 auditus
533 3344 660 3404 advertit
682 3347 769 3404 etiam
792 3345 926 3404 affectum
949 3345 1100 3405 commatis
1123 3342 1212 3427 '³⁰l31,
1237 3347 1291 3404 etsi
1314 3343 1343 3402 id
1366 3360 1423 3402 non
1444 3351 1575 3402 numeret

232 3430 367 3510 adeoque
389 3449 444 3493 nec
465 3432 575 3494 actuali
597 3432 722 3494 discreta
744 3434 881 3492 censione
904 3433 1002 3508 capiat
1025 3435 1155 3492 seorsim.

780 3663 921 3736 CAPUT
947 3663 1013 3734 xv.

436 3809 500 3878 Qui
524 3811 613 3866 modi
640 3811 694 3866 vel
719 3811 795 3866 toni
825 3808 951 3881 quibus
978 3809 1141 3864 serviant
1167 3807 1362 3865 aflectibus.

315 3955 466 4015 Hactenus
488 3955 524 4014 da
546 3958 702 4032 principiis,
728 3975 763 4016 ex
787 3956 893 4032 quibus
916 3956 977 4014 toni
1001 3961 1134 4015 consuat
1159 3962 1187 4013 ct
1212 3961 1312 4036 contra
1334 3972 1366 4014 se
1389 3954 1575 4029 distinguun-

229 4051 294 4117 tur3
314 4045 376 4118 jam
400 4060 493 4120 pauca
518 4042 612 4103 dicam
636 4043 671 4103 de
695 4045 815 4115 ellectu,
840 4051 1036 4104 consentanea
1059 4041 1176 4117 quidem
1199 4045 1272 4102 meis
1295 4043 1452 4119 principiis.

317 4130 446 4190 Primum
469 4129 670 4190 admonendus
693 4137 737 4190 est
758 4131 857 4202 lactor,
882 4149 939 4190 non
962 4131 1009 4193 hic
1031 4132 1081 4206 agi
1104 4129 1140 4189 da
1164 4129 1387 4208 dispositionum
1407 4131 1495 4188 animi
1519 4127 1574 4185 dii-

230 4218 369 4290 terantia,
405 4236 481 4295 quae
506 4217 647 4289 efficiunt,
680 4227 712 4276 ut
743 4219 829 4278 bomo
852 4222 949 4297 potins
979 4225 1078 4290 canat,
1110 4233 1197 4293 qnam
1221 4225 1253 4276 ut
1283 4218 1413 4275 oratione
1436 4214 1523 4293 plana
1546 4222 1574 4274 et

228 4304 477 4380 cedamutatur,
506 4321 601 4380 neque
632 4304 668 4364 de
690 4306 743 4379 iis,
773 4323 849 4383 quae
871 4305 939 4366 binc
962 4312 1097 4379 cantum,
1127 4304 1195 4364 inde
1225 4302 1387 4380 simplicem
1414 4303 1574 4362 orationem

228 4401 447 4468 consequuntur
469 4395 498 4450 in
523 4391 663 4452 auditore.
708 4392 782 4451 Nam
806 4401 839 4452 nt
863 4395 998 4453 alacritas
1021 4393 1110 4452 animi
1134 4399 1194 4462 est,
1220 4408 1296 4468 quae
1320 4407 1439 4470 omnem!
1457 4393 1574 4450 omnino
1602 4451 1603 4456 ,

227 4487 346 4542 cautum
373 4483 401 4539 in
430 4489 551 4540 canente
579 4478 726 4558 praecedit
756 4483 841 4556 eique
864 4480 955 4540 veluti
978 4479 1068 4539 dictat
1094 4477 1268 4551 melodiam,
1301 4481 1344 4537 sic
1365 4480 1459 4538 retiam
1488 4495 1573 4539 omne

226 4586 320 4644 genus
350 4571 517 4628 cautionum
544 4570 748 4628 concinnarum
778 4569 914 4645 voluptas
945 4566 1125 4626 audientium
1157 4567 1351 4640 consequitur.
1401 4565 1573 4641 Separanda

228 4665 273 4718 est
294 4657 380 4716 uobis
402 4655 476 4716 baec
497 4655 640 4731 generalis
662 4655 812 4732 dispositio
835 4655 933 4726 animi,
957 4669 1009 4712 sou
1031 4655 1129 4730 potius
1152 4653 1217 4713 loeo
1236 4655 1374 4713 materiae
1389 4652 1573 4730 subjicienda

228 4744 271 4802 illi
294 4744 458 4808 affectuum,
472 4743 650 4816 diversitati,
674 4760 761 4818 quam
784 4743 831 4801 bie
854 4743 1029 4817 quaerimus.

315 4831 389 4891 (lum
418 4837 516 4891 antem
544 4847 644 4890 omnes
673 4837 769 4908 partes
800 4837 902 4918 cantqs
924 4829 1056 4889 concinni
1084 4833 1114 4888 at
1134 4827 1277 4888 naturalis
1306 4835 1490 4906 comparatae
1514 4829 1572 4886 sint

435 5115 458 5148 Ο
