3698 5534
430 329 473 384 De
490 327 611 385 Motibus
629 327 802 384 Planetar'nm
819 329 998 389 Harmouiels.
1034 331 1118 388 Liber
1134 333 1166 388 V.
1183 333 1361 390 Prooemium.
1501 338 1563 398 aee

224 511 357 582 conveni,
380 507 508 585 Pragum
531 508 631 570 sedem
654 507 743 585 clegi,
766 508 796 567 id
818 507 945 584 tandem,
970 508 1034 570 Deo
1051 507 1118 588 0pt.
1134 511 1273 586 Maximo,
1297 514 1347 588 qui
1369 512 1495 570 mentem
1518 513 1565 568 in-

223 599 403 674 spiraverat,
438 596 611 657 desiderium
639 597 742 672 ingens
766 601 953 670 excitaverat,
978 601 1068 658 vitam
1091 603 1177 658 etiam
1206 607 1235 660 et
1257 601 1333 660 vires
1363 601 1471 674 ingenii
1494 613 1564 675 pro·

222 691 344 762 rogante
366 683 521 760 mediaque
535 696 630 744 cetera
653 702 703 762 per
719 684 840 744 duorum
855 683 1066 762 Imperatorum
1084 686 1229 764 hujusque
1244 688 1411 766 provinciae
1427 685 1564 745 Austriae

223 770 465 848 Sept-Anisenae
494 772 651 832 Procerum
682 770 888 831 liberalitatem
916 774 1136 851 suppeditante,
1171 773 1322 833 defunctos
1355 775 1434 850 prius
1464 781 1560 832 astro-

222 851 510 938 nor‘nicaprovincia
532 867 672 936 qnantum
688 857 859 933 sufficiebat,
884 859 1009 935 tandem,
1033 863 1160 937 inquom,
1184 863 1212 920 in
1228 860 1322 920 lucem
1337 859 1444 940 protuli
1461 878 1564 938 supra·

223 964 280 1024 que
304 966 391 1024 quam
420 963 537 1026 sperare
566 963 694 1022 unquam
716 949 797 1024 potui
831 949 1011 1007 verissimum
1039 948 1229 1026 deprehendi,
1260 957 1351 1008 totam
1383 948 1564 1008 harmonicas

223 1045 370 1108 naturum,
402 1043 623 1117 quantaquanta
645 1042 705 1106 est,
737 1029 802 1094 eom
825 1037 960 1094 omnibus
983 1039 1042 1095 suis
1065 1039 1197 1114 partibus
1225 1036 1299 1095 libro
1322 1035 1378 1094 111.
1402 1035 1563 1110 explicetis,

223 1125 296 1182 iuter
318 1131 415 1183 motus
438 1122 581 1182 coelestes
603 1123 735 1198 reperiri;
764 1138 822 1180 nou
846 1139 881 1182 eo
911 1122 1027 1198 quidem
1050 1124 1155 1204 modo,
1187 1142 1274 1202 quem
1296 1141 1350 1198 ego
1378 1140 1565 1201 conceperam

223 1213 319 1270 animo
343 1207 426 1292 (pars
448 1211 521 1270 haee
544 1219 588 1268 est
609 1226 668 1268 non
689 1215 838 1284 postrema
859 1213 916 1268 mei
939 1206 1073 1292 gaudii),
1097 1212 1149 1271 sed
1165 1212 1362 1271 diversissimo
1377 1210 1436 1270 alio
1460 1211 1564 1269 simul-

223 1315 280 1376 que
302 1307 332 1357 et
353 1299 601 1375 praestantissimo
625 1305 654 1355 et
676 1295 892 1373 perfectissimo.
935 1298 1072 1361 Accessit
1088 1297 1143 1358 hoc
1157 1298 1329 1360 intermedio
1344 1307 1482 1374 tompore,
1506 1314 1564 1373 quo

222 1403 269 1445 me
292 1403 465 1464 suspensum
487 1387 580 1445 tenuit
603 1392 734 1442 motuum
755 1387 899 1442 restitutio
922 1383 1161 1459 laboriosissima,
1185 1389 1374 1465 praecipuum
1398 1393 1427 1444 et
1450 1383 1564 1463 cupidi·

223 1477 292 1532 tatis
314 1491 395 1534 meae
419 1475 626 1533 incrementum
649 1481 678 1531 et
700 1471 841 1546 propositi
864 1473 1092 1546 incitamentnm,
1116 1475 1203 1534 lectio
1226 1471 1469 1533 Harmonioorum
1492 1471 1565 1531 Pto·

222 1561 340 1634 lemaei,
376 1577 453 1638 quae
483 1561 680 1635 manuscripta
707 1558 777 1616 milri
804 1562 963 1618 transmisit
991 1564 1037 1619 vir
1067 1564 1187 1620 eximius
1221 1561 1317 1638 adque
1348 1559 1565 1637 philosophiam

223 1665 366 1724 omneque
390 1649 464 1708 adeo
487 1664 579 1724 genus
602 1646 771 1705 eruditionis
794 1649 1024 1722 promovendum
1043 1658 1137 1720 natus,
1160 1645 1313 1708 ,Iohannes
1330 1646 1475 1725 Georgius
1487 1647 1566 1705 Her-

220 1737 348 1812 roardus,
372 1737 517 1796 Bavariae
541 1732 749 1806 cancellarius,
773 1734 824 1792 ubi
844 1743 959 1812 praeter
974 1738 1221 1814 exspectationem
1244 1744 1273 1796 et
1287 1753 1400 1796 summa
1423 1752 1487 1794 cnm
1510 1733 1565 1792 ad·

221 1827 375 1884 miratione
397 1825 495 1882 inveni
518 1829 611 1880 totum
634 1823 692 1880 lere
714 1819 820 1880 librum
837 1821 900 1897 ejus
923 1824 1039 1882 tertium
1062 1825 1091 1880 in
1107 1823 1209 1884 eadem
1225 1824 1470 1900 contemplatione
1495 1821 1564 1880 har-

219 1915 334 1970 moniae
358 1911 495 1972 eoelestis
520 1912 676 1968 insumtnm
699 1917 766 1966 ante
781 1907 860 1968 millo
883 1918 913 1970 et
936 1913 1110 1986 quingentos
1127 1929 1228 1972 anuos.
1275 1911 1382 1970 Verum
1405 1909 1436 1970 id
1458 1911 1564 1968 aetatis

218 1999 343 2060 multum
366 1997 462 2058 adhue
487 1997 586 2056 deerat
608 1998 801 2056 astronomiae
825 1999 977 2074 potuitque
1001 1997 1196 2073 Ptolemaeus,
1221 2013 1250 2056 re
1267 1997 1419 2058 infeliciter
1441 2003 1563 2070 terram,

221 2086 451 2164 desperationem
478 2084 544 2144 aliis
575 2082 717 2159 objicere,
747 2091 781 2141 ut
807 2081 858 2158 qui
885 2101 950 2143 curn
973 2085 1109 2161 Scipione
1133 2085 1324 2147 Ciceroniana
1353 2087 1450 2164 potins
1472 2100 1563 2144 suave

221 2173 367 2252 quoddam
390 2175 534 2232 somnium
556 2169 785 2248 Pythagoricum
807 2171 960 2244 recitasse,
992 2189 1078 2250 quarn
1102 2172 1317 2252 philosophiam
1343 2173 1494 2249 adjuvisse
1518 2173 1564 2229 ri·

222 2261 350 2336 deretnr;
374 2271 405 2320 at
427 2279 473 2330 me
497 2276 561 2318 cum
585 2257 636 2317 illa
659 2259 765 2316 veteris
788 2262 983 2319 astronomiae
1007 2260 1132 2334 ruditas,
1157 2269 1219 2320 tum
1241 2260 1288 2319 hic
1310 2261 1373 2337 ipse
1393 2258 1564 2322 meditatio-

219 2367 290 2408 num
313 2351 463 2423 utriusque
487 2365 523 2406 ex
546 2346 711 2422 quindecim
734 2346 897 2405 seculorum
921 2347 1076 2407 intervallo
1100 2365 1257 2409 consensus
1286 2347 1324 2406 ad
1348 2349 1487 2406 amussim
1510 2363 1563 2405 ex-

221 2445 311 2509 ectus,
337 2437 522 2496 vehomenter
545 2433 727 2492 confirmavit
749 2435 777 2490 in
801 2434 932 2509 urgendo
955 2439 1117 2514 proposito.
1162 2436 1237 2496 Nam
1260 2435 1330 2510 quid
1352 2435 1451 2494 multis
1467 2433 1563 2512 opus?
1597 2439 1601 2452 '

221 2523 289 2602 lpsa
311 2541 406 2582 rerum
428 2529 531 2581 natura
553 2538 617 2580 sese
639 2519 786 2596 proditum
809 2522 871 2580 ibat
895 2522 1060 2582 hominibus
1088 2541 1140 2602 per
1163 2524 1293 2584 diversos
1322 2522 1491 2583 distantium
1514 2538 1564 2582 se·

222 2611 350 2671 culorum
374 2615 554 2688 interpretes,
577 2607 685 2684 digitus
709 2609 765 2666 Dei
788 2617 868 2682 erat,
893 2617 924 2668 ut
946 2627 1011 2668 cum
1033 2609 1176 2670 Hebraeis
1199 2612 1311 2687 loquar,
1336 2609 1384 2670 hie
1407 2612 1435 2667 in
1459 2610 1563 2668 animis

221 2698 360 2772 duorum,
390 2700 440 2774 qui
470 2713 501 2756 se
529 2705 606 2756 totos
636 2695 875 2773 contemplationi
897 2704 1018 2758 naturae
1042 2698 1236 2770 dedidissent,
1269 2698 1305 2758 de
1335 2697 1563 2758 conformatione

220 2786 320 2844 mundi
343 2791 501 2862 conceptos
524 2783 616 2856 idem,
646 2801 711 2842 cum
734 2791 835 2842 neuter
856 2782 939 2844 alteri
963 2784 1021 2844 dux
1044 2786 1147 2846 luisset
1175 2786 1214 2845 ad
1237 2786 1292 2845 hoc
1315 2787 1368 2844 iter
1396 2783 1564 2860 ingredien-

221 2873 298 2933 dum.
342 2872 411 2934 Jam
433 2881 588 2951 postquam
616 2873 804 2931 amensibus
826 2871 987 2930 octodecim
1017 2875 1109 2949 prima
1130 2873 1194 2946 lux,
1226 2874 1358 2932 atribus
1390 2871 1452 2932 dies
1472 2871 1562 2948 justa,

221 2979 240 3020 a
261 2963 445 3038 paucissimis
469 2975 538 3019 vero
562 2958 666 3018 diebus
688 2956 738 3017 Sol
763 2961 824 3035 ipse
848 2975 943 3018 merus
967 2959 1063 3018 illuxit
1086 2960 1338 3039 contemplationis
1368 2959 1564 3019 admirabilis·

221 3050 320 3122 simae,
343 3047 414 3106 nihil
437 3066 483 3106 me
505 3049 619 3120 retinet,
641 3045 723 3105 lubet
745 3046 895 3122 indulgere
917 3064 1001 3105 sacro
1016 3048 1114 3121 furori,
1138 3049 1219 3108 lubet
1238 3047 1375 3107 insultare
1391 3047 1563 3106 mortalibus

191 3199 197 3208 ,
222 3137 402 3196 consessione
425 3137 565 3210 ingenua,
596 3150 642 3192 me
664 3149 737 3192 vasa
760 3151 849 3193 anrea
872 3137 1084 3211 Aegyptiorum
1106 3138 1210 3209 iurari,
1234 3145 1267 3196 ut
1289 3135 1353 3196 Deo
1376 3152 1441 3194 meo
1465 3135 1563 3193 taber·

221 3223 356 3283 naculum
389 3241 425 3284 ert
459 3225 494 3280 iis
527 3229 708 3293 berrennam,
741 3219 909 3297 longissime
944 3222 981 3281 ab
1014 3223 1140 3300 Aegypti
1174 3223 1289 3282 finibus.
1335 3223 1367 3282 Si
1400 3223 1562 3298 ignoscitis,

221 3312 368 3390 gaudebo,
391 3313 414 3369 si
438 3309 623 3381 succensetis,
646 3307 750 3384 ieram3
771 3309 850 3385 jacio
873 3325 908 3368 en
932 3311 1027 3370 aleam
1050 3311 1213 3386 librumque
1232 3311 1326 3371 scribo
1349 3327 1401 3369 sen
1423 3325 1563 3386 praesen-

221 3399 299 3458 tibus
322 3415 373 3458 seu
396 3401 520 3474 posteris
542 3395 716 3474 legendnm,
744 3397 814 3456 nihil
839 3399 971 3470 interest;
1001 3406 1147 3476 exspectet
1170 3397 1221 3458 ille
1243 3416 1328 3457 suum
1351 3396 1489 3457 lectorem
1512 3413 1564 3471 per

222 3503 313 3546 annos
336 3493 469 3561 eentum,
500 3486 525 3543 si
548 3484 629 3544 Deus
651 3485 714 3560 lpse
743 3501 794 3560 per
816 3500 958 3544 annorum
980 3501 1052 3553 sepa
1074 3485 1167 3542 millia
1196 3483 1453 3561 contemplatorem
1475 3499 1562 3560 prae-

220 3573 345 3634 stolatus
360 3581 414 3633 est

575 3773 713 3850 Capita
741 3771 853 3849 hujus
881 3771 973 3831 libri
1000 3780 1090 3832 sunt
1116 3775 1209 3832 ista:

332 3929 352 3985 1.
372 3928 413 3984 De
433 3927 550 3996 quinque
568 3925 661 3981 solidis
678 3924 772 3992 liguris
790 3923 969 3992 regularibus.

317 4007 351 4062 11.
370 4007 412 4062 De
430 4006 591 4074 cognatione
609 4019 671 4060 cnm
688 4005 721 4058 iis
739 4003 944 4072 proportionum
962 4004 1187 4060 harmonicarnm.

305 4085 354 4140 lll.
373 4087 482 4140 Summa
499 4084 638 4138 doctrinae
651 4082 856 4150 astronomicae,
875 4083 1028 4138 necessaria
1045 4082 1080 4138 ad
1096 4080 1348 4152 contemplationem
1362 4082 1561 4139 harmoniarum

220 4163 385 4220 coelestium.

304 4243 350 4298 IV.
370 4243 474 4311 Quibus
497 4241 525 4295 in
543 4239 623 4295 rebus
648 4239 682 4296 ad
700 4239 868 4308 planetarum
886 4245 976 4294 motus
1000 4240 1198 4308 pertinentibus
1224 4255 1369 4309 expressae
1387 4239 1441 4293 sint
1457 4240 1563 4294 harmo-

219 4322 280 4377 niae
299 4321 434 4391 simplices
454 4328 481 4376 et
499 4319 572 4389 quod
591 4335 683 4374 omnes
701 4319 764 4374 illae
782 4319 809 4372 in
828 4318 904 4373 coelo
922 4320 1105 4387 reperiantur,
1125 4321 1195 4387 quae
1216 4319 1244 4373 in
1261 4325 1344 4372 cantu
1361 4317 1464 4376 insunt.

304 4402 336 4456 V.
357 4399 452 4456 claues
470 4399 560 4455 scalae
577 4398 709 4463 musicae,
734 4413 782 4453 serr
800 4397 861 4452 loca
878 4398 1047 4468 systematis,
1071 4404 1098 4452 et
1116 4413 1217 4467 genera
1235 4393 1447 4466 harmoniarum,
1467 4395 1563 4452 durum

219 4489 247 4536 et
263 4479 360 4550 molle,
379 4495 395 4534 a
412 4479 494 4534 certis
511 4473 632 4534 motibus
646 4491 776 4546 expressa
794 4492 864 4534 esse.
1485 4529 1487 4541 ,

306 4557 352 4612 VI.
371 4557 463 4612 Tonos
482 4573 530 4612 seu
548 4557 643 4611 modos
660 4556 779 4612 musicos
798 4553 920 4626 singulos
940 4553 1138 4621 quodammodo
1159 4553 1427 4624 asingulisplauetis
1440 4551 1562 4624 exprimi.

304 4635 364 4692 Vll.
386 4637 586 4705 Contrapuuota
603 4651 652 4692 seu
669 4635 825 4690 harmonias
843 4630 1010 4688 nniversam
1028 4633 1146 4688 omnium
1166 4633 1335 4702 planetarum
1359 4649 1459 4704 easque
1477 4632 1562 4688 direr-

219 4733 277 4786 sas,
296 4717 375 4771 eliam
394 4715 498 4770 scilicet
516 4731 549 4769 ex
568 4714 632 4784 alia,
653 4716 769 4770 existere
787 4727 877 4785 posse.

306 4793 378 4850 vm.
395 4793 429 4848 ln
441 4793 558 4863 planetis
567 4807 709 4863 expressas
720 4805 780 4848 esse
788 4797 899 4848 naturas
908 4796 1025 4861 quatuor
1033 4806 1137 4864 uocum,
1151 4791 1273 4865 discami
1286 4791 1343 4860 alti,
1358 4793 1469 4862 wnoris,
1478 4791 1562 4850 bassi.
