3732 5528
733 345 817 402 Liber
833 345 884 402 ΠΙ.
904 344 993 415 Caput
1008 343 1082 400 xlii.
1517 343 1579 404 aaa

226 525 319 596 ,mmor
335 529 365 578 at
381 523 561 592 semitonium,
580 527 608 578 et
625 522 665 578 ιιι
681 521 740 578 tuni
757 520 812 576 duo
830 519 911 578 semis
929 535 984 578 uon
1002 523 1142 584 ιιιιιιιιι,
1160 515 1209 572 sed
1227 517 1324 572 saltam
1341 512 1532 586 nuncupative,
1551 519 1582 569 ιιι

234 603 407 658 Ptolemaeus
424 601 484 671 ipse
502 600 703 666 demonstravit
730 599 799 654 'loni
817 601 887 654 enim
906 613 955 655 seu
973 597 1156 669 proportionis
1174 595 1379 666 sesquioctavae
1397 594 1516 650 semissis
1535 609 1581 650 err·

232 681 293 736 ac'ta
311 687 353 734 est
370 678 504 734 ineffabile
522 678 669 748 quippiam.

318 774 391 830 Nota
407 773 467 828 XII.
504 774 644 830 Hactenus
662 773 744 844 igitur
761 771 831 830 tales
843 774 1058 842 comparationes
1076 772 1175 842 attulit,
1194 788 1264 842 qnae
1281 772 1405 841 planetas
1423 786 1516 828 omnes
1534 776 1583 826 ant

233 861 304 911 certe
321 852 450 921 majorem
469 868 561 908 eorum
578 861 682 922 partem
701 853 878 908 communiter
895 853 1055 910 attinebant.
1074 853 1135 908 lam
1155 868 1184 908 se
1202 852 1345 922 socirsgeus
1363 852 1398 908 ad
1417 848 1586 918 singulorum·
1674 913 1678 921 ¹

233 933 311 988 orbes
330 939 358 986 et
375 939 465 1006 motus
484 948 546 986 curu
563 933 645 986 rebus
664 931 773 988 musicis
792 932 988 1001 comparandos
1014 932 1041 986 iu
1060 933 1120 1003 ipso
1138 935 1244 988 ιιιιιιιιΙ
1256 931 1370 1002 deiecit,
1396 931 1497 986 relictis
1516 928 1581 984 lem·

233 1012 350 1067 natibus
369 1010 488 1080 capitum
506 1011 564 1066 sine
582 1011 752 1066 tractatione.

318 1108 390 1162 Nota
407 1105 489 1161 xm..
518 1104 660 1159 Praefatur
672 1112 770 1172 autem,
790 1120 819 1159 se
831 1120 941 1161 usurum
956 1107 1140 1176 experientiae
1152 1107 1315 1173 testimonio,
1334 1103 1582 1166 seuobservatioue

235 1203 343 1242 «eorum
361 1201 431 1255 quae
449 1185 519 1240 fiunt
536 1185 578 1238 vel
597 1185 671 1262 iacta
689 1193 778 1238 sunt».
814 1183 857 1239 Sic
876 1185 946 1240 euim
966 1191 1008 1239 est
1024 1185 1200 1256 intelligenda
1217 1200 1269 1237 vox
1288 1184 1398 1252 ultima,
1417 1182 1469 1238 nisi
1487 1200 1582 1240 manca

235 1278 262 1323 et
278 1266 438 1336 imperfecta
455 1265 491 1320 sit
508 1273 536 1320 et
554 1265 670 1333 abrupta
688 1263 808 1333 scriptio.
847 1264 988 1332 eujusrei
1007 1263 1188 1335 suspicionem
1207 1255 1374 1334 praebetis,
1403 1263 1449 1332 qui
1468 1278 1582 1333 sequeu-
1659 1293 1665 1302 ·

232 1347 272 1402 tia
288 1345 341 1401 tria
359 1347 450 1416 capita
475 1343 658 1414 concinnavit,
685 1359 716 1398 eo
745 1341 818 1413 quod
844 1343 913 1398 haec
938 1345 1020 1400 verba
1039 1359 1072 1398 ex
1089 1343 1143 1397 fine
1162 1341 1243 1411 hujus
1261 1343 1358 1411 capitis
1376 1343 1404 1398 in
1422 1342 1582 1414 principium

233 1427 372 1495 sequentis
391 1425 506 1480 eontulit
524 1429 629 1479 etcum
648 1422 706 1480 aliis
732 1423 820 1477 verbis
839 1438 893 1478 una
915 1423 1116 1479 constructione
1143 1421 1297 1477 connexuit.
1333 1421 1466 1478 Existimo
1485 1429 1582 1490 autem,

234 1504 294 1558 ideo
313 1502 463 1573 pollicitum
491 1501 551 1556 esse
568 1502 754 1558 Ptolemaeum
781 1503 998 1558 observationum
1024 1524 1072 1558 aas
1089 1521 1230 1570 ymenaeus
1257 1499 1340 1568 (forte
1357 1501 1582 1571 phaenomenon),

234 1583 298 1650 quia
315 1589 380 1638 sunt
397 1587 488 1637 certae
506 1581 726 1642 observationes,
745 1581 844 1650 quibus
862 1581 1032 1650 planetarum
1050 1580 1122 1636 alius
1139 1579 1193 1635 alio
1211 1578 1343 1648 probatur
1361 1579 1444 1634 altior
1462 1595 1536 1635 esse:
1555 1587 1584 1634 at

234 1677 297 1716 vero
315 1659 481 1730 comparatio
508 1661 669 1716 musicarum
696 1677 786 1716 rerum
812 1677 874 1716 cum
899 1660 1013 1730 singulis
1032 1661 1155 1730 sphaeris
1173 1659 1236 1714 huic
1262 1657 1431 1729 planetarum
1449 1660 1538 1717 ordini
1555 1659 1583 1714 in

235 1739 376 1796 altitudine
394 1739 489 1794 debuit
505 1739 593 1796 inniti.
855 1741 857 1744 '

726 1996 727 2000 =
768 1959 909 2031 CAPUT
936 1947 1045 2030 XIW’

233 2125 334 2179 Juxta
351 2139 432 2193 quoe
450 2123 577 2193 primos
596 2137 753 2177 numeros
767 2125 800 2192 11)
818 2125 1007 2192 comparari
1024 2123 1158 2192 possint
1176 2118 1319 2177 stabiles
1338 2121 1410 2177 soni
1428 2121 1583 2193 exsyste·

250 2215 335 2265 msto
351 2209 508 2279 perfecto
526 2207 644 2280 primis
663 2208 807 2265 orbibus
826 2225 938 2265 eorum
952 2209 1119 2280 (siderum)
1133 2225 1216 2278 quae
1234 2211 1267 2264 in
1285 2207 1406 2297 mundo
1426 2211 1564 2280 sunem).

321 2361 476 2437 Quomodo
499 2366 587 2440 igitur
617 2363 799 2440 planetarum
827 2367 856 2422 in
887 2381 993 2440 genere
1016 2371 1177 2424 sumturum
1210 2361 1262 2422 alil
1293 2378 1359 2422 cnm
1382 2362 1449 2422 aliis
1472 2367 1583 2423 consti·

236 2459 320 2509 luant
342 2459 436 2509 certas
464 2451 607 2529 quasdam
631 2451 822 2528 albentesque
846 2451 1103 2527 configurationes,
1135 2449 1343 2528 respondentes
1367 2449 1498 2526 singulas
1520 2454 1583 2510 sin·

236 2537 313 2610 pulis
335 2539 364 2595 iu
387 2537 555 2598 harmonica
577 2539 716 2598 iacultate
739 2542 952 2614 consonantiis,
983 2537 1092 2598 dictum
1116 2545 1160 2598 est
1183 2538 1337 2597 hactenus,
1378 2536 1431 2597 Sol
1453 2541 1530 2597 enim
1554 2547 1584 2600 et

201 2631 204 2644 ¹
235 2627 356 2684 comitas
380 2626 453 2701 ejus.
477 2625 578 2684 Venus
601 2625 823 2702 Mercuriusque
847 2644 912 2686 cum
934 2625 1054 2703 reliquis
1077 2633 1212 2702 quatuor,
1236 2632 1317 2684 motu
1341 2626 1476 2685 omnibns
1500 2641 1582 2686 eom·

235 2715 315 2771 muni
338 2729 388 2789 per
409 2713 561 2774 nodincnm
586 2729 685 2773 ornnes
709 2714 869 2792 explicatas
893 2713 1136 2790 configurationes
1158 2713 1284 2772 subeunt
1299 2707 1359 2794 W).
1388 2711 1461 2771 Cum
1484 2722 1584 2774 autem
1633 2783 1636 2790 Α

235 2816 292 2859 non
325 2805 438 2858 tantum
467 2817 649 2866 communem
672 2801 801 2860 babeant
822 2812 933 2860 motum
956 2817 1006 2879 per
1029 2800 1199 2870 zodiacum,
1233 2799 1285 2859 aad
1314 2799 1466 2859 distinctas
1494 2802 1582 2861 etiam

235 2886 343 2963 singuli
365 2888 535 2963 possideant
558 2889 712 2965 sphaeras,
746 2890 852 2964 quibus
877 2897 1044 2960 sectamur,
1075 2889 1141 2964 jure
1164 2887 1329 2954 allubescat
1351 2886 1462 2946 bomini
1484 2887 1582 2964 philo·

235 2975 329 3052 eopbo
352 2973 484 3049 videre,
501 2992 571 3034 num
595 2977 683 3035 etiam
705 2992 756 3051 per
777 2975 908 3048 singulos
929 2976 1064 3052 planetas
1093 2974 1231 3034 succedat
1252 2975 1372 3033 ulterior
1394 2974 1495 3051 aliqua
1517 2993 1582 3036 oum

238 3061 413 3122 harmonicis
436 3065 627 3140 comparatio.
673 3063 801 3121 Primum
825 3067 914 3139 igitur
931 3081 1113 3138 quaeramus,
1138 3060 1208 3138 quid
1229 3079 1325 3121 rarum
1348 3061 1582 3124 harmonicamm

236 3166 301 3209 cnm
323 3149 457 3226 sphaeris
480 3150 660 3225 singulorum
689 3151 880 3226 probabiliter
912 3153 1033 3210 conferri
1066 3152 1168 3229 possit.
1214 3147 1325 3225 Opinon
1355 3157 1469 3224 autam,
1498 3154 1582 3228 sequi

237 3253 352 3297 summa
373 3239 488 3297 ratione
511 3237 548 3298 ad
571 3255 615 3310 ea,
640 3255 715 3315 quas
738 3238 879 3298 hacteuus
901 3241 1124 3316 usurpavimus,
1148 3244 1181 3296 nt
1202 3239 1279 3296 siont
1302 3255 1322 3295 a
1343 3237 1582 3314 configurationi-

234 3325 306 3398 bus,
331 3323 497 3401 dequibus
519 3325 669 3398 haetenus,
693 3329 849 3386 transimus
871 3325 909 3386 ad
933 3329 997 3403 ipsa
1020 3341 1156 3403 corpora,
1180 3341 1256 3401 quae
1280 3323 1504 3400 configurantur,
1528 3342 1581 3386 eo·

236 3429 357 3489 rumque
379 3412 479 3486 orbes,
512 3414 553 3472 sic
583 3417 672 3472 etiam
705 3431 723 3472 a
754 3416 967 3486 consonantiis,
1003 3429 1077 3488 quas
1108 3413 1271 3470 invenimus
1303 3411 1477 3486 respondere
1510 3429 1583 3472 can-

236 3497 472 3575 figurationibus,
503 3516 581 3559 nunc
614 3510 793 3560 transeamus
826 3501 864 3559 ad
887 3505 968 3575 ipsos
990 3505 1184 3559 consonantes
1206 3513 1295 3557 eonos
1329 3509 1486 3575 eorumque
1519 3499 1583 3559 eifl-

237 3589 333 3658 cieus,
364 3587 486 3648 chordas
516 3587 635 3664 perfecti
668 3589 851 3665 systematis,
884 3598 972 3663 atque
1006 3589 1048 3645 sic
1078 3585 1261 3662 planetarum
1293 3585 1478 3663 singulorum¹
1498 3588 1583 3647 orbes

132 3683 140 3692 '
237 3691 303 3733 cnm
325 3673 446 3750 singulis
470 3675 601 3746 chordis,
633 3679 712 3734 sonis
735 3693 787 3734 eeu
810 3675 884 3733 loeis
906 3675 1073 3752 systematis
1097 3688 1297 3748 comparemus
1322 3669 1361 3751 V).
1401 3672 1483 3732 Siout
1506 3677 1582 3734 enim

237 3764 445 3821 consonantias
477 3761 697 3822 considerantur
720 3761 872 3834 absolute,
906 3765 969 3820 sine
996 3767 1131 3838 respectu
1158 3759 1321 3818 altitudinis
1352 3761 1381 3817 in
1411 3769 1580 3837 systemate,

236 3865 302 3910 enm
326 3847 426 3908 eadem
456 3851 648 3910 consonantia
680 3851 774 3925 possit
803 3865 867 3908 esee
889 3855 949 3908 tem
971 3850 1046 3907 inter
1073 3849 1223 3924 graviores
1251 3863 1354 3921 sonos,
1389 3865 1477 3924 quam
1506 3852 1580 3908 inter

235 3937 395 4009 acutiores,
426 3939 469 3997 sic
492 3939 580 3996 etiam
600 3937 847 4012 configurationes
869 3944 899 3995 et
921 3944 1056 4015 aspectus
1072 3942 1146 3995 ,sunt
1176 3936 1339 4012 promiscue
1362 3937 1491 3994 omnium
1514 3936 1582 4014 pla·

236 4024 387 4096 natarum,
409 4041 460 4084 ssu
482 4025 651 4083 inferiorum
674 4041 725 4084 ssu
748 4025 937 4101 superiorum.
979 4023 1017 4082 Et
1040 4025 1169 4082 vicissim
1192 4026 1267 4082 sieut
1289 4024 1353 4081 sdni
1377 4023 1498 4083 stabiles
1518 4023 1600 4100 jam

235 4129 290 4171 sua
311 4112 423 4172 babent
442 4115 593 4188 assignata
615 4119 693 4171 certa
716 4113 782 4172 loca
811 4113 840 4169 iu
869 4117 1046 4189 systemate,
1077 4112 1120 4171 sic
1148 4109 1284 4187 planetae
1316 4109 1424 4187 singuli
1451 4110 1597 4187 singalas*

237 4199 376 4276 sphaeras
399 4201 428 4256 iu
450 4199 558 4258 mundo
575 4196 626 4278 VI).

321 4285 412 4344 Porro
434 4302 500 4346 cum
524 4303 584 4344 nou
607 4297 720 4344 tautum
742 4281 828 4345 unius
850 4285 987 4362 planetas
1009 4275 1107 4362 plu'rss
1130 4286 1189 4344 sint
1211 4285 1305 4358 orbes,
1328 4284 1380 4343 sed
1403 4287 1492 4344 etiam
1513 4302 1581 4363 per-

238 4373 304 4432 lecti
319 4376 495 4451 systematis,
520 4373 598 4448 quod
616 4381 706 4432 totam
723 4373 908 4432 harmonicae
923 4375 1198 4449 contemperationis
1212 4371 1413 4448 complectitur
1435 4379 1578 4448 naturam,

238 4459 333 4536 plures
356 4460 491 4535 chordae,
516 4477 603 4537 quam
626 4463 654 4517 in
678 4459 787 4519 mundo
809 4456 1024 4538 planetaeVfl)t
1048 4459 1177 4519 deiectus
1200 4469 1245 4520 est
1267 4467 1414 4534 utcunque
1436 4458 1581 4521 adhiben-

239 4547 292 4606 dus
313 4549 377 4622 iste,
400 4557 434 4608 nt
455 4549 515 4608 illic
538 4549 646 4626 primas
668 4565 799 4623 quasque
815 4547 963 4623 sphaeras,
988 4563 1064 4622 quae
1079 4545 1205 4622 reliquae
1228 4547 1276 4604 uni
1300 4545 1434 4624 planetae
1456 4547 1581 4607 tributae

238 4636 364 4694 exterius
387 4637 565 4714 complexae,
589 4643 669 4694 motu
692 4635 836 4710 cujusque
858 4637 975 4711 proprio
999 4643 1028 4692 et
1050 4633 1199 4709 aequabili
1223 4635 1298 4693 circa
1320 4633 1427 4692 Terrae
1450 4642 1579 4695 centrum

239 4731 370 4794 vectant,
402 4731 430 4782 et
453 4723 500 4782 bic
522 4725 673 4800 primariae
696 4722 818 4781 chordas
841 4738 893 4780 seu
916 4735 1006 4780 sonos
1028 4719 1163 4792 stabiles,
1194 4723 1244 4796 qui
1266 4737 1317 4797 per
1340 4719 1456 4782 diversa
1477 4730 1580 4781 tantm

237 4825 346 4886 genera
368 4817 511 4886 tonosque
534 4827 635 4872 omnes
665 4809 752 4869 iidem
776 4825 889 4886 semper
910 4815 1096 4886 permanent,
1130 4824 1185 4868 uec
1215 4815 1247 4867 ut
1268 4811 1362 4868 ‚mteri
1393 4808 1581 4874 intenduntur
