3732 5528
768 338 1118 412 mmmm.
1544 319 1710 406 ,Μ’

267 520 339 590 quod
359 521 544 576 demonstrare
560 514 663 584 nititur,
682 522 772 572 motus
791 515 924 570 coelestes
942 515 1092 572 rationibus
1110 515 1272 572 harmonicis
1289 531 1351 574 esec
1362 521 1542 588 comparatos,
1560 524 1618 574 tan-

267 607 324 654 tam
346 597 548 654 controversiae
569 593 657 651 eidem
679 609 773 648 moveo
801 610 883 663 super
905 595 1005 659 modis,
1029 596 1128 664 quihus
1146 596 1199 650 hoc
1222 595 1279 652 fieri
1297 604 1397 667 potest.
1433 596 1503 651 Nam
1521 597 1548 652 in
1566 597 1619 651 hoc

210 719 213 724 .
267 677 375 748 quidem
395 675 485 746 capite
506 673 563 728 sive
581 687 625 728 rea
643 674 715 729 inter
732 689 761 726 se
780 681 960 741 comparatae,
979 676 1036 727 sive
1053 673 1145 742 priora
1162 673 1216 727 duo
1234 680 1393 742 argumenta
1410 675 1619 744 comparationis
1709 667 1721 682 ⁶

266 749 432 815 intueamur,
457 743 525 808 nihil
551 757 616 798 sane
642 744 823 808 inveniemus,
851 743 924 812 quod
949 743 1092 812 genuinam
1115 759 1204 798 rerum
1228 752 1351 800 naturam
1378 752 1405 801 et
1424 745 1618 802 connexionem

268 823 340 878 iuter
357 839 387 880 se
406 839 506 878 causae
524 831 553 877 et
571 819 683 878 effectus
704 823 803 890 sapiat:
836 821 955 876 Primum
967 822 1046 882 ‚enim
1065 837 1098 875 ex
1111 835 1165 876 uua
1177 829 1254 891 parte
1266 823 1403 892 schacos,
1422 833 1453 880 ut
1468 825 1491 882 is
1510 825 1618 895 quidem

267 902 360 973 incipit
378 919 395 957 a
413 901 468 957 duo
487 901 604 972 quodam
623 907 733 970 puncto.
753 908 796 955 eat
813 899 930 957 cuculus
949 901 1122 970 imaginarius
1140 901 1167 955 in
1187 902 1305 970 sphaera
1316 903 1426 974 extima,
1444 905 1473 958 in
1491 922 1544 974 quo
1557 903 1618 976 ipso

268 980 359 1036 nullas
377 980 548 1051 planetarum
567 979 675 1048 incedit,
694 981 742 1035 sed
762 982 831 1034 bene
849 979 900 1036 snb
919 992 952 1035 eo
971 996 1063 1034 omncs
1083 980 1207 1036 incedere
1227 981 1358 1035 ridentur.
1394 983 1437 1038 Ex
1451 981 1538 1040 altera
1554 997 1619 1040 aero

268 1066 344 1128 parte
362 1067 482 1130 systema
500 1059 651 1130 perlectam
669 1067 711 1113 est
728 1059 800 1114 inter
819 1075 921 1128 organa
939 1065 967 1112 et
985 1075 1054 1128 pene
1073 1057 1139 1112 nihil
1152 1057 1235 1124 aliud,
1254 1075 1334 1128 quam
1353 1061 1419 1114 artis
1432 1076 1507 1130 opus
1540 1059 1619 1130 Quod

267 1146 297 1192 ιιι
315 1145 446 1209 appareat
464 1154 545 1208 quam
564 1138 616 1190 rim
635 1137 749 1206 hebeat,
773 1139 861 1192 notari
880 1135 974 1214 velim,
1000 1137 1026 1192 in
1052 1153 1080 1192 re
1106 1139 1263 1194 harmonica
1289 1137 1375 1192 multe
1394 1139 1503 1208 quidem
1530 1139 1619 1195 inesse

266 1218 395 1288 membra,
414 1218 464 1274 sed
483 1233 536 1274 non
556 1216 646 1271 omnia
665 1216 786 1284 ejusdem
805 1215 921 1285 ordinis;
941 1223 1005 1271 sunt
1018 1215 1089 1270 enirn
1108 1231 1195 1285 peuce
1211 1215 1303 1285 eliqua
1314 1215 1403 1285 prima
1420 1217 1546 1286 ortuiqae
1559 1235 1619 1287 pro·

265 1296 344 1366 xima,
363 1296 484 1352 secunda
501 1295 594 1366 primis
611 1303 809 1368 superstructa,
827 1297 910 1350 tertia
927 1294 1061 1367 secundis,
1085 1301 1182 1364 quarta
1201 1293 1297 1348 tertiis.
1333 1293 1424 1349 Prima
1441 1303 1505 1350 snnt
1522 1297 1620 1352 sectio-

266 1389 315 1428 nes
332 1374 506 1432 harmonicae
524 1373 619 1430 circuli
637 1381 750 1443 septem,
769 1373 822 1428 hae
840 1373 993 1429 immediate
1012 1389 1046 1428 ex
1064 1373 1125 1442 ipae
1142 1373 1292 1443 geometria
1310 1371 1408 1438 circuli,
1420 1371 1622 1444 figurarumque

265 1453 481 1525 inscriptibilium
509 1453 640 1508 oriuntur.
675 1452 726 1506 His
745 1451 839 1522 igitur,
867 1467 937 1521 quae
955 1467 973 1506 a
990 1449 1091 1508 circtdo
1111 1451 1300 1519 detraxerunt,
1326 1450 1481 1506 harmonice
1503 1451 1561 1519 jam
1579 1467 1620 1507 se-

264 1521 354 1588 cnddo
371 1533 458 1588 multa
477 1533 582 1600 miscet,
601 1531 666 1600 quia
683 1531 795 1596 chorda,
815 1531 930 1600 primum
950 1530 1102 1598 subjectam
1121 1530 1318 1585 transfusarnm
1337 1529 1431 1586 circuli
1451 1529 1620 1598 divisionum,

265 1617 307 1665 eat
325 1609 396 1667 linea
414 1619 496 1667 recta.
535 1612 579 1666 Fit
597 1611 679 1678 igitar
697 1611 749 1666 hac
767 1610 945 1678 rectitudine,
970 1617 1072 1664 utnon
1092 1617 1198 1664 tantum
1226 1608 1328 1664 chorda
1344 1609 1450 1680 integre
1472 1608 1576 1667 derivet
1593 1609 1621 1664 in

239 1710 242 1724 ·
268 1702 297 1743 se
316 1687 460 1746 divisiones
479 1681 575 1746 circuli
593 1686 832 1758 demonstrabiles,
858 1687 906 1742 sed
925 1689 1005 1742 etiam
1024 1687 1161 1756 quaelibet
1180 1687 1301 1754 ejusdem
1320 1689 1405 1743 totius
1423 1686 1540 1744 chordae
1557 1705 1621 1760 pars

268 1767 377 1824 easdem
396 1769 542 1826 divisiones
562 1766 656 1822 circuli
676 1768 813 1838 suscipiet.
851 1766 881 1821 ld
902 1783 964 1822 vcro
987 1765 1014 1822 ia
1033 1764 1134 1821 circulo
1153 1783 1207 1820 non
1225 1765 1419 1835 quovismodo
1444 1765 1503 1821 lieri
1522 1775 1622 1837 potest,

271 1850 425 1916 nonenim,
444 1849 467 1904 si
485 1856 559 1903 totus
579 1845 696 1902 cuculus
715 1847 878 1915 geometrice
898 1844 980 1902 dividi
998 1852 1089 1914 potest
1107 1845 1134 1897 iu
1153 1844 1206 1912 triu
1219 1844 1356 1913 aequalia,
1377 1853 1523 1914 propterea
1540 1846 1621 1902 etiam

162 1929 167 1940 '
268 1927 326 1994 ejns
351 1927 433 1982 tertia
458 1933 506 1983 aut
531 1926 626 1994 quinta
653 1932 700 1979 aut
727 1923 837 1993 quaevis
864 1941 928 1994 pare
952 1923 1074 1980 similiter
1096 1922 1125 1977 in
1143 1923 1194 1978 tria
1219 1923 1382 1992 geometrice
1406 1918 1489 1978 dividi
1514 1925 1621 1994 poterit.

269 2003 360 2060 Causa
379 2011 422 2060 est
439 2005 468 2060 in
485 2002 649 2058 excellentia
667 2001 761 2057 cbculi
780 2018 846 2072 prae
863 2003 936 2057 linea
953 2009 1035 2058 recta.
1072 2003 1142 2070 Nam
1157 2001 1274 2057 circulus
1292 2002 1415 2072 perfecte
1427 2001 1559 2070 figuratus
1572 2011 1621 2066 est,

270 2082 372 2152 qnippe
390 2099 406 2138 a
425 2099 454 2137 se
471 2083 532 2152 ipso
552 2079 679 2136 delinitus
698 2087 726 2134 et
745 2079 952 2150 determinatum
979 2087 1068 2146 recta,
1093 2081 1146 2136 etsi
1163 2080 1286 2134 noscitur
1303 2079 1465 2149 figuratione
1483 2079 1622 2136 rectitudi-

269 2159 324 2231 nis,
342 2177 396 2216 non
415 2169 506 2216 tamen
524 2159 719 2215 determinatur
738 2160 772 2214 ab
787 2157 838 2214 hac
850 2176 900 2216 sna
911 2158 1081 2228 figuratione,
1100 2160 1164 2228 quia
1175 2175 1224 2228 per
1236 2159 1307 2214 hanc
1321 2157 1431 2214 licetilli
1449 2157 1476 2212 iu
1488 2157 1622 2215 infinitum

250 2253 426 2308 .excnrrerc;
447 2254 517 2308 opus
535 2238 618 2302 igitur
635 2236 718 2292 habet
737 2237 859 2306 punctis,
878 2237 990 2294 alterius
1009 2238 1105 2310 lineae¹
1116 2240 1237 2296 sectione
1255 2237 1347 2304 iactis,
1372 2247 1402 2292 ut
1420 2237 1621 2294 determinetur.

269 2317 364 2387 ltaqne
386 2318 452 2372 nihil
475 2325 566 2372 rectae
591 2315 698 2370 decedit
722 2315 755 2370 de
779 2317 897 2372 essentia
919 2331 986 2372 suec
1008 2317 1191 2387 figurationis,
1214 2316 1271 2372 sive
1290 2322 1347 2396 tota
1371 2317 1463 2387 eliqua
1480 2317 1621 2388 longitudo

269 2402 405 2466 sumatur,
431 2397 486 2452 sive
508 2410 586 2465 pars,
611 2403 640 2448 at
662 2395 763 2450 circqu
789 2395 860 2464 perit
877 2395 939 2464 ipse
955 2393 1097 2464 figuratio,
1119 2395 1236 2466 primum
1256 2403 1337 2466 atque
1362 2413 1425 2465 pers
1443 2395 1482 2453 illi
1501 2397 1622 2468 eripitur,

269 2473 321 2529 nisi
338 2491 418 2530 arcus
436 2474 562 2530 residuus
581 2489 652 2527 noua
670 2472 830 2542 figuratione
854 2473 883 2528 in
901 2473 1030 2528 circulum
1052 2475 1182 2529 minorem
1206 2483 1425 2545 contorqueatur.
1464 2477 1559 2547 Itaque
1576 2476 1623 2545 qui

269 2553 308 2609 sic
325 2553 384 2608 vult
402 2551 523 2608 dividere
541 2552 679 2606 residuum
699 2552 805 2616 circuli,
829 2553 899 2610 sicut
916 2559 975 2608 erat
993 2553 1108 2622 divisus,
1127 2553 1150 2608 is
1169 2570 1223 2608 non
1243 2571 1335 2622 ιιιιιιιιι,
1354 2554 1401 2609 sed
1421 2553 1489 2612 duos
1508 2555 1623 2611 circulos

270 2631 380 2688 dividet.
416 2633 468 2702 Qui
492 2648 555 2688 vero
581 2639 637 2686 tum
665 2641 749 2686 totum
772 2631 902 2690 chordam
925 2649 1005 2702 quam
1031 2642 1124 2702 partes
1143 2635 1202 2702 ejus
1229 2633 1324 2688 eadem
1342 2633 1447 2688 ratione
1465 2631 1572 2702 dividit,
1599 2633 1623 2687 is

270 2727 349 2766 unam
368 2712 511 2780 utrobique
538 2719 566 2768 et
585 2711 697 2766 eandem
717 2717 817 2766 rectam
837 2712 932 2768 dividit
950 2714 1032 2783 inque
1050 2728 1083 2768 ee
1100 2721 1191 2783 partes
1214 2711 1302 2772 varim
1325 2710 1478 2780 constituit,
1503 2711 1575 2766 inter
1593 2725 1623 2766 sa

269 2791 481 2860 comparabiles,
507 2798 535 2844 cl
552 2791 593 2846 sic
610 2789 703 2860 plures
721 2792 749 2846 in
767 2791 814 2846 illu
832 2793 1021 2862 proportiones
1039 2791 1204 2858 accumulat,
1232 2807 1313 2860 quam
1339 2791 1366 2844 in
1384 2789 1484 2846 circulo
1506 2797 1624 2859 possunt

215 2901 223 2921 ι
270 2869 396 2924 existere,
433 2872 500 2926 Cum
515 2871 597 2940 igitur
617 2870 773 2925 harmonice
792 2887 891 2928 exorsa
908 2891 925 2928 a
944 2872 1075 2928 divisione
1093 2871 1187 2927 drcnli
1208 2877 1307 2940 pergat
1325 2869 1453 2937 deinceps
1477 2867 1505 2924 in
1524 2873 1622 2924 tracta·

270 2951 344 3004 tione
363 2958 497 3006 rectamm
516 2951 692 3019 chordarum,
712 2951 847 3019 sequitur.
871 2961 901 3006 ut
917 2953 998 3022 plura
1012 2953 1070 3022 jam
1088 2953 1115 3008 in
1133 2951 1295 3007 harmonicis
1315 2964 1395 3018 quam
1414 2947 1442 3002 in
1460 2947 1561 3004 circada
1579 2962 1623 3002 ιε-

271 3027 344 3082 nient
363 3028 566 3087 consideranda.
602 3030 671 3084 Nam
697 3033 891 3099 consonantiae
914 3031 1032 3088 minores
1057 3048 1137 3102 qnam
1158 3031 1308 3101 diapason,
1337 3036 1367 3085 at
1384 3027 1464 3082 docui
1490 3026 1580 3097 capite
1598 3027 1623 3084 c.

268 3107 330 3161 libri
349 3109 400 3163 mei
418 3109 464 3172 IV,
479 3109 536 3176 jam
555 3109 680 3164 oriamur
698 3125 732 3164 en
750 3110 799 3164 teli
817 3113 1019 3181 comparatione
1044 3112 1170 3168 residuae
1187 3111 1273 3182 partis
1292 3113 1370 3178 (quac
1389 3109 1501 3164 semisse
1521 3126 1575 3166 non
1593 3109 1625 3164 fit

271 3189 368 3258 minor)
387 3203 448 3242 cum
466 3196 525 3244 tota
543 3197 670 3258 stantque
689 3187 749 3244 loco
766 3189 859 3258 tertio,
880 3205 913 3244 ex
932 3189 975 3245 his
993 3206 1058 3246 vero
1076 3189 1258 3246 consonantiis
1278 3188 1425 3244 minoribus
1447 3196 1544 3259 quarto
1563 3188 1623 3246 loco

267 3268 325 3336 jem
343 3269 478 3324 resultant
496 3268 637 3325 intervalla
655 3268 920 3338 dissone-concinna,
939 3269 996 3324 toni
1013 3285 1051 3324 sc.
1070 3277 1098 3322 et
1117 3269 1275 3335 semitonia,
1297 3283 1346 3337 per
1364 3267 1431 3322 haec
1449 3269 1544 3336 quinto
1561 3267 1623 3323 loco

271 3345 427 3402 dividuntur
445 3349 637 3404 consonantiae
656 3349 859 3416 sortiuntnrqne
878 3364 925 3402 sua
946 3348 1068 3413 namium
1088 3356 1166 3402 sexto
1185 3364 1219 3402 ex
1237 3347 1369 3402 divisione
1387 3347 1472 3416 ipsius
1492 3346 1624 3418 diapason

271 3426 298 3479 in
316 3425 449 3480 concinna
464 3427 600 3484 resultant
617 3427 739 3483 diversae
764 3428 870 3494 species
890 3427 963 3494 ojus3
990 3428 1106 3498 septimo
1128 3427 1258 3498 denique,
1281 3435 1312 3481 ut
1330 3442 1422 3480 omnes
1449 3425 1499 3480 bas
1517 3424 1624 3494 species

270 3507 298 3559 in
316 3523 369 3562 uno
388 3512 533 3576 systemate
552 3507 686 3576 speculari
705 3507 854 3574 possimus,
888 3508 1075 3576 componimus
1101 3508 1154 3562 duo
1173 3506 1304 3577 diapason
1327 3505 1354 3559 in
1374 3522 1455 3560 nurum
1473 3503 1624 3573 perlectum

271 3592 395 3654 systema,
415 3583 442 3639 id
459 3593 549 3640 maren
561 3587 653 3662 'magis
672 3588 817 3643 arbitraria
835 3587 949 3655 ratione,
968 3603 1049 3655 quam
1062 3586 1236 3654 necessitate
1255 3601 1398 3656 possemus
1416 3581 1487 3636 enim
1505 3583 1624 3651 speciem

271 3677 366 3732 anam,
390 3679 459 3732 quae
478 3662 558 3718 altius
577 3664 684 3734 incipit,
710 3665 829 3720 dividere
849 3671 877 3718 ct
897 3664 969 3733 quod
988 3663 1021 3718 dc
1040 3681 1072 3718 ea
1091 3665 1198 3720 excedit
1217 3680 1311 3734 supra,
1332 3664 1358 3718 id
1377 3663 1468 3719 locare
1486 3661 1568 3730 intra,
1593 3669 1624 3716 ut

270 3741 444 3810 primatiam
463 3741 490 3795 in
509 3742 630 3811 perlecto
650 3751 797 3812 systemate
816 3742 875 3796 fieri
893 3745 991 3812 potuit.
1027 3745 1099 3800 Ecce
1113 3754 1179 3814 qum
1192 3744 1319 3812 gradibus
1339 3760 1355 3798 a
1372 3743 1465 3798 cuculi
1477 3741 1624 3810 geometria

270 3816 435 3884 recedamus,
455 3820 612 3890 prinsquam
630 3821 806 3890 perveniatur
825 3821 859 3875 ad
879 3829 997 3890 systema
1015 3823 1174 3892 perlectum.
1210 3825 1304 3880 Rebus
1317 3824 1400 3894 igitur
1417 3823 1488 3878 inter
1505 3836 1535 3876 se
1553 3837 1623 3875 com-

269 3897 395 3968 parandis
414 3905 490 3954 tanto
507 3899 649 3953 intervallo
668 3907 696 3954 et
713 3916 730 3955 a
749 3909 846 3956 natura
865 3911 892 3954 et
905 3899 938 3954 ab
954 3901 1067 3957 invicem
1080 3899 1280 3972 recedentibus,
1298 3901 1465 3972 impossibile
1479 3909 1521 3956 est
1532 3906 1624 3968 aptam

270 3977 374 4032 institui
397 3994 478 4046 posse
503 3977 746 4046 comparationem,
774 3978 924 4034 mirandum
951 3981 1036 4050 magis
1055 3981 1191 4050 ingenium
1212 3982 1371 4050 Ptolemaei,
1399 3983 1446 4051 qui
1468 3977 1624 4050 probabiles

270 4057 497 4112 tamentationes
515 4055 635 4110 i11venire
654 4059 782 4126 potuerit.
819 4061 899 4114 Certo
918 4067 1036 4127 systema
1055 4061 1220 4130 perfectam,
1246 4059 1320 4130 quod
1338 4062 1460 4116 homines
1486 4059 1625 4128 clegerunt

271 4135 313 4188 sni
332 4142 428 4205 captus
446 4151 542 4201 causa,
567 4152 620 4190 iton
647 4138 768 4205 potuerit
785 4155 860 4206 esse,
885 4137 958 4204 dico,
983 4137 1146 4208 archetypus
1170 4137 1362 4196 conformando
1387 4138 1488 4193 circulo
1506 4137 1625 4202 zodiaco,

272 4212 319 4267 ced
338 4213 443 4268 exstitit
467 4214 550 4283 hujus
570 4221 675 4269 tractus
699 4215 837 4273 distinctio
861 4233 877 4269 a
896 4217 993 4271 ceteris
1017 4219 1085 4272 coeli
1103 4220 1236 4276 tractibus
1254 4219 1345 4274 statim
1372 4217 1515 4285 cumipse
1538 4217 1626 4285 prima

271 4295 460 4351 convolutione
478 4293 551 4370 globi
571 4294 671 4348 Solaria
690 4295 762 4350 circa
780 4313 858 4352 suum
878 4313 969 4362 axem,
987 4289 1020 4351 ιίι
1039 4296 1099 4366 ipso
1117 4297 1210 4352 intimo
1229 4297 1321 4353 mundi
1343 4297 1495 4365 complexa.
1532 4296 1570 4350 Ει
1588 4297 1624 4350 ri-

272 4376 361 4431 cissim
380 4375 508 4429 zodiacus
528 4372 573 4426 illc
593 4372 700 4426 sensilis
719 4391 772 4428 non
792 4375 843 4430 init
863 4375 1016 4431 hominihus
1036 4392 1118 4430 cauea
1137 4373 1317 4431 constituendi
1335 4374 1489 4441 systematis
1501 4371 1623 4444 perlecti,

273 4455 320 4508 sed
338 4452 455 4508 maculas
473 4453 627 4508 abstractus
648 4461 675 4505 et
694 4453 886 4511 intellectualis
904 4457 992 4525 prima
1009 4454 1182 4510 fundamenta
1203 4455 1301 4524 posuit.
1323 4451 1421 4522 quibus
1438 4452 1547 4507 innixae
1564 4469 1623 4523 sep-

272 4541 327 4588 ιειιι
344 4531 440 4586 ordine
457 4531 672 4601 contignationes
696 4533 805 4587 tandem
827 4535 855 4588 in
875 4541 994 4604 systema
1015 4532 1167 4603 perlectum
1193 4533 1356 4589 desiverunt.
1392 4530 1484 4586 Rebus
1501 4531 1568 4600 ipsis
1590 4546 1624 4587 ει

273 4621 389 4680 unaque
412 4610 542 4666 facultate
568 4610 757 4678 comparandis
783 4613 823 4666 sic
846 4611 1021 4678 habentibus,
1048 4611 1146 4667 miram
1169 4629 1223 4669 non
1250 4619 1304 4683 est,
1332 4618 1490 4680 argumenta
1516 4625 1624 4683 quoqne

274 4691 483 4762 comparationis
509 4689 646 4758 vacillare;
672 4706 742 4759 qnae
766 4692 874 4760 qnidam
900 4690 954 4745 alia
980 4691 1040 4746 aliis
1058 4689 1169 4746 meliore
1193 4699 1264 4745 sunt.
1300 4691 1419 4746 Primum
1438 4691 1508 4745 enim
1531 4691 1625 4748 nititur

274 4769 384 4840 quidem
402 4767 543 4824 identitate
562 4777 651 4824 motus
671 4769 798 4838 utrinque
816 4770 919 4836 localis,
938 4775 967 4822 at
984 4769 1037 4824 hcc
1055 4767 1134 4825 nimis
1152 4769 1278 4838 generale
1296 4769 1464 4840 cognationis
1487 4775 1529 4824 est
1546 4783 1624 4839 argn-

327 4876 422 4930 ιηιηι
435 4875 548 4927 onena.
1208 4930 1213 4937 ,
1425 4865 1465 4924 dl
