3676 5536
739 311 822 392 aner
837 313 883 372 ιι.
902 313 989 386 equ
1004 314 1027 373 1.
1327 316 1330 326 ¹
1493 326 1555 388 ιη

214 501 274 554 tans
298 495 462 555 abstractae
485 511 504 553 a
527 493 691 568 sensilibus,
716 509 804 568 quarn
826 503 975 568 nunqnam
998 493 1033 550 iia
1057 490 1209 556 concretae
1232 493 1353 572 inerint,
1381 498 1558 560 abanactam

213 584 300 660 igitur
323 583 518 658 quantitatem
537 581 618 657 ¹jure,
633 582 770 641 terminos
800 583 957 640 statuimus
984 581 1220 658 proportionibus
1236 581 1421 652 ,harmonicis
1453 586 1556 649 uche-

211 671 335 748 typicis,
364 671 473 746 quippe
497 677 664 746 quaesunt
687 686 722 730 ex
745 667 846 728 circuli
870 666 1063 739 divisionibus
1094 666 1378 734 demonstrabilibus.
1422 673 1475 734 Est
1497 673 1558 734 alia

212 773 312 830 cansa,
335 773 385 816 cnr
407 757 570 817 abstractas
593 758 772 832 quantitates
797 755 912 832 eligam,
936 756 1007 831 qnia
1022 753 1156 830 circulus,
1180 758 1230 834 qui
1251 757 1412 837 figuraest,
1436 769 1557 838 quartae

212 862 316 920 nempe
340 843 489 921 qualitatis
512 843 640 922 species,
673 839 868 920 quamvis'sit
890 843 1055 918 quantitas,
1086 849 1183 904 tamen
1208 847 1238 902 in
1260 844 1316 908 boo
1338 851 1456 926 negotio
1484 866 1557 926 pure

213 941 245 991 ut
267 931 361 1008 figura
383 932 591 1006 consideratur,
615 933 679 991 sine
702 933 800 1006 magni
826 929 871 992 vel
883 933 971 1008 parvi
994 930 1164 1002 discrimine,
1189 930 1265 992 adeo
1287 944 1320 994 nt
1335 939 1424 996 etiam
1439 937 1477 997 ab
1492 939 1558 1014 ipsa

213 1022 377 1097 quantitate
408 1019 500 1080 veluti
530 1036 548 1077 a
575 1035 629 1078 sno
660 1018 793 1095 subjecto
822 1018 1007 1078 abstrahatur
1032 1017 1248 1096 quodammodo
1278 1026 1428 1101 possitque
1458 1025 1506 1084 vel
1528 1027 1558 1082 in

214 1109 313 1185 puncti
336 1109 474 1184 angustia
500 1107 563 1184 ejus
586 1109 707 1182 agnosci
730 1113 842 1165 natura.
886 1103 953 1164 Hoc
982 1107 1084 1182 opinor
1106 1105 1227 1166 Procius
1257 1108 1366 1182 voluit,
1396 1111 1464 1171 dnm
1491 1130 1556 1171 nra-

214 1194 388 1256 thematicas
412 1213 458 1256 res
481 1196 509 1252 in
531 1197 630 1254 anima
653 1193 726 1252 dixit
748 1195 844 1254 inesse
867 1195 1037 1268 incorporeo
1059 1200 1089 1254 et
1111 1193 1262 1258 indistnnti
1283 1198 1381 1258 modo.

276 1275 353 1342 'Est
375 1280 501 1358 denique
533 1291 563 1342 et
590 1280 669 1350 baec,
686 1297 800 1340 somma
829 1289 858 1343 et
887 1275 1047 1354 decumana
1069 1284 1161 1354 ratio,
1193 1281 1272 1358 quod
1295 1287 1490 1362 quantitatum
1513 1294 1558 1348 est

214 1371 356 1431 mirabilis
379 1369 524 1446 quaedam
549 1377 577 1430 et
599 1368 686 1445 plane
709 1367 809 1428 divina
830 1366 935 1445 politia
957 1385 1109 1446 rerumque
1124 1368 1291 1446 ,divinarum
1316 1380 1353 1433 et.
1367 1373 1558 1436 humanarum

215 1460 376 1518 communis
408 1460 437 1514 in
468 1459 503 1516 iis
535 1454 746 1534 symbolisatio.
791 1455 837 1516 De
868 1463 1070 1515 sacrosanctae
1099 1455 1251 1518 Trinitatis
1276 1458 1499 1522 adumbratione
1528 1463 1558 1520 in

214 1545 365 1624 sphaerico
389 1546 491 1620 scripsi
504 1546 626 1624 passim,
648 1546 679 1602 in
695 1540 817 1622 Opticis,
840 1544 873 1618 in¹
885 1541 1107 1602 Commentariis
1123 1543 1236 1620 Martia,
1260 1547 1288 1604 in
1306 1546 1437 1608 doctrina
1451 1547 1559 1625 sphae-

214 1632 292 1708 ri'ca,
321 1651 395 1711 quae
418 1631 466 1691 bic
487 1633 611 1708 repetita
633 1630 711 1690 volo.
724 1625 766 1712 ¹⁴)
809 1629 948 1706 Sequitur
979 1632 1065 1708 igitur
1095 1641 1175 1692 recta
1194 1631 1288 1708 linea,
1316 1652 1394 1712 quae
1421 1653 1458 1696 ex
1479 1635 1560 1696 tinxn

174 1777 177 1782 .
214 1723 316 1799 puncti
344 1725 373 1780 iu
397 1726 495 1780 centro
524 1723 552 1777 in
580 1726 719 1796 punctum
747 1719 865 1777 unicum
893 1717 1056 1795 superficiei
1089 1721 1184 1797 prima
1211 1719 1374 1784 rurlinranta
1403 1725 1558 1786 ornationis

215 1807 355 1878 delineat,
375 1805 491 1867 aemula
513 1815 648 1866 aeternae
671 1807 867 1884 generationis
881 1804 934 1863 filii
956 1803 1086 1886 (egressu
1100 1809 1190 1867 cenni
1206 1827 1307 1870 versus
1322 1810 1435 1874 infinita
1449 1820 1560 1888 puncta

215 1899 314 1956 totius·
335 1895 511 1972 superficiei,
542 1893 627 1954 lineis
650 1892 769 1952 infinitis
798 1894 852 1951 sub
881 1893 1061 1968 aequalitate
1089 1896 1224 1956 omnibus
1250 1898 1460 1974 perfectissima
1480 1899 1558 1976 tigu-

213 1993 296 2044 ratae
319 1993 349 2044 et
370 1979 530 2062 depictae),
553 1997 630 2057 quae
652 1989 732 2040 recta
753 1980 832 2040 linea
854 1977 1029 2040 elementum
1059 1981 1170 2042 scilicet
1191 1990 1236 2044 est
1257 1985 1368 2050 formae
1390 2003 1558 2064 corporeae.

212 2069 347 2131 Haecin
369 2069 461 2130 latum
484 2068 572 2128 ducta
591 2069 653 2146 jam
677 2072 771 2144 ipsam
792 2067 915 2128 iormam
929 2083 1097 2145 corpoream
1113 2069 1274 2145 adumbrat,
1298 2073 1419 2150 planum
1439 2091 1558 2150 crearm3

211 2157 302 2236 plano
326 2174 395 2220 vero
417 2165 527 2217 sectum
549 2155 734 2234 sphaericum
756 2153 896 2214 circnlnm
918 2159 1046 2216 sectione
1068 2153 1276 2233 repraesentat,
1293 2163 1415 2224 ,mantis
1430 2170 1556 2236 mutae,

215 2264 292 2325 quae
316 2245 428 2323 corpori
450 2242 578 2322 regendo
601 2245 639 2302 sit
662 2244 823 2320 praefecta,
847 2246 1004 2318 genuinam
1026 2245 1197 2320 imaginem,
1224 2263 1302 2323 quae
1324 2249 1354 2306 in
1377 2266 1413 2308 ea
1435 2265 1558 2326 propor-

214 2337 293 2393 tione
317 2335 355 2392 sit
378 2331 414 2391 ad
437 2331 636 2408 sphaericum,
666 2337 698 2388 ut
721 2339 765 2391 cst
791 2347 872 2390 mens
896 2331 1023 2390 bumana
1050 2331 1088 2389 ad
1111 2331 1256 2407 divinam,
1286 2333 1365 2400 linea
1386 2335 1499 2397 scilicet
1521 2335 1560 2397 ad

215 2421 411 2502 superficiem,
444 2425 567 2495 utraque
590 2427 688 2478 tamen
712 2417 873 2491 circularis,
903 2417 1082 2494 adplenum
1106 2437 1189 2494 vero,
1220 2423 1248 2479 in
1271 2439 1330 2498 qno
1353 2426 1496 2497 mineat,
1528 2441 1559 2484 se

214 2509 306 2570 babet
328 2515 359 2568 ut
382 2524 503 2568 curvum
531 2505 569 2566 ad
592 2515 717 2586 rectum,
747 2523 824 2583 quae
851 2512 919 2565 sunt
942 2506 1228 2568 incommunicabilia
1257 2517 1286 2569 at
1309 2511 1559 2572 incommensura-

215 2597 302 2671 bilis,
331 2597 464 2672 inestque
492 2593 611 2671 pulchre
642 2593 767 2654 circulus
796 2604 857 2653 tam
886 2595 914 2652 in
938 2595 1025 2673 plano
1052 2604 1186 2669 secante,
1218 2597 1454 2660 circumscribens
1478 2599 1560 2678 illud,

216 2702 306 2761 quam
329 2687 357 2742 in
380 2683 533 2764 sphaerico
555 2692 649 2756 secto,
673 2689 774 2746 mutuo
796 2683 947 2758 utriusque
970 2698 1127 2756 concursu,
1155 2685 1231 2744 sicut
1253 2687 1367 2746 animus
1390 2695 1420 2747 st
1442 2689 1470 2746 in
1494 2703 1560 2748 cor·

217 2789 288 2854 pore
312 2773 396 2846 inest,
419 2770 578 2830 iniormana
601 2769 672 2830 illud
696 2785 901 2845 connexusque
923 2769 1033 2830 iormae
1056 2774 1225 2847 corporeae,
1253 2779 1282 2832 et
1304 2775 1333 2830 in
1356 2773 1421 2834 Deo
1443 2783 1560 2836 susten-

216 2869 304 2934 tatur,
327 2857 420 2919 reluti
442 2855 588 2934 quaedam
617 2875 652 2918 ex
676 2857 760 2918 vultu
783 2856 884 2916 divino
906 2857 937 2914 in
960 2857 1219 2934 corpus'derivata
1249 2859 1412 2936 irradiatio,
1443 2863 1560 2922 trahens

217 2947 284 3008 inde
307 2945 478 3007 nobiliorem
501 2953 643 3005 naturam.
689 2944 772 3021 Quae
796 2961 886 3004 causa
907 2945 983 3004 sieut
1004 2943 1116 3006 stabilit
1137 2949 1371 3024 proportionibus
1387 2948 1561 3010 harmonicis

219 3033 360 3096 circulum
392 3050 444 3111 pro
475 3033 610 3109 sanecto
640 3038 670 3092 et
697 3034 884 3094 terminorum
912 3032 1006 3105 lonte,
1038 3033 1080 3091 sic
1108 3033 1155 3092 sal
1178 3036 1303 3094 maxime
1335 3037 1560 3100 abstractionem

217 3121 417 3195 commendat,
448 3137 513 3181 cum
541 3136 636 3198 neque
667 3121 695 3178 in
724 3129 821 3180 certae
851 3120 1024 3196 quantitatis
1055 3120 1178 3195 circulo,
1207 3138 1302 3198 nsque
1332 3125 1362 3182 in
1383 3125 1559 3202 imperfecto,

217 3221 251 3272 ut
272 3218 341 3270 sunt
368 3207 535 3270 materiales
564 3216 595 3268 et
622 3207 759 3282 sensiles,
790 3208 858 3268 insit
887 3206 1048 3266 divinitatis
1076 3209 1165 3268 animi
1192 3208 1394 3291 adumbratio,
1425 3219 1455 3273 et
1482 3212 1562 3290 quod

218 3305 308 3376 eaput
331 3305 391 3372 est,
414 3301 527 3356 uatum
548 3313 568 3354 a
589 3299 734 3373 corporeis
765 3302 794 3355 et
815 3293 972 3354 sensilibus
995 3294 1096 3357 deceat
1119 3313 1183 3358 esse
1211 3297 1392 3358 abstractum
1413 3299 1561 3374 circulum,

215 3393 360 3465 quantum
382 3384 463 3446 curvi
486 3383 625 3458 rabones,
648 3386 736 3444 animi
760 3382 935 3461 symbolum,
960 3401 979 3442 a
1000 3388 1097 3456 recto,
1125 3401 1278 3462 corporum
1298 3386 1409 3460 umbra,
1432 3396 1561 3448 secretae

216 3483 247 3536 et
270 3473 351 3534 velut
372 3473 536 3534 abstractae
558 3479 636 3530 sunt.
680 3469 758 3531 Satis
788 3473 876 3547 igitur
904 3471 1008 3529 muniti
1038 3487 1138 3542 aumas
1167 3468 1205 3533 ad
1228 3469 1299 3548 boc,
1329 3481 1362 3533 nt
1387 3473 1562 3536 harmonicis

214 3561 460 3640 proportionibus,
483 3560 572 3620 aninri
594 3557 686 3619 solius
709 3559 840 3634 objectis,
863 3558 1001 3617 terminos
1023 3574 1059 3617 ex
1081 3558 1236 3620 abstractis
1259 3561 1562 3640 potissimumquan-

214 3650 351 3712 titatibns
372 3655 515 3727 petamus.
611 3711 614 3718 ,

303 3733 344 3798 Ut
366 3739 454 3814 igitur
475 3733 553 3794 bunc
566 3734 664 3795 locum
680 3733 897 3809 concludamus,
921 3733 1078 3809 praecipua
1099 3731 1239 3794 fasciculo
1253 3731 1433 3812 colligemus.
1473 3733 1562 3796 Gom·

215 3842 304 3886 muna
326 3825 403 3886 enim
424 3823 534 3884 babent
554 3822 724 3884 barmoniae
747 3820 868 3882 sensiles
891 3838 956 3882 cum
978 3819 1228 3898 archetypalibns‚
1253 3821 1331 3897 qnod
1344 3825 1492 3884 'terminos
1514 3839 1561 3884 re·

215 3915 334 3992 quirent
356 3927 513 3986 eorumque
537 3913 799 3988 comparationem,
827 3911 918 3988 ipsium
941 3909 1055 3968 animae
1079 3910 1243 3986 energiam3
1275 3912 1303 3968 in
1327 3909 1382 3970 bac
1409 3923 1562 3987 compara·

215 4004 296 4062 done
320 4007 505 4076 utrarumque
529 4002 656 4068 essentia
673 3999 819 4062 ,consinit
865 3995 924 4058 Sed
954 3995 1105 4058 sensilium
1132 3998 1246 4057 termini
1269 3998 1392 4058 sensiles
1415 4004 1483 4059 sunt
1510 4015 1570 4060 ex-.

215 4099 320 4166 traque
343 4091 471 4150 animam
497 4091 667 4163 praesentes
695 4087 798 4146 adema
828 4084 951 4160 debant;
980 4084 1211 4163 archetypaliunt
1236 4088 1349 4146 termini
1380 4077 1564 4148 suntantea

216 4181 296 4238 intus
312 4178 346 4245 ,in
374 4179 472 4236 anima
493 4181 671 4250 praesentes.
716 4171 879 4234 Seusilibns
907 4173 994 4248 igitur
1017 4189 1091 4250 opus
1113 4177 1231 4252 insuper
1252 4180 1297 4232 est
1322 4173 1488 4250 receptione
1510 4191 1563 4251 per

216 4267 346 4344 speciem
368 4282 404 4324 ex
426 4281 458 4323 se
481 4263 627 4333 emissam,
662 4277 738 4337 quaa
760 4263 887 4338 receptio
909 4259 960 4320 fiat
983 4278 1002 4319 a
1024 4260 1158 4322 sensibus
1181 4263 1296 4320 animae
1318 4262 1456 4320 ministris
1489 4277 1563 4340 opus

217 4361 264 4414 est
286 4361 316 4412 et
337 4349 397 4412 alia
418 4349 636 4427 comparatione
658 4347 840 4426 singulorum
862 4348 1050 4408 terminorum
1063 4349 1214 4409 sensilium
1237 4365 1302 4407 oum
1319 4347 1443 4424 singulis
1459 4349 1563 4412 arebe-

216 4440 376 4520 typaiibus,
399 4447 472 4516 puta
494 4435 603 4498 circulo
626 4435 748 4512 ejusque
770 4443 852 4513 parte
874 4433 985 4510 scibili3
1011 4444 1042 4496 at
1063 4434 1232 4496 barmoniae
1255 4435 1436 4514 archetypali
1460 4445 1564 4499 neutra

216 4545 249 4588 re
272 4535 317 4588 est
339 4543 422 4604 opus,
448 4543 514 4586 eum
535 4525 649 4584 termini
672 4531 759 4584 antea
780 4525 839 4584 sint
861 4525 891 4581 in
912 4524 1011 4582 anima
1032 4530 1215 4600 praesentes,
1239 4524 1266 4582 ei
1288 4525 1459 4600 congenitae
1480 4527 1562 4602 ipsa-

220 4633 278 4692 qns
300 4613 375 4674 adeo
398 4615 505 4688 anima
528 4629 582 4672 nec
604 4613 701 4688 imago
726 4613 785 4669 sint
806 4611 868 4670 veri
883 4611 930 4668 aui
943 4609 1162 4686 paradigmatis,
1185 4608 1238 4669 sed
1252 4611 1347 4687 ipsum
1367 4629 1451 4672 annm
1468 4612 1561 4674 veluti

216 4701 398 4782 paradigma
443 4701 490 4762 lta
519 4699 644 4778 simplex
666 4706 778 4760 tantum
806 4699 1000 4774 comparatio,
1032 4714 1122 4774 quam
1150 4699 1274 4758 instituit
1296 4700 1409 4774 anima,
1439 4717 1559 4762 sumum

218 4791 313 4872 ipsius
345 4790 438 4851 veluti
464 4790 589 4867 partium
625 4789 700 4849 inter
732 4803 777 4862 se,
809 4784 938 4846 absolvit
969 4783 1172 4864 mmetypicae
1204 4784 1374 4850 barmoniae
1407 4789 1563 4850 assandam
