3732 5528
860 349 998 422 Apologia.
1536 357 1598 416 429
1682 379 1684 388 ’

258 542 361 586 norum
392 527 612 588 tundamentum
642 546 707 589 esse
735 536 883 604 naturam,
915 533 1046 608 inprimis
1076 531 1106 587 in
1135 529 1349 599 consonantiis,
1381 526 1487 602 quibus
1509 529 1600 586 utitur

234 614 379 688 'artiiex,
403 631 460 675 non
484 616 565 676 aliud
588 617 691 692 hujus,
715 615 793 675 aliud
817 617 896 676 illius
919 620 1038 678 auribus
1060 617 1192 692 placere,
1213 616 1264 674 sed
1287 613 1411 674 eundern
1434 629 1599 674 consonan-

256 705 362 761 tiarum
391 720 543 763 numerum
571 706 609 763 ab
638 705 765 763 omnium
788 704 937 762 bominum
968 706 1087 764 auribus
1110 704 1280 782 approbari,
1311 701 1390 779 quod
1414 701 1522 760 iudicio
1545 713 1600 778 ast,

219 782 224 794 '
256 797 378 849 naturae
402 791 458 852 boc
481 809 555 869 opus
578 811 652 852 esse.
697 791 742 849 Ex
756 792 840 851 libris
858 801 1015 852 auctmum
1038 793 1174 869 decerpta
1195 793 1254 849 siut
1276 792 1372 867 capita
1394 788 1477 863 libri,
1503 805 1540 848 an
1564 807 1600 850 ex

256 879 381 954 proprio,
405 897 463 938 noa
487 889 531 939 est
553 883 667 938 animus
689 889 744 939 neo
764 879 847 938 locus
870 889 965 940 tecum
981 880 1110 958 litigare,
1135 877 1250 950 suffieit,
1275 877 1352 954 quod
1367 893 1468 936 varum
1491 877 1597 952 idest,
1644 931 1651 942 ,

257 965 336 1040 quod
359 969 388 1024 in
410 967 625 1045 comparatione
648 967 722 1040 dixi,
750 979 801 1040 ea,
834 984 909 1042 quae
933 985 951 1026 a
975 969 1122 1028 ueteribus
1152 973 1274 1044 possunt
1296 967 1464 1036 transsumi,
1496 983 1542 1024 me
1563 983 1599 1025 ex

257 1069 353 1111 rerum
375 1063 480 1113 natura
503 1073 611 1114 eruere.
657 1053 863 1114 Definitionum
887 1073 942 1132 ego
966 1063 1074 1114 certam
1102 1069 1181 1130 pono
1205 1054 1468 1112 consonantiarum.
1514 1051 1600 1112 Hauc

257 1139 454 1201 definitionem
477 1145 592 1221 recipit,
622 1141 763 1218 quidquid
786 1143 905 1202 auribus
929 1145 1068 1221 probatur
1091 1150 1122 1200 ut
1144 1158 1321 1215 consonum,
1356 1142 1481 1216 respuit,
1513 1139 1600 1216 quid·

258 1228 327 1303 quid
350 1245 435 1288 aures
458 1241 599 1308 respuunt
628 1239 661 1289 ut
684 1230 841 1288 dissonum.
887 1231 998 1290 Horum
1026 1229 1127 1306 aliqua
1155 1232 1243 1289 etiarn
1266 1228 1450 1305 Pythagoraa
1472 1244 1601 1287 consona

257 1315 346 1388 dixit,
375 1316 475 1392 aliqua
498 1335 625 1378 eousoua
654 1321 717 1396 ipse
739 1321 873 1392 negavit,
904 1317 1092 1378 Ptolemaeus
1121 1317 1284 1390 affirmarit
1330 1315 1395 1374 Non
1426 1323 1522 1374 nmen
1546 1332 1600 1392 ego

256 1420 351 1479 neque
374 1404 425 1464 illa
448 1423 543 1482 neque
567 1409 623 1466 ista
645 1407 753 1484 recipio
777 1409 850 1464 inter
873 1423 1011 1478 consona,
1035 1408 1105 1482 quia
1127 1405 1311 1483 Pythagoras
1334 1413 1386 1462 aut
1408 1404 1477 1478 quia
1499 1402 1601 1462 Ptole·

256 1507 358 1550 maeus
380 1491 410 1549 id
434 1492 521 1568 dixit,
552 1493 604 1552 sed
634 1495 703 1570 quia
731 1494 854 1569 primurn
877 1512 977 1568 aures,
1010 1492 1114 1554 deiude
1141 1493 1269 1552 delinitio
1292 1509 1359 1550 mea
1386 1493 1528 1568 recipiunt
1551 1490 1601 1550 illa

256 1579 331 1638 inter
353 1595 492 1639 consona.
536 1581 634 1640 Nolim
657 1581 791 1657 equidem
813 1599 921 1641 novam
944 1583 1063 1641 auribus
1086 1581 1306 1640 consonantiam
1329 1579 1430 1637 invitis
1446 1577 1600 1638 obtrudere
1661 1593 1664 1600 ·

257 1665 292 1724 de
315 1670 447 1745 proprio,
479 1685 627 1744 uurrquam
651 1678 733 1728 tanta
754 1686 800 1726 rue
822 1668 933 1746 gloriae
956 1670 1100 1748 cupiditas
1122 1671 1255 1742 incessit,
1282 1675 1315 1726 ut
1337 1675 1459 1725 naturae
1484 1669 1601 1726 obtrec-

256 1754 376 1812 taudum
400 1759 575 1830 censuerim,
606 1756 711 1815 suilieit
734 1756 818 1828 mibi,
850 1760 875 1816 si
900 1774 1139 1828 suceessorum,
1164 1773 1240 1833 quae
1262 1763 1368 1814 natura
1389 1761 1545 1829 monstrat,
1571 1757 1600 1812 in

257 1841 322 1900 luce
350 1859 457 1917 ponere
487 1861 614 1921 possum.
658 1845 779 1902 Frustra
809 1861 877 1919 ergo
907 1854 938 1903 tu
962 1847 1031 1904 milri
1058 1844 1179 1917 adimis,
1214 1842 1292 1919 quod
1323 1844 1502 1920 comparatio
1534 1859 1601 1902 mea

257 1932 392 2005 nuspiam
415 1935 571 2008 arrogavit.
617 1932 729 2007 Negas,
752 1949 798 1990 me
822 1932 989 1994 barmoniae
1013 1949 1095 1992 meae
1117 1935 1268 1992 materiam
1292 1930 1451 1989 secundum
1475 1934 1601 2007 promis-

181 2043 184 2062 ·
257 2033 321 2074 sum
345 2035 359 2076 e
383 2034 476 2078 reram
500 2031 604 2078 natura
625 2022 748 2091 eruisse,
773 2028 824 2077 aut
845 2037 863 2078 a
887 2021 1081 2080 laudamentis
1104 2022 1289 2081 constituere.
1334 2018 1488 2078 Materiam
1511 2035 1600 2094 quam

256 2113 286 2162 tu
308 2103 388 2164 dicas
412 2107 580 2166 harmoniae
603 2123 656 2184 ego
681 2124 739 2164 non
762 2108 900 2183 conjicio,
925 2125 1019 2185 neque
1043 2109 1078 2168 de
1102 2109 1269 2167 barmoniae
1294 2109 1415 2166 materia
1438 2105 1600 2183 quidquam

261 2191 349 2267 hujus
372 2209 426 2269 ego
450 2197 578 2270 promisi,
612 2195 663 2254 sed
686 2195 742 2254 hoc
765 2213 810 2254 me
834 2196 961 2256 voluisse
984 2197 1057 2256 liber
1080 2199 1142 2276 ipsc
1166 2197 1267 2255 tertius
1291 2201 1430 2266 testatur,
1458 2211 1504 2253 rue
1527 2211 1598 2253 cau-

259 2295 325 2352 sas,
356 2297 406 2339 cur
428 2291 569 2342 certarum
593 2285 788 2358 quantitatum
812 2285 933 2357 termini,
958 2287 986 2341 in
1010 2301 1097 2343 voces
1120 2283 1268 2343 naturales
1291 2283 1462 2353 introducti,
1493 2281 1602 2341 iaciant

257 2383 308 2424 eas
331 2385 506 2448 consonare,
538 2371 661 2430 aliarum
689 2372 884 2446 quantitatum
918 2373 1030 2430 termini
1060 2372 1116 2430 hoe
1138 2389 1196 2430 non
1218 2372 1342 2444 iaciant,
1372 2367 1460 2445 bujus
1484 2355 1611 2445 inquam⁸

257 2456 298 2512 rei
321 2471 426 2516 causas
458 2475 504 2516 ure
533 2475 665 2517 ererum
695 2467 800 2518 natura
828 2461 945 2522 eruisse.
990 2458 1058 2518 Vin'
1080 2462 1168 2535 igitur
1197 2466 1227 2516 tu
1258 2458 1347 2530 scire,
1381 2473 1457 2532 quac
1484 2459 1521 2516 sit
1552 2457 1602 2518 illa

257 2557 353 2600 rerum
375 2545 500 2604 natura?
545 2547 651 2603 Anima
681 2546 810 2606 humana
836 2563 904 2621 pars
932 2555 976 2605 est
998 2555 1133 2620 naturae,
1165 2549 1194 2604 in
1218 2549 1315 2604 anima
1345 2543 1455 2604 relucet
1476 2543 1601 2604 circulus

258 2644 320 2688 carn
345 2633 405 2690 suia
429 2632 620 2692 divisionibus
642 2651 694 2709 per
716 2634 860 2708 regularia
883 2634 988 2710 plana,
1022 2645 1176 2712 propterea
1207 2635 1276 2708 quia
1299 2635 1412 2691 animus
1438 2639 1483 2690 est
1505 2633 1602 2709 imago

257 2716 332 2792 Dei,
355 2735 390 2778 ex
414 2719 557 2779 diuisione
581 2721 695 2794 circuli,
727 2739 803 2798 quae
826 2721 858 2779 iit
880 2725 908 2778 in
933 2726 1023 2800 ipsius
1047 2725 1160 2782 animae
1190 2721 1317 2780 essentia
1345 2720 1504 2780 secundum
1528 2720 1602 2780 Pro·
1656 2789 1662 2802 ἱ

256 2804 346 2879 olom,
380 2809 422 2864 tui
445 2806 604 2867 Jambiieni
629 2809 819 2885 discipulum,
849 2813 1063 2870 constituuntur
1086 2811 1198 2870 termini
1222 2809 1438 2868 harmoniarum
1470 2808 1602 2868 intellec·-

256 2891 379 2952 tualium
403 2895 572 2968 inmundo,
598 2899 629 2955 ut
651 2904 718 2956 tuus
741 2896 935 2971 Jambliobus,
961 2897 1150 2975 intelligibili,
1174 2905 1206 2955 ut
1229 2913 1293 2972 ego,
1321 2898 1349 2953 in
1372 2903 1468 2954 mente
1492 2895 1601 2970 diviua,
1632 2961 1636 2970 ,

257 2980 341 3055 cujus
372 2982 518 3061 exemplar
548 2984 595 3042 lric
618 2993 662 3042 est
684 2984 826 3057 bumana,
859 2985 1052 3046 characterem
1080 3003 1173 3044 rerum
1204 2985 1444 3061 geometricorum
1474 2981 1542 3042 inde
1564 2983 1603 3043 ab

257 3077 321 3127 ortu
344 3069 470 3130 bominis
492 3089 527 3130 ex
550 3073 709 3150 archetypo
743 3090 797 3130 suo
820 3076 955 3132 retinens.
1002 3072 1149 3150 Amplius:
1180 3071 1297 3130 auditus
1325 3089 1392 3148 pars
1421 3077 1465 3129 est
1487 3073 1602 3130 animae

257 3165 438 3234 testaturque
461 3163 485 3216 is
508 3159 543 3218 de
566 3163 645 3219 sonis
668 3177 826 3234 eorumque
848 3163 1069 3236 quantitatibus,
1095 3179 1167 3237 quas
1183 3177 1285 3218 sensus
1301 3161 1461 3218 communis
1484 3174 1603 3235 reprae-

258 3253 355 3302 sentat
378 3245 546 3306 intellectui.
592 3245 625 3305 In
649 3246 694 3307 lria
718 3249 742 3306 si
766 3249 912 3308 invenitur
933 3251 1099 3328 proportio,
1125 3251 1152 3305 in
1176 3247 1325 3328 intellectu
1345 3248 1407 3322 Jarn
1431 3247 1468 3304 ab
1492 3248 1602 3320 origine

258 3331 404 3407 relucens,
434 3338 498 3393 soni
521 3335 550 3393 hi
574 3345 727 3395 censentur
757 3335 948 3410 harmonici,¹
965 3337 1047 3397 bine
1065 3341 1154 3396 oritur
1176 3336 1330 3394 delectatio
1359 3336 1397 3392 ab
1428 3337 1472 3392 iis.
1520 3333 1604 3394 Haec

258 3420 300 3477 sic
323 3422 351 3476 in
375 3439 488 3497 genere.
535 3422 603 3482 Jam
628 3425 656 3481 iu
680 3426 785 3499 specie,
810 3441 877 3502 pars
900 3433 1021 3484 naturae
1044 3443 1137 3483 rerum
1154 3420 1380 3496 intelligibilium
1404 3432 1448 3478 est
1471 3422 1603 3496 triangu-

259 3505 328 3580 lum,
351 3526 418 3585 pars
441 3509 674 3587 quadrangulum
697 3519 726 3570 et
748 3514 789 3570 sie
813 3509 848 3570 de
871 3515 988 3582 ceteris,
1013 3521 1041 3571 et
1064 3511 1214 3587 quodlibet
1238 3510 1390 3583 distinguit
1413 3506 1551 3566 circulum
1575 3511 1603 3564 in
1646 3515 1658 3526 “

260 3603 366 3670 partes,
390 3614 465 3672 quae
489 3599 560 3656 liunt
584 3601 745 3675 quantitate
770 3617 820 3657 seu
844 3598 1026 3674 longitudine
1049 3617 1102 3658 sua
1125 3599 1237 3656 termini
1261 3597 1456 3673 proportionis
1479 3593 1603 3670 alicujus

260 3681 452 3744 harmonicae.
500 3685 544 3743 Ad
567 3703 717 3745 rrurnernm
742 3689 997 3745 consonantiarum
1019 3690 1062 3746 sic
1085 3688 1273 3744 constitutum
1299 3691 1459 3758 sequuntur
1480 3682 1603 3758 reliqua,

259 3785 335 3844 quae
358 3773 455 3832 insunt
484 3774 512 3831 in
537 3784 621 3834 cantu
646 3774 789 3832 artificiali
813 3771 1015 3852 natiualia.⁴⁷)
1059 3773 1127 3833 darn
1156 3773 1197 3830 ito
1222 3781 1267 3845 tu,
1300 3771 1441 3844 lieberte,
1473 3777 1502 3828 et
1524 3772 1604 3848 prius

259 3865 357 3916 evene
380 3859 433 3918 bas
455 3869 551 3938 partes
576 3870 710 3934 naturae,
743 3863 850 3921 subrue
879 3863 952 3921 baec
981 3862 1184 3933 fundamenta,
1215 3857 1414 3918 tum'demum
1438 3875 1526 3933 nega,
1557 3873 1604 3916 me

256 3947 428 4019 promissum
451 3949 602 4026 implesse,
627 3949 796 4009 naturaliter
819 3951 1005 4025 processisse.
1051 3949 1162 4026 Negas,
1181 3965 1227 4006 me
1252 3947 1411 4024 quidquam
1428 3946 1465 4004 ad
1481 3953 1603 4004 naturae

258 4031 339 4108 leges
370 4036 553 4110 emendasse,
584 4039 783 4097 confusionem
812 4041 954 4097 evitasse:
985 4055 1042 4097 non
1074 4047 1150 4096 reete
1181 4053 1280 4111 negas.
1336 4033 1392 4109 Qui
1424 4035 1603 4110 quantitates

255 4125 510 4182 consonantiarum
534 4129 799 4201 concinnerumque
823 4127 960 4185 exscribit
983 4143 1019 4186 ex
1043 4126 1199 4197 veteribus,
1227 4125 1252 4181 is
1276 4121 1420 4181 interdum
1444 4123 1533 4179 aliam
1557 4124 1604 4179 in·

258 4211 338 4267 veuit
369 4214 579 4285 quantitatem,
612 4214 692 4273 verbi
723 4231 813 4273 cerusa
844 4215 989 4272 semitonii
1018 4216 1046 4271 in
1078 4213 1216 4284 Platone,
1247 4211 1334 4270 aliam
1366 4213 1393 4266 iu
1423 4209 1604 4268 Ptolemaeo.

258 4293 334 4371 Ergo
357 4297 413 4358 boc
447 4301 605 4373 observans
635 4303 793 4377 exscriptor
824 4299 931 4376 duplex
954 4305 996 4360 ait
1029 4304 1092 4361 esse
1114 4302 1311 4372 semitonium,
1335 4295 1459 4356 alterum
1481 4292 1603 4381 ²‘³s„„

258 4383 379 4444 alterum
408 4382 492 4470 ¹⁵J„.
538 4388 583 4446 lta
614 4391 741 4446 nascitur
774 4389 872 4465 opinio
905 4389 994 4462 salsa,
1029 4390 1114 4464 quasi
1136 4398 1240 4446 natura
1267 4381 1371 4446 doceat
1405 4393 1434 4443 et
1464 4393 1605 4445 monstret

257 4479 419 4548 utrumque,
443 4477 600 4550 autquasi
624 4483 701 4534 recte
724 4477 890 4553 promiscuo
914 4493 967 4534 uau
993 4477 1040 4535 vel
1063 4477 1119 4535 boe
1142 4475 1188 4535 vel
1204 4473 1276 4533 illud
1293 4473 1473 4534 adhibeatur.
1519 4472 1603 4532 Haec
1675 4464 1677 4472 ’

257 4559 356 4634 itaque
380 4563 510 4621 conlusio
534 4562 679 4638 quaedam
702 4571 746 4620 est
769 4561 913 4620 Platonici
938 4566 1082 4623 semitonii
1107 4581 1171 4623 cum
1186 4559 1320 4634 naturali,
1345 4577 1420 4636 quae
1445 4561 1538 4636 maJor
1562 4561 1602 4633 tt,

257 4648 282 4702 si
305 4651 392 4707 etiam
415 4649 443 4706 id
467 4650 651 4726 adjungatur,
676 4649 753 4729 quod
777 4649 949 4723 relinquitur
972 4653 1100 4710 abscisso
1124 4648 1249 4709 naturali
1274 4644 1339 4728 bil„
1363 4665 1381 4706 a
1403 4655 1474 4706 tono
1497 4649 1603 4724 majori

256 4725 313 4816 ⁸l9,
337 4735 509 4811 relinquitur
532 4740 607 4798 enim
635 4732 750 4820 ¹¹²³J„„
774 4739 959 4800 semitonium
975 4741 1069 4798 minus
1092 4755 1144 4797 seu
1168 4737 1255 4796 diesis
1278 4734 1380 4809 major,
1404 4733 1482 4810 quod
1505 4745 1602 4795 tamon

257 4835 312 4897 ego
332 4821 529 4916 distinctionis
553 4842 643 4885 causa
666 4832 695 4885 et
718 4833 750 4886 ut
772 4823 904 4884 conlusio
925 4827 1033 4886 vitetur
1063 4830 1169 4886 lemma
1192 4822 1282 4884 malui
1305 4821 1462 4901 appellare.
1502 4821 1603 4898 Quae-
