<?xml version="1.0" encoding="UTF-8"?>
<!DOCTYPE html PUBLIC "-//W3C//DTD XHTML 1.0 Transitional//EN"
    "http://www.w3.org/TR/xhtml1/DTD/xhtml1-transitional.dtd">
<html xmlns="http://www.w3.org/1999/xhtml" xml:lang="en" lang="en">
 <head>
  <title>
</title>
<meta http-equiv="Content-Type" content="text/html;charset=utf-8" />
  <meta name='ocr-system' content='tesseract 3.04.00' />
  <meta name='ocr-capabilities' content='ocr_page ocr_carea ocr_par ocr_line ocrx_word'/>
</head>
<body>
  <div class='ocr_page' id='page_1' title='image "./joanniskepleria26frisgoog_0325.png"; bbox 0 0 3698 5534; ppageno 0'>
   <div class='ocr_carea' id='block_1_1' title="bbox 180 331 1242 410">
    <p class='ocr_par' dir='ltr' id='par_1_1' title="bbox 180 331 1242 410">
     <span class='ocr_line' id='line_1_1' title="bbox 180 331 1242 410; baseline 0.001 -23"><span class='ocrx_word' id='word_1_1' title='bbox 180 351 184 378; x_wconf 75' lang='grc' dir='ltr'><strong>ι</strong></span> <span class='ocrx_word' id='word_1_2' title='bbox 288 349 351 410; x_wconf 65' lang='lat'><strong>536</strong></span> <span class='ocrx_word' id='word_1_3' title='bbox 678 338 720 392; x_wconf 87' lang='lat' dir='ltr'><strong>De</strong></span> <span class='ocrx_word' id='word_1_4' title='bbox 736 334 856 391; x_wconf 85' lang='lat' dir='ltr'><strong>Motibus</strong></span> <span class='ocrx_word' id='word_1_5' title='bbox 873 331 1046 388; x_wconf 78' lang='lat' dir='ltr'><strong>Plcnstamm</strong></span> <span class='ocrx_word' id='word_1_6' title='bbox 1064 331 1242 388; x_wconf 82' lang='lat' dir='ltr'><strong>Harmonicis.</strong></span> 
     </span>
    </p>
   </div>
   <div class='ocr_carea' id='block_1_2' title="bbox 287 511 1634 624">
    <p class='ocr_par' dir='ltr' id='par_1_2' title="bbox 287 511 1634 624">
     <span class='ocr_line' id='line_1_2' title="bbox 287 511 1634 624; baseline -0.006 -42"><span class='ocrx_word' id='word_1_7' title='bbox 287 523 403 601; x_wconf 87' lang='lat' dir='ltr'><strong>plicatis</strong></span> <span class='ocrx_word' id='word_1_8' title='bbox 425 523 514 598; x_wconf 76' lang='lat' dir='ltr'><strong>igituir</strong></span> <span class='ocrx_word' id='word_1_9' title='bbox 535 519 661 581; x_wconf 87' lang='lat' dir='ltr'><strong>arcubus</strong></span> <span class='ocrx_word' id='word_1_10' title='bbox 689 517 913 577; x_wconf 89' lang='lat' dir='ltr'><strong>eccentricorum</strong></span> <span class='ocrx_word' id='word_1_11' title='bbox 941 511 1050 583; x_wconf 81' lang='lat' dir='ltr'><strong>diurnis</strong></span> <span class='ocrx_word' id='word_1_12' title='bbox 1078 515 1108 570; x_wconf 92' lang='lat' dir='ltr'><strong>in</strong></span> <span class='ocrx_word' id='word_1_13' title='bbox 1143 513 1256 572; x_wconf 90' lang='lat' dir='ltr'><strong>orbium</strong></span> <span class='ocrx_word' id='word_1_14' title='bbox 1282 511 1438 589; x_wconf 78' lang='lat' dir='ltr'><strong>intervalla</strong></span> <span class='ocrx_word' id='word_1_15' title='bbox 1458 513 1634 624; x_wconf 75' lang='lat' dir='ltr'><strong>mediocria,</strong></span> 
     </span>
    </p>
   </div>
   <div class='ocr_carea' id='block_1_3' title="bbox 172 608 687 688">
    <p class='ocr_par' dir='ltr' id='par_1_3' title="bbox 172 608 687 688">
     <span class='ocr_line' id='line_1_3' title="bbox 172 608 687 688; baseline -0.01 -19"><span class='ocrx_word' id='word_1_16' title='bbox 172 679 176 688; x_wconf 29' lang='grc' dir='ltr'>Ι</span> <span class='ocrx_word' id='word_1_17' title='bbox 261 610 457 688; x_wconf 86' lang='lat' dir='ltr'><strong>prodierunt</strong></span> <span class='ocrx_word' id='word_1_18' title='bbox 478 608 552 669; x_wconf 86' lang='lat' dir='ltr'><strong>haec</strong></span> <span class='ocrx_word' id='word_1_19' title='bbox 575 610 687 667; x_wconf 89' lang='lat' dir='ltr'><strong>itinera.</strong></span> 
     </span>
    </p>
   </div>
   <div class='ocr_carea' id='block_1_4' title="bbox 310 757 1585 1714">
    <p class='ocr_par' dir='ltr' id='par_1_4' title="bbox 350 757 1183 1016">
     <span class='ocr_line' id='line_1_4' title="bbox 350 757 1183 1016; baseline 0.005 -140"><span class='ocrx_word' id='word_1_20' title='bbox 350 812 355 962; x_wconf 47' lang='grc' dir='ltr'><em>ὁ</em></span> <span class='ocrx_word' id='word_1_21' title='bbox 854 791 1003 880; x_wconf 82' lang='lat' dir='ltr'><strong>Intervalla</strong></span> <span class='ocrx_word' id='word_1_22' title='bbox 1049 757 1183 1016; x_wconf 56' lang='grc' dir='ltr'><strong>Ῑῃῃθῖι</strong></span> 
     </span>
     <span class='ocr_line' id='line_1_5' title="bbox 680 897 952 955; baseline -0.013 -2.681"><span class='ocrx_word' id='word_1_23' title='bbox 680 897 810 955; x_wconf 89' lang='lat' dir='ltr'><strong>Dinrni.</strong></span> <span class='ocrx_word' id='word_1_24' title='bbox 898 911 952 950; x_wconf 89' lang='lat' dir='ltr'><strong>me-</strong></span> 
     </span>
    </p>

    <p class='ocr_par' dir='ltr' id='par_1_5' title="bbox 872 945 1143 1034">
     <span class='ocr_line' id='line_1_6' title="bbox 872 945 1143 1034; baseline -0.007 -13"><span class='ocrx_word' id='word_1_25' title='bbox 872 965 980 1034; x_wconf 87' lang='lat' dir='ltr'><strong>diocria</strong></span> <span class='ocrx_word' id='word_1_26' title='bbox 1027 945 1143 999; x_wconf 61' lang='lat' dir='ltr'><strong>‘humi</strong></span> 
     </span>
    </p>

    <p class='ocr_par' dir='ltr' id='par_1_6' title="bbox 394 1171 1585 1266">
     <span class='ocr_line' id='line_1_7' title="bbox 394 1171 1585 1266; baseline -0.003 -31"><span class='ocrx_word' id='word_1_27' title='bbox 394 1179 504 1236; x_wconf 83' lang='lat' dir='ltr'>Saturni</span> <span class='ocrx_word' id='word_1_28' title='bbox 522 1179 622 1249; x_wconf 88' lang='lat' dir='ltr'><strong>aphelii</strong></span> <span class='ocrx_word' id='word_1_29' title='bbox 735 1181 758 1233; x_wconf 80' lang='grc' dir='ltr'><strong>ι’</strong></span> <span class='ocrx_word' id='word_1_30' title='bbox 785 1179 836 1232; x_wconf 72' lang='lat' dir='ltr'><strong>bb&#39;‘</strong></span> <span class='ocrx_word' id='word_1_31' title='bbox 889 1211 957 1266; x_wconf 67' lang='lat'>9510</span> <span class='ocrx_word' id='word_1_32' title='bbox 1064 1173 1163 1254; x_wconf 24' lang='lat' dir='ltr'><strong>toto.</strong></span> <span class='ocrx_word' id='word_1_33' title='bbox 1255 1171 1298 1226; x_wconf 88' lang='lat' dir='ltr'><strong>lta</strong></span> <span class='ocrx_word' id='word_1_34' title='bbox 1311 1172 1444 1229; x_wconf 83' lang='lat' dir='ltr'><strong>Saturnus</strong></span> <span class='ocrx_word' id='word_1_35' title='bbox 1462 1175 1506 1230; x_wconf 80' lang='lat' dir='ltr'><strong>rix</strong></span> <span class='ocrx_word' id='word_1_36' title='bbox 1524 1191 1585 1244; x_wconf 86' lang='lat' dir='ltr'><strong>scp-</strong></span> 
     </span>
    </p>

    <p class='ocr_par' dir='ltr' id='par_1_7' title="bbox 495 1249 1585 1330">
     <span class='ocr_line' id='line_1_8' title="bbox 495 1249 1585 1330; baseline -0.006 -16"><span class='ocrx_word' id='word_1_37' title='bbox 495 1257 619 1330; x_wconf 85' lang='lat' dir='ltr'><strong>perlhclii</strong></span> <span class='ocrx_word' id='word_1_38' title='bbox 733 1257 749 1308; x_wconf 79' lang='lat'>2</span> <span class='ocrx_word' id='word_1_39' title='bbox 802 1258 819 1310; x_wconf 80' lang='lat'><strong>7</strong></span> <span class='ocrx_word' id='word_1_40' title='bbox 959 1250 966 1263; x_wconf 87' lang='lat'>&#39;</span> <span class='ocrx_word' id='word_1_41' title='bbox 1064 1254 1133 1310; x_wconf 80' lang='lat'>1208</span> <span class='ocrx_word' id='word_1_42' title='bbox 1206 1249 1312 1318; x_wconf 45' lang='lat' dir='ltr'><strong>,timum</strong></span> <span class='ocrx_word' id='word_1_43' title='bbox 1339 1260 1445 1318; x_wconf 90' lang='lat' dir='ltr'><strong>partem</strong></span> <span class='ocrx_word' id='word_1_44' title='bbox 1476 1253 1585 1308; x_wconf 86' lang='lat' dir='ltr'><strong>coniicit</strong></span> 
     </span>
    </p>

    <p class='ocr_par' dir='ltr' id='par_1_8' title="bbox 1220 1327 1585 1387">
     <span class='ocr_line' id='line_1_9' title="bbox 1220 1327 1585 1387; baseline 0.014 -6"><span class='ocrx_word' id='word_1_45' title='bbox 1220 1327 1323 1382; x_wconf 88' lang='lat' dir='ltr'><strong>itineris</strong></span> <span class='ocrx_word' id='word_1_46' title='bbox 1348 1331 1517 1385; x_wconf 80' lang='lat' dir='ltr'><strong>Mercurialis</strong></span> <span class='ocrx_word' id='word_1_47' title='bbox 1543 1331 1585 1387; x_wconf 90' lang='lat' dir='ltr'><strong>fit-</strong></span> 
     </span>
    </p>

    <p class='ocr_par' dir='ltr' id='par_1_9' title="bbox 310 1389 1585 1492">
     <span class='ocr_line' id='line_1_10' title="bbox 310 1389 1585 1492; baseline 0.007 -38"><span class='ocrx_word' id='word_1_48' title='bbox 310 1413 313 1420; x_wconf 83' lang='lat'>·</span> <span class='ocrx_word' id='word_1_49' title='bbox 393 1399 468 1454; x_wconf 84' lang='lat' dir='ltr'><strong>Joris</strong></span> <span class='ocrx_word' id='word_1_50' title='bbox 486 1398 588 1492; x_wconf 72' lang='lat' dir='ltr'><strong>aphelii</strong></span> <span class='ocrx_word' id='word_1_51' title='bbox 604 1477 619 1490; x_wconf 91' lang='lat'><strong>..</strong></span> <span class='ocrx_word' id='word_1_52' title='bbox 732 1389 819 1449; x_wconf 68' lang='lat'><strong>444</strong></span> <span class='ocrx_word' id='word_1_53' title='bbox 889 1426 966 1482; x_wconf 45' lang='lat'>5200,</span> <span class='ocrx_word' id='word_1_54' title='bbox 1065 1394 1132 1448; x_wconf 69' lang='lat'><strong>¹4⁷7</strong></span> <span class='ocrx_word' id='word_1_55' title='bbox 1189 1417 1289 1477; x_wconf 71' lang='grc' dir='ltr'><strong>ιιιιιι,</strong></span> <span class='ocrx_word' id='word_1_56' title='bbox 1325 1409 1397 1478; x_wconf 76' lang='lat' dir='ltr'><strong>quod</strong></span> <span class='ocrx_word' id='word_1_57' title='bbox 1424 1409 1585 1463; x_wconf 79' lang='lat' dir='ltr'><strong>Aristoteles</strong></span> 
     </span>
    </p>

    <p class='ocr_par' dir='ltr' id='par_1_10' title="bbox 366 1471 1584 1548">
     <span class='ocr_line' id='line_1_11' title="bbox 366 1471 1584 1548; baseline 0.006 -15"><span class='ocrx_word' id='word_1_58' title='bbox 366 1493 370 1502; x_wconf 43' lang='lat' dir='ltr'>v</span> <span class='ocrx_word' id='word_1_59' title='bbox 497 1477 621 1548; x_wconf 72' lang='lat' dir='ltr'><strong>pennen</strong></span> <span class='ocrx_word' id='word_1_60' title='bbox 732 1475 816 1530; x_wconf 83' lang='lat'><strong>515</strong></span> <span class='ocrx_word' id='word_1_61' title='bbox 1066 1471 1133 1528; x_wconf 80' lang='lat'>16³8</span> <span class='ocrx_word' id='word_1_62' title='bbox 1221 1485 1311 1540; x_wconf 78' lang='lat' dir='ltr'><strong>non.</strong></span> <span class='ocrx_word' id='word_1_63' title='bbox 1330 1485 1364 1539; x_wconf 74' lang='lat' dir='ltr'><strong>oe</strong></span> <span class='ocrx_word' id='word_1_64' title='bbox 1384 1487 1468 1542; x_wconf 76' lang='lat' dir='ltr'><strong>coeto</strong></span> <span class='ocrx_word' id='word_1_65' title='bbox 1485 1489 1584 1541; x_wconf 74' lang='grc' dir='ltr'><strong>ηιιοιι</strong></span> 
     </span>
    </p>

    <p class='ocr_par' dir='ltr' id='par_1_11' title="bbox 1221 1567 1585 1630">
     <span class='ocr_line' id='line_1_12' title="bbox 1221 1567 1585 1630; baseline 0.005 -12"><span class='ocrx_word' id='word_1_66' title='bbox 1221 1571 1431 1620; x_wconf 86' lang='lat' dir='ltr'><strong>consentaneum</strong></span> <span class='ocrx_word' id='word_1_67' title='bbox 1469 1567 1585 1630; x_wconf 85' lang='lat' dir='ltr'><strong>censuit,</strong></span> 
     </span>
    </p>

    <p class='ocr_par' dir='ltr' id='par_1_12' title="bbox 1222 1644 1585 1714">
     <span class='ocr_line' id='line_1_13' title="bbox 1222 1644 1585 1714; baseline 0 -18"><span class='ocrx_word' id='word_1_68' title='bbox 1222 1649 1252 1696; x_wconf 90' lang='lat' dir='ltr'><strong>ut</strong></span> <span class='ocrx_word' id='word_1_69' title='bbox 1270 1659 1377 1713; x_wconf 85' lang='lat' dir='ltr'><strong>semper</strong></span> <span class='ocrx_word' id='word_1_70' title='bbox 1394 1645 1435 1714; x_wconf 89' lang='lat' dir='ltr'><strong>is,</strong></span> <span class='ocrx_word' id='word_1_71' title='bbox 1462 1645 1509 1713; x_wconf 88' lang='lat' dir='ltr'><strong>qni</strong></span> <span class='ocrx_word' id='word_1_72' title='bbox 1527 1644 1585 1699; x_wconf 86' lang='lat' dir='ltr'><strong>soii</strong></span> 
     </span>
    </p>
   </div>
   <div class='ocr_carea' id='block_1_5' title="bbox 1221 1722 1585 1793">
    <p class='ocr_par' dir='ltr' id='par_1_13' title="bbox 1221 1722 1585 1793">
     <span class='ocr_line' id='line_1_14' title="bbox 1221 1722 1585 1793; baseline 0.003 -17"><span class='ocrx_word' id='word_1_73' title='bbox 1221 1722 1345 1790; x_wconf 80' lang='lat' dir='ltr'><strong>propior,</strong></span> <span class='ocrx_word' id='word_1_74' title='bbox 1363 1723 1448 1791; x_wconf 79' lang='lat' dir='ltr'><strong>map’rts</strong></span> <span class='ocrx_word' id='word_1_75' title='bbox 1466 1724 1585 1793; x_wconf 83' lang='lat' dir='ltr'><strong>spatium</strong></span> 
     </span>
    </p>
   </div>
   <div class='ocr_carea' id='block_1_6' title="bbox 394 1611 1134 1778">
    <p class='ocr_par' dir='ltr' id='par_1_14' title="bbox 394 1611 1134 1778">
     <span class='ocr_line' id='line_1_15' title="bbox 394 1611 1134 1704; baseline -0.012 -29"><span class='ocrx_word' id='word_1_76' title='bbox 394 1619 489 1674; x_wconf 86' lang='lat' dir='ltr'><strong>Martis</strong></span> <span class='ocrx_word' id='word_1_77' title='bbox 508 1615 609 1688; x_wconf 89' lang='lat' dir='ltr'><strong>aphelii</strong></span> <span class='ocrx_word' id='word_1_78' title='bbox 714 1613 750 1670; x_wconf 77' lang='lat'><strong>28</strong></span> <span class='ocrx_word' id='word_1_79' title='bbox 782 1612 847 1668; x_wconf 79' lang='lat' dir='ltr'><strong>ll.</strong></span> <span class='ocrx_word' id='word_1_80' title='bbox 890 1647 968 1704; x_wconf 48' lang='lat'><strong>1524·</strong></span> <span class='ocrx_word' id='word_1_81' title='bbox 1065 1611 1134 1666; x_wconf 78' lang='lat'>2627</span> 
     </span>
     <span class='ocr_line' id='line_1_16' title="bbox 496 1691 1130 1778; baseline -0.009 -26"><span class='ocrx_word' id='word_1_82' title='bbox 496 1695 622 1768; x_wconf 88' lang='lat' dir='ltr'><strong>perihclii</strong></span> <span class='ocrx_word' id='word_1_83' title='bbox 713 1693 748 1772; x_wconf 78' lang='grc'><strong>94</strong></span> <span class='ocrx_word' id='word_1_84' title='bbox 784 1693 818 1748; x_wconf 86' lang='grc'><strong>94</strong></span> <span class='ocrx_word' id='word_1_85' title='bbox 901 1767 906 1778; x_wconf 29' lang='grc' dir='ltr'><strong>Α</strong></span> <span class='ocrx_word' id='word_1_86' title='bbox 1065 1691 1130 1746; x_wconf 83' lang='grc'><strong>3161</strong></span> 
     </span>
    </p>
   </div>
   <div class='ocr_carea' id='block_1_7' title="bbox 393 1799 1585 1920">
    <p class='ocr_par' dir='ltr' id='par_1_15' title="bbox 393 1799 1585 1920">
     <span class='ocr_line' id='line_1_17' title="bbox 393 1799 1585 1920; baseline -0.032 -27"><span class='ocrx_word' id='word_1_87' title='bbox 393 1835 512 1892; x_wconf 68' lang='lat' dir='ltr'><strong>umora</strong></span> <span class='ocrx_word' id='word_1_88' title='bbox 527 1826 652 1906; x_wconf 67' lang='grc' dir='ltr'><strong>ιριιιιι</strong></span> <span class='ocrx_word' id='word_1_89' title='bbox 715 1834 751 1888; x_wconf 83' lang='grc' dir='ltr'><strong>ιι</strong></span> <span class='ocrx_word' id='word_1_90' title='bbox 803 1833 819 1887; x_wconf 89' lang='lat' dir='ltr'><strong>e</strong></span> <span class='ocrx_word' id='word_1_91' title='bbox 893 1864 972 1920; x_wconf 57' lang='lat'>1000-</span> <span class='ocrx_word' id='word_1_92' title='bbox 1065 1829 1134 1885; x_wconf 82' lang='lat' dir='ltr'><strong>stae</strong></span> <span class='ocrx_word' id='word_1_93' title='bbox 1223 1799 1360 1892; x_wconf 65' lang='lat' dir='ltr'><strong>comesa,</strong></span> <span class='ocrx_word' id='word_1_94' title='bbox 1379 1817 1461 1895; x_wconf 66' lang='lat' dir='ltr'><strong>uuam</strong></span> <span class='ocrx_word' id='word_1_95' title='bbox 1479 1804 1529 1894; x_wconf 72' lang='lat' dir='ltr'><strong>qus</strong></span> <span class='ocrx_word' id='word_1_96' title='bbox 1543 1819 1585 1858; x_wconf 69' lang='grc' dir='ltr'><strong>ιι-</strong></span> 
     </span>
    </p>
   </div>
   <div class='ocr_carea' id='block_1_8' title="bbox 496 1881 1588 2016">
    <p class='ocr_par' dir='ltr' id='par_1_16' title="bbox 496 1881 1588 2016">
     <span class='ocr_line' id='line_1_18' title="bbox 496 1881 1587 1984; baseline -0.011 -36"><span class='ocrx_word' id='word_1_97' title='bbox 496 1913 643 1984; x_wconf 54' lang='grc' dir='ltr'><strong>ρθῶθιιω</strong></span> <span class='ocrx_word' id='word_1_98' title='bbox 715 1912 817 1968; x_wconf 64' lang='lat'>3013</span> <span class='ocrx_word' id='word_1_99' title='bbox 962 1905 968 1916; x_wconf 93' lang='lat'><strong>·</strong></span> <span class='ocrx_word' id='word_1_100' title='bbox 1067 1910 1136 1964; x_wconf 66' lang='lat'><strong>3513</strong></span> <span class='ocrx_word' id='word_1_101' title='bbox 1222 1890 1327 1946; x_wconf 85' lang='lat' dir='ltr'><strong>mottor,</strong></span> <span class='ocrx_word' id='word_1_102' title='bbox 1346 1881 1460 1972; x_wconf 79' lang='lat' dir='ltr'><strong>quotltn¹</strong></span> <span class='ocrx_word' id='word_1_103' title='bbox 1473 1893 1587 1972; x_wconf 73' lang='lat' dir='ltr'><strong>antiqua</strong></span> 
     </span>
     <span class='ocr_line' id='line_1_19' title="bbox 1223 1959 1588 2016; baseline 0 -2"><span class='ocrx_word' id='word_1_104' title='bbox 1223 1967 1388 2016; x_wconf 79' lang='lat' dir='ltr'><strong>astronomia</strong></span> <span class='ocrx_word' id='word_1_105' title='bbox 1405 1959 1520 2014; x_wconf 78' lang='lat' dir='ltr'><strong>obtinent</strong></span> <span class='ocrx_word' id='word_1_106' title='bbox 1533 1976 1588 2015; x_wconf 91' lang='lat' dir='ltr'><strong>non</strong></span> 
     </span>
    </p>
   </div>
   <div class='ocr_carea' id='block_1_9' title="bbox 393 2047 1379 2205">
    <p class='ocr_par' dir='ltr' id='par_1_17' title="bbox 393 2047 1379 2205">
     <span class='ocr_line' id='line_1_20' title="bbox 393 2047 1379 2138; baseline -0.011 -29"><span class='ocrx_word' id='word_1_107' title='bbox 393 2055 506 2110; x_wconf 89' lang='lat' dir='ltr'><strong>Veneris</strong></span> <span class='ocrx_word' id='word_1_108' title='bbox 525 2053 649 2124; x_wconf 87' lang='lat' dir='ltr'><strong>apheliae</strong></span> <span class='ocrx_word' id='word_1_109' title='bbox 715 2053 748 2108; x_wconf 83' lang='grc'><strong>95</strong></span> <span class='ocrx_word' id='word_1_110' title='bbox 786 2051 820 2108; x_wconf 80' lang='lat'><strong>29</strong></span> <span class='ocrx_word' id='word_1_111' title='bbox 910 2083 968 2138; x_wconf 45' lang='lat'>724·</span> <span class='ocrx_word' id='word_1_112' title='bbox 1066 2049 1135 2105; x_wconf 90' lang='grc'><strong>4149</strong></span> <span class='ocrx_word' id='word_1_113' title='bbox 1223 2047 1321 2108; x_wconf 88' lang='lat' dir='ltr'><strong>potest.</strong></span> <span class='ocrx_word' id='word_1_114' title='bbox 1378 2095 1379 2098; x_wconf 74' lang='grc'>,</span> 
     </span>
     <span class='ocr_line' id='line_1_21' title="bbox 497 2128 1139 2205; baseline -0.006 -17"><span class='ocrx_word' id='word_1_115' title='bbox 497 2133 646 2205; x_wconf 89' lang='lat' dir='ltr'><strong>periheliae</strong></span> <span class='ocrx_word' id='word_1_116' title='bbox 716 2131 750 2187; x_wconf 84' lang='grc'><strong>96</strong></span> <span class='ocrx_word' id='word_1_117' title='bbox 786 2131 820 2186; x_wconf 85' lang='grc'><strong>50</strong></span> <span class='ocrx_word' id='word_1_118' title='bbox 904 2193 906 2198; x_wconf 15' lang='lat' dir='ltr'>y</span> <span class='ocrx_word' id='word_1_119' title='bbox 1066 2128 1139 2192; x_wconf 80' lang='grc'>4207,</span> 
     </span>
    </p>
   </div>
   <div class='ocr_carea' id='block_1_10' title="bbox 351 2269 1185 2492">
    <p class='ocr_par' dir='ltr' id='par_1_18' title="bbox 351 2269 1185 2492">
     <span class='ocr_line' id='line_1_22' title="bbox 395 2269 1134 2360; baseline -0.008 -30"><span class='ocrx_word' id='word_1_120' title='bbox 395 2274 522 2330; x_wconf 69' lang='lat' dir='ltr'><strong>nonunt</strong></span> <span class='ocrx_word' id='word_1_121' title='bbox 541 2271 642 2343; x_wconf 74' lang='lat' dir='ltr'><strong>anhelii</strong></span> <span class='ocrx_word' id='word_1_122' title='bbox 699 2272 749 2326; x_wconf 83' lang='grc' dir='ltr'><strong>ιιι</strong></span> <span class='ocrx_word' id='word_1_123' title='bbox 805 2271 822 2326; x_wconf 95' lang='lat' dir='ltr'><strong>o</strong></span> <span class='ocrx_word' id='word_1_124' title='bbox 909 2304 969 2360; x_wconf 33' lang='lat'><strong>338·</strong></span> <span class='ocrx_word' id='word_1_125' title='bbox 1064 2269 1134 2325; x_wconf 77' lang='lat' dir='ltr'><strong>seeo</strong></span> 
     </span>
     <span class='ocr_line' id='line_1_23' title="bbox 351 2283 1185 2492; baseline -0.01 -83"><span class='ocrx_word' id='word_1_126' title='bbox 351 2293 455 2492; x_wconf 61' lang='lat'><strong>[-</strong></span> <span class='ocrx_word' id='word_1_127' title='bbox 496 2351 622 2423; x_wconf 72' lang='lat' dir='ltr'><strong>pennen</strong></span> <span class='ocrx_word' id='word_1_128' title='bbox 700 2351 751 2406; x_wconf 75' lang='lat' dir='ltr'><strong>aot</strong></span> <span class='ocrx_word' id='word_1_129' title='bbox 805 2349 821 2405; x_wconf 84' lang='lat' dir='ltr'><strong>a</strong></span> <span class='ocrx_word' id='word_1_130' title='bbox 1066 2283 1185 2487; x_wconf 46' lang='lat' dir='ltr'><strong>iffi</strong></span> 
     </span>
    </p>
   </div>
   <div class='ocr_carea' id='block_1_11' title="bbox 377 2600 1642 2683">
    <p class='ocr_par' dir='ltr' id='par_1_19' title="bbox 377 2600 1642 2683">
     <span class='ocr_line' id='line_1_24' title="bbox 377 2600 1642 2683; baseline -0.001 -20"><span class='ocrx_word' id='word_1_131' title='bbox 377 2602 464 2683; x_wconf 86' lang='lat' dir='ltr'><strong>Quod</strong></span> <span class='ocrx_word' id='word_1_132' title='bbox 486 2603 575 2678; x_wconf 74' lang='lat' dir='ltr'><strong>igitur</strong></span> <span class='ocrx_word' id='word_1_133' title='bbox 607 2603 713 2662; x_wconf 77' lang='lat' dir='ltr'><strong>attinet</strong></span> <span class='ocrx_word' id='word_1_134' title='bbox 744 2600 924 2677; x_wconf 82' lang='lat' dir='ltr'><strong>singulorum</strong></span> <span class='ocrx_word' id='word_1_135' title='bbox 946 2603 1049 2662; x_wconf 87' lang='lat' dir='ltr'><strong>itinera</strong></span> <span class='ocrx_word' id='word_1_136' title='bbox 1072 2601 1189 2676; x_wconf 83' lang='lat' dir='ltr'><strong>diurna,</strong></span> <span class='ocrx_word' id='word_1_137' title='bbox 1221 2607 1424 2682; x_wconf 75' lang='lat' dir='ltr'><strong>proportiones</strong></span> <span class='ocrx_word' id='word_1_138' title='bbox 1446 2605 1482 2662; x_wconf 89' lang='lat' dir='ltr'><strong>iis</strong></span> <span class='ocrx_word' id='word_1_139' title='bbox 1506 2619 1642 2678; x_wconf 90' lang='lat' dir='ltr'><strong>compre-</strong></span> 
     </span>
    </p>
   </div>
   <div class='ocr_carea' id='block_1_12' title="bbox 220 2687 1643 2858">
    <p class='ocr_par' dir='ltr' id='par_1_20' title="bbox 220 2687 1643 2858">
     <span class='ocr_line' id='line_1_25' title="bbox 291 2687 1642 2768; baseline -0.002 -16"><span class='ocrx_word' id='word_1_140' title='bbox 291 2693 398 2756; x_wconf 87' lang='lat' dir='ltr'><strong>hensas</strong></span> <span class='ocrx_word' id='word_1_141' title='bbox 422 2698 536 2768; x_wconf 84' lang='lat' dir='ltr'><strong>oportet</strong></span> <span class='ocrx_word' id='word_1_142' title='bbox 559 2687 676 2748; x_wconf 81' lang='lat' dir='ltr'><strong>casdem</strong></span> <span class='ocrx_word' id='word_1_143' title='bbox 698 2689 898 2763; x_wconf 84' lang='lat' dir='ltr'><strong>magnitudine</strong></span> <span class='ocrx_word' id='word_1_144' title='bbox 921 2705 994 2762; x_wconf 86' lang='lat' dir='ltr'><strong>essa,</strong></span> <span class='ocrx_word' id='word_1_145' title='bbox 1018 2693 1187 2766; x_wconf 85' lang='lat' dir='ltr'><strong>quaeprins</strong></span> <span class='ocrx_word' id='word_1_146' title='bbox 1202 2692 1322 2751; x_wconf 86' lang='lat' dir='ltr'><strong>luerunt</strong></span> <span class='ocrx_word' id='word_1_147' title='bbox 1341 2693 1369 2747; x_wconf 96' lang='lat' dir='ltr'><strong>in</strong></span> <span class='ocrx_word' id='word_1_148' title='bbox 1393 2691 1565 2764; x_wconf 80' lang='lat' dir='ltr'><strong>intervallis,</strong></span> <span class='ocrx_word' id='word_1_149' title='bbox 1589 2689 1642 2749; x_wconf 87' lang='lat' dir='ltr'><strong>sed</strong></span> 
     </span>
     <span class='ocr_line' id='line_1_26' title="bbox 220 2776 1643 2858; baseline -0.006 -16"><span class='ocrx_word' id='word_1_150' title='bbox 220 2799 227 2814; x_wconf 95' lang='lat'><strong>·</strong></span> <span class='ocrx_word' id='word_1_151' title='bbox 291 2785 388 2858; x_wconf 84' lang='lat' dir='ltr'><strong>specie</strong></span> <span class='ocrx_word' id='word_1_152' title='bbox 411 2795 546 2842; x_wconf 84' lang='lat' dir='ltr'><strong>eversas:</strong></span> <span class='ocrx_word' id='word_1_153' title='bbox 571 2778 642 2852; x_wconf 85' lang='lat' dir='ltr'><strong>quia</strong></span> <span class='ocrx_word' id='word_1_154' title='bbox 664 2793 748 2835; x_wconf 85' lang='lat' dir='ltr'><strong>arcus</strong></span> <span class='ocrx_word' id='word_1_155' title='bbox 770 2777 986 2848; x_wconf 83' lang='lat' dir='ltr'><strong>eccentrici‚.nt</strong></span> <span class='ocrx_word' id='word_1_156' title='bbox 1008 2776 1126 2851; x_wconf 88' lang='lat' dir='ltr'><strong>dictum,</strong></span> <span class='ocrx_word' id='word_1_157' title='bbox 1149 2779 1259 2840; x_wconf 89' lang='lat' dir='ltr'><strong>bahent</strong></span> <span class='ocrx_word' id='word_1_158' title='bbox 1282 2795 1400 2838; x_wconf 89' lang='lat' dir='ltr'><strong>suornm</strong></span> <span class='ocrx_word' id='word_1_159' title='bbox 1423 2778 1643 2838; x_wconf 77' lang='lat' dir='ltr'><strong>intervallorum</strong></span> 
     </span>
    </p>
   </div>
   <div class='ocr_carea' id='block_1_13' title="bbox 291 2863 1744 2945">
    <p class='ocr_par' dir='ltr' id='par_1_21' title="bbox 291 2863 1744 2945">
     <span class='ocr_line' id='line_1_27' title="bbox 291 2863 1744 2945; baseline -0.004 -17"><span class='ocrx_word' id='word_1_160' title='bbox 291 2869 401 2930; x_wconf 83' lang='lat' dir='ltr'><strong>aSole</strong></span> <span class='ocrx_word' id='word_1_161' title='bbox 423 2865 638 2945; x_wconf 87' lang='lat' dir='ltr'><strong>proportionem</strong></span> <span class='ocrx_word' id='word_1_162' title='bbox 661 2881 802 2924; x_wconf 85' lang='lat' dir='ltr'><strong>eversam.</strong></span> <span class='ocrx_word' id='word_1_163' title='bbox 846 2864 955 2924; x_wconf 86' lang='lat' dir='ltr'><strong>Itinera</strong></span> <span class='ocrx_word' id='word_1_164' title='bbox 985 2881 1054 2924; x_wconf 86' lang='lat' dir='ltr'><strong>vcro</strong></span> <span class='ocrx_word' id='word_1_165' title='bbox 1078 2867 1210 2926; x_wconf 89' lang='lat' dir='ltr'><strong>binorum</strong></span> <span class='ocrx_word' id='word_1_166' title='bbox 1232 2873 1362 2926; x_wconf 80' lang='lat' dir='ltr'><strong>exbema</strong></span> <span class='ocrx_word' id='word_1_167' title='bbox 1384 2864 1429 2925; x_wconf 89' lang='lat' dir='ltr'><strong>vel</strong></span> <span class='ocrx_word' id='word_1_168' title='bbox 1454 2865 1572 2926; x_wconf 72' lang='lat' dir='ltr'><strong>divona</strong></span> <span class='ocrx_word' id='word_1_169' title='bbox 1593 2863 1642 2924; x_wconf 82' lang='lat' dir='ltr'><strong>rel</strong></span> <span class='ocrx_word' id='word_1_170' title='bbox 1740 2895 1744 2904; x_wconf 92' lang='lat'><em>·</em></span> 
     </span>
    </p>
   </div>
   <div class='ocr_carea' id='block_1_14' title="bbox 292 2951 1662 3732">
    <p class='ocr_par' dir='ltr' id='par_1_22' title="bbox 292 2951 1643 3121">
     <span class='ocr_line' id='line_1_28' title="bbox 292 2951 1643 3031; baseline -0.004 -15"><span class='ocrx_word' id='word_1_171' title='bbox 292 2973 435 3016; x_wconf 87' lang='lat' dir='ltr'><strong>conversa</strong></span> <span class='ocrx_word' id='word_1_172' title='bbox 456 2956 482 3014; x_wconf 93' lang='lat' dir='ltr'><strong>si</strong></span> <span class='ocrx_word' id='word_1_173' title='bbox 505 2951 733 3026; x_wconf 86' lang='lat' dir='ltr'><strong>consideremus,</strong></span> <span class='ocrx_word' id='word_1_174' title='bbox 763 2951 854 3015; x_wconf 88' lang='lat' dir='ltr'><strong>multo</strong></span> <span class='ocrx_word' id='word_1_175' title='bbox 882 2954 978 3010; x_wconf 84' lang='lat' dir='ltr'><strong>minus</strong></span> <span class='ocrx_word' id='word_1_176' title='bbox 999 2952 1198 3014; x_wconf 85' lang='lat' dir='ltr'><strong>harmonicum</strong></span> <span class='ocrx_word' id='word_1_177' title='bbox 1227 2957 1383 3031; x_wconf 79' lang='lat' dir='ltr'><strong>quicquam</strong></span> <span class='ocrx_word' id='word_1_178' title='bbox 1409 2962 1533 3031; x_wconf 87' lang='lat' dir='ltr'><strong>apparet</strong></span> <span class='ocrx_word' id='word_1_179' title='bbox 1554 2969 1643 3030; x_wconf 88' lang='lat' dir='ltr'><strong>qnam</strong></span> 
     </span>
     <span class='ocr_line' id='line_1_29' title="bbox 292 3038 1038 3121; baseline -0.008 -17"><span class='ocrx_word' id='word_1_180' title='bbox 292 3047 381 3121; x_wconf 86' lang='lat' dir='ltr'><strong>prius,</strong></span> <span class='ocrx_word' id='word_1_181' title='bbox 406 3061 471 3103; x_wconf 89' lang='lat' dir='ltr'><strong>cnm</strong></span> <span class='ocrx_word' id='word_1_182' title='bbox 493 3042 572 3117; x_wconf 88' lang='lat' dir='ltr'><strong>ipsos</strong></span> <span class='ocrx_word' id='word_1_183' title='bbox 594 3057 678 3100; x_wconf 88' lang='lat' dir='ltr'><strong>arcus</strong></span> <span class='ocrx_word' id='word_1_184' title='bbox 701 3038 994 3100; x_wconf 50' lang='lat' dir='ltr'><strong>considerassemus&gt;</strong></span> <span class='ocrx_word' id='word_1_185' title='bbox 1036 3093 1038 3098; x_wconf 90' lang='lat'><em>.</em></span> 
     </span>
    </p>

    <p class='ocr_par' dir='ltr' id='par_1_23' title="bbox 292 3125 1662 3732">
     <span class='ocr_line' id='line_1_30' title="bbox 379 3125 1643 3232; baseline -0.006 -42"><span class='ocrx_word' id='word_1_186' title='bbox 379 3131 416 3190; x_wconf 77' lang='lat' dir='ltr'><strong>lit</strong></span> <span class='ocrx_word' id='word_1_187' title='bbox 438 3145 508 3190; x_wconf 90' lang='lat' dir='ltr'><strong>sanc</strong></span> <span class='ocrx_word' id='word_1_188' title='bbox 531 3129 556 3185; x_wconf 87' lang='lat' dir='ltr'><strong>si</strong></span> <span class='ocrx_word' id='word_1_189' title='bbox 578 3142 637 3186; x_wconf 89' lang='lat' dir='ltr'><strong>rem</strong></span> <span class='ocrx_word' id='word_1_190' title='bbox 661 3129 839 3204; x_wconf 79' lang='lat' dir='ltr'><strong>pensitamus</strong></span> <span class='ocrx_word' id='word_1_191' title='bbox 862 3125 1043 3203; x_wconf 86' lang='lat' dir='ltr'><strong>diligentius,</strong></span> <span class='ocrx_word' id='word_1_192' title='bbox 1077 3128 1245 3232; x_wconf 80' lang='lat' dir='ltr'><strong>apparebit,</strong></span> <span class='ocrx_word' id='word_1_193' title='bbox 1276 3143 1334 3187; x_wconf 91' lang='lat' dir='ltr'><strong>non</strong></span> <span class='ocrx_word' id='word_1_194' title='bbox 1354 3127 1452 3188; x_wconf 85' lang='lat' dir='ltr'><strong>-ralde</strong></span> <span class='ocrx_word' id='word_1_195' title='bbox 1485 3125 1643 3186; x_wconf 82' lang='lat' dir='ltr'><strong>verisimile</strong></span> 
     </span>
     <span class='ocr_line' id='line_1_31' title="bbox 293 3212 1662 3301; baseline -0.006 -23"><span class='ocrx_word' id='word_1_196' title='bbox 293 3233 368 3296; x_wconf 86' lang='lat' dir='ltr'><strong>osse,</strong></span> <span class='ocrx_word' id='word_1_197' title='bbox 391 3217 558 3278; x_wconf 85' lang='lat' dir='ltr'><strong>Creatorem</strong></span> <span class='ocrx_word' id='word_1_198' title='bbox 580 3216 827 3290; x_wconf 88' lang='lat' dir='ltr'><strong>sapientissimum</strong></span> <span class='ocrx_word' id='word_1_199' title='bbox 843 3213 1009 3274; x_wconf 75' lang='lat' dir='ltr'><strong>hermoniae</strong></span> <span class='ocrx_word' id='word_1_200' title='bbox 1024 3219 1098 3276; x_wconf 87' lang='lat' dir='ltr'><strong>inter</strong></span> <span class='ocrx_word' id='word_1_201' title='bbox 1121 3217 1185 3292; x_wconf 86' lang='lat' dir='ltr'><strong>ipsa</strong></span> <span class='ocrx_word' id='word_1_202' title='bbox 1206 3217 1389 3292; x_wconf 88' lang='lat' dir='ltr'><strong>potissimum</strong></span> <span class='ocrx_word' id='word_1_203' title='bbox 1412 3216 1519 3274; x_wconf 85' lang='lat' dir='ltr'><strong>itinera</strong></span> <span class='ocrx_word' id='word_1_204' title='bbox 1540 3212 1644 3289; x_wconf 87' lang='lat' dir='ltr'><strong>plane·</strong></span> <span class='ocrx_word' id='word_1_205' title='bbox 1658 3283 1662 3301; x_wconf 63' lang='lat'>,</span> 
     </span>
     <span class='ocr_line' id='line_1_32' title="bbox 293 3300 1643 3384; baseline -0.005 -19"><span class='ocrx_word' id='word_1_206' title='bbox 293 3309 367 3366; x_wconf 84' lang='lat' dir='ltr'><strong>tarta</strong></span> <span class='ocrx_word' id='word_1_207' title='bbox 389 3320 569 3383; x_wconf 78' lang='lat' dir='ltr'><strong>procurasse.</strong></span> <span class='ocrx_word' id='word_1_208' title='bbox 614 3301 690 3361; x_wconf 82' lang='lat' dir='ltr'><strong>Nam</strong></span> <span class='ocrx_word' id='word_1_209' title='bbox 712 3303 738 3362; x_wconf 90' lang='lat' dir='ltr'><strong>si</strong></span> <span class='ocrx_word' id='word_1_210' title='bbox 761 3312 829 3362; x_wconf 87' lang='lat' dir='ltr'><strong>sunt</strong></span> <span class='ocrx_word' id='word_1_211' title='bbox 851 3301 1036 3361; x_wconf 84' lang='lat' dir='ltr'><strong>harmonicae</strong></span> <span class='ocrx_word' id='word_1_212' title='bbox 1059 3305 1261 3384; x_wconf 88' lang='lat' dir='ltr'><strong>proportiones</strong></span> <span class='ocrx_word' id='word_1_213' title='bbox 1284 3305 1433 3374; x_wconf 89' lang='lat' dir='ltr'><strong>itinerum,</strong></span> <span class='ocrx_word' id='word_1_214' title='bbox 1467 3311 1551 3362; x_wconf 89' lang='lat' dir='ltr'><strong>erunt</strong></span> <span class='ocrx_word' id='word_1_215' title='bbox 1573 3300 1643 3360; x_wconf 88' lang='lat' dir='ltr'><strong>reli-</strong></span> 
     </span>
     <span class='ocr_line' id='line_1_33' title="bbox 293 3387 1644 3468; baseline -0.004 -16"><span class='ocrx_word' id='word_1_216' title='bbox 293 3409 352 3468; x_wconf 86' lang='lat' dir='ltr'><strong>qna</strong></span> <span class='ocrx_word' id='word_1_217' title='bbox 374 3395 490 3466; x_wconf 89' lang='lat' dir='ltr'><strong>omnia,</strong></span> <span class='ocrx_word' id='word_1_218' title='bbox 514 3403 599 3468; x_wconf 85' lang='lat' dir='ltr'><strong>quae</strong></span> <span class='ocrx_word' id='word_1_219' title='bbox 621 3387 729 3449; x_wconf 92' lang='lat' dir='ltr'><strong>habent</strong></span> <span class='ocrx_word' id='word_1_220' title='bbox 750 3389 902 3467; x_wconf 84' lang='lat' dir='ltr'><strong>planetae,</strong></span> <span class='ocrx_word' id='word_1_221' title='bbox 933 3396 1035 3450; x_wconf 89' lang='lat' dir='ltr'><strong>coacta</strong></span> <span class='ocrx_word' id='word_1_222' title='bbox 1057 3398 1087 3450; x_wconf 88' lang='lat' dir='ltr'><strong>et</strong></span> <span class='ocrx_word' id='word_1_223' title='bbox 1109 3407 1145 3450; x_wconf 89' lang='lat' dir='ltr'><strong>ex</strong></span> <span class='ocrx_word' id='word_1_224' title='bbox 1166 3391 1320 3450; x_wconf 81' lang='lat' dir='ltr'><strong>itineribus</strong></span> <span class='ocrx_word' id='word_1_225' title='bbox 1342 3407 1433 3462; x_wconf 85' lang='lat' dir='ltr'><strong>nexa,</strong></span> <span class='ocrx_word' id='word_1_226' title='bbox 1469 3397 1581 3448; x_wconf 91' lang='lat' dir='ltr'><strong>utnon</strong></span> <span class='ocrx_word' id='word_1_227' title='bbox 1605 3389 1644 3446; x_wconf 86' lang='lat' dir='ltr'><strong>sit</strong></span> 
     </span>
     <span class='ocr_line' id='line_1_34' title="bbox 293 3471 1643 3554; baseline -0.006 -15"><span class='ocrx_word' id='word_1_228' title='bbox 293 3480 374 3540; x_wconf 89' lang='lat' dir='ltr'><strong>locus</strong></span> <span class='ocrx_word' id='word_1_229' title='bbox 397 3480 469 3540; x_wconf 89' lang='lat' dir='ltr'><strong>alibi</strong></span> <span class='ocrx_word' id='word_1_230' title='bbox 491 3471 664 3554; x_wconf 88' lang='lat' dir='ltr'><strong>procurandi</strong></span> <span class='ocrx_word' id='word_1_231' title='bbox 688 3477 863 3536; x_wconf 87' lang='lat' dir='ltr'><strong>harmonias.</strong></span> <span class='ocrx_word' id='word_1_232' title='bbox 910 3477 950 3536; x_wconf 82' lang='lat' dir='ltr'><strong>At</strong></span> <span class='ocrx_word' id='word_1_233' title='bbox 979 3480 1023 3536; x_wconf 91' lang='lat' dir='ltr'><strong>cui</strong></span> <span class='ocrx_word' id='word_1_234' title='bbox 1048 3479 1125 3538; x_wconf 90' lang='lat' dir='ltr'><strong>bono</strong></span> <span class='ocrx_word' id='word_1_235' title='bbox 1149 3478 1316 3538; x_wconf 88' lang='lat' dir='ltr'><strong>harmoniae</strong></span> <span class='ocrx_word' id='word_1_236' title='bbox 1330 3479 1415 3537; x_wconf 89' lang='lat' dir='ltr'><strong>inter</strong></span> <span class='ocrx_word' id='word_1_237' title='bbox 1436 3479 1556 3548; x_wconf 86' lang='lat' dir='ltr'><strong>itinera,</strong></span> <span class='ocrx_word' id='word_1_238' title='bbox 1592 3483 1643 3534; x_wconf 84' lang='lat' dir='ltr'><strong>ant</strong></span> 
     </span>
     <span class='ocr_line' id='line_1_35' title="bbox 293 3563 1644 3645; baseline -0.004 -19"><span class='ocrx_word' id='word_1_239' title='bbox 293 3571 356 3645; x_wconf 82' lang='lat' dir='ltr'><strong>quis</strong></span> <span class='ocrx_word' id='word_1_240' title='bbox 379 3569 433 3628; x_wconf 86' lang='lat' dir='ltr'><strong>has</strong></span> <span class='ocrx_word' id='word_1_241' title='bbox 455 3566 620 3628; x_wconf 86' lang='lat' dir='ltr'><strong>harmonias</strong></span> <span class='ocrx_word' id='word_1_242' title='bbox 644 3563 807 3643; x_wconf 78' lang='lat' dir='ltr'><strong>percipiet?</strong></span> <span class='ocrx_word' id='word_1_243' title='bbox 838 3563 905 3624; x_wconf 81' lang='lat' dir='ltr'><strong>lluo</strong></span> <span class='ocrx_word' id='word_1_244' title='bbox 929 3573 1005 3638; x_wconf 77' lang='lat' dir='ltr'><strong>stunt,</strong></span> <span class='ocrx_word' id='word_1_245' title='bbox 1029 3583 1105 3641; x_wconf 86' lang='lat' dir='ltr'><strong>quae</strong></span> <span class='ocrx_word' id='word_1_246' title='bbox 1126 3567 1212 3624; x_wconf 89' lang='lat' dir='ltr'><strong>nobis</strong></span> <span class='ocrx_word' id='word_1_247' title='bbox 1235 3565 1431 3624; x_wconf 76' lang='lat' dir='ltr'><strong>harmonias·</strong></span> <span class='ocrx_word' id='word_1_248' title='bbox 1423 3581 1453 3622; x_wconf 87' lang='grc' dir='ltr'><strong>ιιι</strong></span> <span class='ocrx_word' id='word_1_249' title='bbox 1475 3564 1564 3624; x_wconf 89' lang='lat' dir='ltr'><strong>rebus</strong></span> <span class='ocrx_word' id='word_1_250' title='bbox 1587 3563 1644 3621; x_wconf 88' lang='lat' dir='ltr'><strong>na&#39;-</strong></span> 
     </span>
     <span class='ocr_line' id='line_1_36' title="bbox 292 3651 1643 3732; baseline -0.004 -18"><span class='ocrx_word' id='word_1_251' title='bbox 292 3655 434 3716; x_wconf 89' lang='lat' dir='ltr'><strong>turalibus</strong></span> <span class='ocrx_word' id='word_1_252' title='bbox 456 3655 648 3732; x_wconf 73' lang='lat' dir='ltr'><strong>patefaciente</strong></span> <span class='ocrx_word' id='word_1_253' title='bbox 680 3651 726 3712; x_wconf 86' lang='lat' dir='ltr'><strong>rel</strong></span> <span class='ocrx_word' id='word_1_254' title='bbox 758 3652 808 3710; x_wconf 85' lang='lat' dir='ltr'><strong>lux</strong></span> <span class='ocrx_word' id='word_1_255' title='bbox 839 3651 885 3711; x_wconf 86' lang='lat' dir='ltr'><strong>vel</strong></span> <span class='ocrx_word' id='word_1_256' title='bbox 916 3669 1025 3724; x_wconf 88' lang='lat' dir='ltr'><strong>sonus,</strong></span> <span class='ocrx_word' id='word_1_257' title='bbox 1059 3653 1110 3711; x_wconf 89' lang='lat' dir='ltr'><strong>illa</strong></span> <span class='ocrx_word' id='word_1_258' title='bbox 1143 3669 1196 3728; x_wconf 91' lang='lat' dir='ltr'><strong>per</strong></span> <span class='ocrx_word' id='word_1_259' title='bbox 1218 3653 1318 3712; x_wconf 90' lang='lat' dir='ltr'><strong>oculos</strong></span> <span class='ocrx_word' id='word_1_260' title='bbox 1348 3669 1489 3713; x_wconf 84' lang='lat' dir='ltr'><strong>sensusve</strong></span> <span class='ocrx_word' id='word_1_261' title='bbox 1512 3651 1643 3710; x_wconf 87' lang='lat' dir='ltr'><strong>occultos</strong></span> 
     </span>
    </p>
   </div>
   <div class='ocr_carea' id='block_1_15' title="bbox 198 3741 1642 3818">
    <p class='ocr_par' dir='ltr' id='par_1_24' title="bbox 198 3741 1642 3818">
     <span class='ocr_line' id='line_1_37' title="bbox 198 3741 1642 3818; baseline -0.006 -16"><span class='ocrx_word' id='word_1_262' title='bbox 198 3801 207 3810; x_wconf 77' lang='grc'><strong>,</strong></span> <span class='ocrx_word' id='word_1_263' title='bbox 266 3791 269 3798; x_wconf 93' lang='grc'>.</span> <span class='ocrx_word' id='word_1_264' title='bbox 293 3743 386 3804; x_wconf 90' lang='lat' dir='ltr'><strong>oculis</strong></span> <span class='ocrx_word' id='word_1_265' title='bbox 408 3744 560 3818; x_wconf 80' lang='lat' dir='ltr'><strong>analogoe,</strong></span> <span class='ocrx_word' id='word_1_266' title='bbox 585 3741 632 3799; x_wconf 92' lang='lat' dir='ltr'><strong>hic</strong></span> <span class='ocrx_word' id='word_1_267' title='bbox 653 3757 704 3815; x_wconf 90' lang='lat' dir='ltr'><strong>per</strong></span> <span class='ocrx_word' id='word_1_268' title='bbox 727 3757 811 3800; x_wconf 89' lang='lat' dir='ltr'><strong>aures</strong></span> <span class='ocrx_word' id='word_1_269' title='bbox 833 3743 962 3814; x_wconf 80' lang='lat' dir='ltr'><strong>recepti3</strong></span> <span class='ocrx_word' id='word_1_270' title='bbox 995 3757 1069 3817; x_wconf 87' lang='lat' dir='ltr'><strong>quas</strong></span> <span class='ocrx_word' id='word_1_271' title='bbox 1091 3743 1205 3817; x_wconf 89' lang='lat' dir='ltr'><strong>species</strong></span> <span class='ocrx_word' id='word_1_272' title='bbox 1228 3757 1375 3818; x_wconf 89' lang='lat' dir='ltr'><strong>occupans</strong></span> <span class='ocrx_word' id='word_1_273' title='bbox 1398 3757 1489 3813; x_wconf 85' lang='lat' dir='ltr'><strong>mene,</strong></span> <span class='ocrx_word' id='word_1_274' title='bbox 1511 3742 1579 3797; x_wconf 86' lang='lat' dir='ltr'><strong>sivo</strong></span> <span class='ocrx_word' id='word_1_275' title='bbox 1597 3741 1642 3796; x_wconf 94' lang='lat' dir='ltr'><strong>in·</strong></span> 
     </span>
    </p>
   </div>
   <div class='ocr_carea' id='block_1_16' title="bbox 292 3821 1641 3906">
    <p class='ocr_par' dir='ltr' id='par_1_25' title="bbox 292 3821 1641 3906">
     <span class='ocr_line' id='line_1_38' title="bbox 292 3821 1641 3906; baseline -0.004 -16"><span class='ocrx_word' id='word_1_276' title='bbox 292 3832 400 3890; x_wconf 88' lang='lat' dir='ltr'><strong>stincto</strong></span> <span class='ocrx_word' id='word_1_277' title='bbox 423 3831 475 3906; x_wconf 83' lang='lat' dir='ltr'><strong>(de</strong></span> <span class='ocrx_word' id='word_1_278' title='bbox 498 3845 562 3904; x_wconf 89' lang='lat' dir='ltr'><strong>quo</strong></span> <span class='ocrx_word' id='word_1_279' title='bbox 579 3827 619 3886; x_wconf 92' lang='lat' dir='ltr'><strong>lib</strong></span> <span class='ocrx_word' id='word_1_280' title='bbox 642 3826 694 3886; x_wconf 82' lang='lat' dir='ltr'><strong>tv.</strong></span> <span class='ocrx_word' id='word_1_281' title='bbox 718 3821 850 3906; x_wconf 83' lang='lat' dir='ltr'><strong>abunde)</strong></span> <span class='ocrx_word' id='word_1_282' title='bbox 885 3829 949 3885; x_wconf 87' lang='lat' dir='ltr'><strong>eive</strong></span> <span class='ocrx_word' id='word_1_283' title='bbox 979 3844 1030 3902; x_wconf 88' lang='lat' dir='ltr'><strong>per</strong></span> <span class='ocrx_word' id='word_1_284' title='bbox 1057 3831 1309 3888; x_wconf 86' lang='lat' dir='ltr'><strong>ratiocinationem</strong></span> <span class='ocrx_word' id='word_1_285' title='bbox 1341 3829 1567 3886; x_wconf 74' lang='lat' dir='ltr'><strong>ashonomlcam</strong></span> <span class='ocrx_word' id='word_1_286' title='bbox 1596 3823 1641 3884; x_wconf 86' lang='lat' dir='ltr'><strong>rel</strong></span> 
     </span>
    </p>
   </div>
   <div class='ocr_carea' id='block_1_17' title="bbox 170 3912 1643 4080">
    <p class='ocr_par' dir='ltr' id='par_1_26' title="bbox 170 3912 1643 4080">
     <span class='ocr_line' id='line_1_39' title="bbox 181 3912 1641 3992; baseline -0.007 -13"><span class='ocrx_word' id='word_1_287' title='bbox 181 3917 183 3926; x_wconf 89' lang='lat'>&#39;</span> <span class='ocrx_word' id='word_1_288' title='bbox 242 3935 243 3938; x_wconf 71' lang='grc'>’</span> <span class='ocrx_word' id='word_1_289' title='bbox 291 3917 490 3978; x_wconf 87' lang='lat' dir='ltr'><strong>harmonicam</strong></span> <span class='ocrx_word' id='word_1_290' title='bbox 521 3916 661 3986; x_wconf 74' lang='lat' dir='ltr'><strong>dijudicat</strong></span> <span class='ocrx_word' id='word_1_291' title='bbox 695 3917 866 3974; x_wconf 91' lang='lat' dir='ltr'><strong>concinnum</strong></span> <span class='ocrx_word' id='word_1_292' title='bbox 897 3914 935 3973; x_wconf 90' lang='lat' dir='ltr'><strong>ab</strong></span> <span class='ocrx_word' id='word_1_293' title='bbox 966 3915 1147 3975; x_wconf 83' lang='lat' dir='ltr'><strong>inconcinne.</strong></span> <span class='ocrx_word' id='word_1_294' title='bbox 1199 3913 1269 3974; x_wconf 84' lang='lat' dir='ltr'><strong>Jern</strong></span> <span class='ocrx_word' id='word_1_295' title='bbox 1302 3919 1367 3974; x_wconf 88' lang='lat' dir='ltr'><strong>soni</strong></span> <span class='ocrx_word' id='word_1_296' title='bbox 1400 3918 1428 3992; x_wconf 83' lang='lat' dir='ltr'><strong>in</strong></span> <span class='ocrx_word' id='word_1_297' title='bbox 1456 3913 1538 3974; x_wconf 88' lang='lat' dir='ltr'><strong>coelo</strong></span> <span class='ocrx_word' id='word_1_298' title='bbox 1568 3912 1641 3970; x_wconf 89' lang='lat' dir='ltr'><strong>nulli</strong></span> 
     </span>
     <span class='ocr_line' id='line_1_40' title="bbox 170 3987 1643 4080; baseline -0.008 -12"><span class='ocrx_word' id='word_1_299' title='bbox 170 4032 173 4040; x_wconf 62' lang='grc'><strong>’</strong></span> <span class='ocrx_word' id='word_1_300' title='bbox 293 4009 430 4080; x_wconf 74' lang='lat' dir='ltr'><strong>existunt,</strong></span> <span class='ocrx_word' id='word_1_301' title='bbox 453 4021 508 4064; x_wconf 90' lang='lat' dir='ltr'><strong>nec</strong></span> <span class='ocrx_word' id='word_1_302' title='bbox 531 4013 589 4062; x_wconf 83' lang='lat' dir='ltr'><strong>tam</strong></span> <span class='ocrx_word' id='word_1_303' title='bbox 611 4002 793 4063; x_wconf 87' lang='lat' dir='ltr'><strong>turbulentus</strong></span> <span class='ocrx_word' id='word_1_304' title='bbox 819 4009 1039 4075; x_wconf 64' lang='lat' dir='ltr'><strong>carnotenus</strong></span> <span class='ocrx_word' id='word_1_305' title='bbox 1062 4019 1097 4062; x_wconf 85' lang='lat' dir='ltr'><strong>ex</strong></span> <span class='ocrx_word' id='word_1_306' title='bbox 1120 4003 1220 4062; x_wconf 88' lang='lat' dir='ltr'><strong>attritu</strong></span> <span class='ocrx_word' id='word_1_307' title='bbox 1243 4020 1333 4062; x_wconf 90' lang='lat' dir='ltr'><strong>aurae</strong></span> <span class='ocrx_word' id='word_1_308' title='bbox 1356 3987 1489 4063; x_wconf 81' lang='lat' dir='ltr'><strong>coelestis</strong></span> <span class='ocrx_word' id='word_1_309' title='bbox 1512 4001 1643 4060; x_wconf 91' lang='lat' dir='ltr'><strong>eliciatur</strong></span> 
     </span>
    </p>
   </div>
   <div class='ocr_carea' id='block_1_18' title="bbox 224 4087 1643 4866">
    <p class='ocr_par' dir='ltr' id='par_1_27' title="bbox 224 4087 1643 4780">
     <span class='ocr_line' id='line_1_41' title="bbox 255 4087 1643 4167; baseline -0.009 -11"><span class='ocrx_word' id='word_1_310' title='bbox 255 4153 256 4160; x_wconf 71' lang='grc'>,</span> <span class='ocrx_word' id='word_1_311' title='bbox 292 4093 406 4156; x_wconf 80' lang='lat' dir='ltr'><strong>stridor.</strong></span> <span class='ocrx_word' id='word_1_312' title='bbox 451 4091 554 4161; x_wconf 70' lang='lat' dir='ltr'><strong>Restm</strong></span> <span class='ocrx_word' id='word_1_313' title='bbox 576 4089 644 4163; x_wconf 85' lang='lat' dir='ltr'><strong>lux;</strong></span> <span class='ocrx_word' id='word_1_314' title='bbox 677 4091 702 4150; x_wconf 87' lang='lat' dir='ltr'><strong>si</strong></span> <span class='ocrx_word' id='word_1_315' title='bbox 724 4090 798 4150; x_wconf 87' lang='lat' dir='ltr'><strong>haec</strong></span> <span class='ocrx_word' id='word_1_316' title='bbox 820 4089 923 4149; x_wconf 85' lang='lat' dir='ltr'><strong>dooere</strong></span> <span class='ocrx_word' id='word_1_317' title='bbox 946 4089 1034 4148; x_wconf 87' lang='lat' dir='ltr'><strong>debet</strong></span> <span class='ocrx_word' id='word_1_318' title='bbox 1063 4089 1099 4148; x_wconf 87' lang='lat' dir='ltr'><strong>de</strong></span> <span class='ocrx_word' id='word_1_319' title='bbox 1122 4090 1273 4150; x_wconf 78' lang='lat' dir='ltr'><strong>itineribus</strong></span> <span class='ocrx_word' id='word_1_320' title='bbox 1295 4089 1495 4167; x_wconf 88' lang='lat' dir='ltr'><strong>planetarum,</strong></span> <span class='ocrx_word' id='word_1_321' title='bbox 1526 4087 1643 4147; x_wconf 85' lang='lat' dir='ltr'><strong>docebit</strong></span> 
     </span>
     <span class='ocr_line' id='line_1_42' title="bbox 245 4176 1643 4260; baseline -0.006 -19"><span class='ocrx_word' id='word_1_322' title='bbox 245 4253 248 4260; x_wconf 29' lang='grc'>1</span> <span class='ocrx_word' id='word_1_323' title='bbox 294 4181 340 4241; x_wconf 87' lang='grc' dir='ltr'><strong>ιιι</strong></span> <span class='ocrx_word' id='word_1_324' title='bbox 363 4179 465 4240; x_wconf 85' lang='lat' dir='ltr'><strong>oculos</strong></span> <span class='ocrx_word' id='word_1_325' title='bbox 489 4178 536 4239; x_wconf 85' lang='lat' dir='ltr'><strong>vel</strong></span> <span class='ocrx_word' id='word_1_326' title='bbox 559 4179 720 4239; x_wconf 88' lang='lat' dir='ltr'><strong>sensorium</strong></span> <span class='ocrx_word' id='word_1_327' title='bbox 742 4179 777 4236; x_wconf 88' lang='lat' dir='ltr'><strong>iis</strong></span> <span class='ocrx_word' id='word_1_328' title='bbox 801 4176 956 4252; x_wconf 75' lang='lat' dir='ltr'><strong>analogon,</strong></span> <span class='ocrx_word' id='word_1_329' title='bbox 980 4179 1068 4234; x_wconf 90' lang='lat' dir='ltr'><strong>situm</strong></span> <span class='ocrx_word' id='word_1_330' title='bbox 1090 4179 1118 4243; x_wconf 86' lang='lat' dir='ltr'><strong>in</strong></span> <span class='ocrx_word' id='word_1_331' title='bbox 1143 4187 1221 4238; x_wconf 84' lang='lat' dir='ltr'><strong>certo</strong></span> <span class='ocrx_word' id='word_1_332' title='bbox 1244 4177 1327 4251; x_wconf 89' lang='lat' dir='ltr'><strong>loco,</strong></span> <span class='ocrx_word' id='word_1_333' title='bbox 1351 4186 1380 4236; x_wconf 88' lang='lat' dir='ltr'><strong>et</strong></span> <span class='ocrx_word' id='word_1_334' title='bbox 1402 4185 1435 4236; x_wconf 89' lang='lat' dir='ltr'><strong>ut</strong></span> <span class='ocrx_word' id='word_1_335' title='bbox 1457 4177 1556 4235; x_wconf 88' lang='lat' dir='ltr'><strong>statim</strong></span> <span class='ocrx_word' id='word_1_336' title='bbox 1578 4177 1643 4251; x_wconf 87' lang='lat' dir='ltr'><strong>ipsa</strong></span> 
     </span>
     <span class='ocr_line' id='line_1_43' title="bbox 290 4263 1641 4344; baseline -0.007 -14"><span class='ocrx_word' id='word_1_337' title='bbox 290 4285 345 4344; x_wconf 85' lang='lat' dir='ltr'><strong>por</strong></span> <span class='ocrx_word' id='word_1_338' title='bbox 365 4284 397 4330; x_wconf 88' lang='lat' dir='ltr'><strong>se</strong></span> <span class='ocrx_word' id='word_1_339' title='bbox 419 4266 470 4326; x_wconf 81' lang='lat' dir='ltr'><strong>lux</strong></span> <span class='ocrx_word' id='word_1_340' title='bbox 492 4265 624 4336; x_wconf 84' lang='lat' dir='ltr'><strong>edoceat,</strong></span> <span class='ocrx_word' id='word_1_341' title='bbox 648 4281 744 4326; x_wconf 90' lang='lat' dir='ltr'><strong>coram</strong></span> <span class='ocrx_word' id='word_1_342' title='bbox 768 4263 885 4324; x_wconf 82' lang='lat' dir='ltr'><strong>videtur</strong></span> <span class='ocrx_word' id='word_1_343' title='bbox 906 4263 1008 4324; x_wconf 79' lang='lat' dir='ltr'><strong>adesse</strong></span> <span class='ocrx_word' id='word_1_344' title='bbox 1033 4271 1165 4340; x_wconf 87' lang='lat' dir='ltr'><strong>oportere</strong></span> <span class='ocrx_word' id='word_1_345' title='bbox 1187 4281 1314 4331; x_wconf 84' lang='lat' dir='ltr'><strong>sensum.</strong></span> <span class='ocrx_word' id='word_1_346' title='bbox 1345 4265 1406 4323; x_wconf 82' lang='lat' dir='ltr'><strong>Erit</strong></span> <span class='ocrx_word' id='word_1_347' title='bbox 1428 4267 1518 4340; x_wconf 82' lang='lat' dir='ltr'><strong>igitur</strong></span> <span class='ocrx_word' id='word_1_348' title='bbox 1540 4279 1641 4324; x_wconf 88' lang='lat' dir='ltr'><strong>senens</strong></span> 
     </span>
     <span class='ocr_line' id='line_1_44' title="bbox 224 4345 1642 4428; baseline -0.005 -16"><span class='ocrx_word' id='word_1_349' title='bbox 224 4369 252 4422; x_wconf 72' lang='grc'><strong>,’</strong></span> <span class='ocrx_word' id='word_1_350' title='bbox 294 4357 323 4412; x_wconf 89' lang='lat' dir='ltr'><strong>in</strong></span> <span class='ocrx_word' id='word_1_351' title='bbox 347 4361 409 4414; x_wconf 89' lang='lat' dir='ltr'><strong>toto</strong></span> <span class='ocrx_word' id='word_1_352' title='bbox 432 4355 560 4425; x_wconf 90' lang='lat' dir='ltr'><strong>mundo,</strong></span> <span class='ocrx_word' id='word_1_353' title='bbox 593 4351 703 4413; x_wconf 85' lang='lat' dir='ltr'><strong>scilicet</strong></span> <span class='ocrx_word' id='word_1_354' title='bbox 726 4361 758 4411; x_wconf 89' lang='lat' dir='ltr'><strong>ut</strong></span> <span class='ocrx_word' id='word_1_355' title='bbox 780 4369 869 4411; x_wconf 88' lang='lat' dir='ltr'><strong>unus</strong></span> <span class='ocrx_word' id='word_1_356' title='bbox 889 4359 918 4410; x_wconf 90' lang='lat' dir='ltr'><strong>et</strong></span> <span class='ocrx_word' id='word_1_357' title='bbox 939 4350 1015 4409; x_wconf 84' lang='lat' dir='ltr'><strong>idem</strong></span> <span class='ocrx_word' id='word_1_358' title='bbox 1039 4349 1167 4410; x_wconf 82' lang='lat' dir='ltr'><strong>omn&#39;inm</strong></span> <span class='ocrx_word' id='word_1_359' title='bbox 1201 4351 1382 4428; x_wconf 87' lang='lat' dir='ltr'><strong>planetarum</strong></span> <span class='ocrx_word' id='word_1_360' title='bbox 1405 4345 1642 4410; x_wconf 84' lang='lat' dir='ltr'><strong>motibus-simul</strong></span> 
     </span>
     <span class='ocr_line' id='line_1_45' title="bbox 294 4437 1641 4516; baseline -0.005 -15"><span class='ocrx_word' id='word_1_361' title='bbox 294 4440 381 4502; x_wconf 86' lang='lat' dir='ltr'><strong>arisit.</strong></span> <span class='ocrx_word' id='word_1_362' title='bbox 421 4441 500 4501; x_wconf 78' lang='lat' dir='ltr'><strong>llam</strong></span> <span class='ocrx_word' id='word_1_363' title='bbox 523 4441 654 4514; x_wconf 76' lang='lat' dir='ltr'><strong>illaria,</strong></span> <span class='ocrx_word' id='word_1_364' title='bbox 678 4441 716 4500; x_wconf 89' lang='lat' dir='ltr'><strong>ab</strong></span> <span class='ocrx_word' id='word_1_365' title='bbox 740 4439 994 4499; x_wconf 87' lang='lat' dir='ltr'><strong>observationibus</strong></span> <span class='ocrx_word' id='word_1_366' title='bbox 1016 4455 1068 4514; x_wconf 85' lang='lat' dir='ltr'><strong>per</strong></span> <span class='ocrx_word' id='word_1_367' title='bbox 1089 4439 1276 4516; x_wconf 78' lang='lat' dir='ltr'><strong>longissimas</strong></span> <span class='ocrx_word' id='word_1_368' title='bbox 1296 4441 1473 4516; x_wconf 84' lang='lat' dir='ltr'><strong>geometriae</strong></span> <span class='ocrx_word' id='word_1_369' title='bbox 1497 4449 1526 4498; x_wconf 87' lang='lat' dir='ltr'><strong>et</strong></span> <span class='ocrx_word' id='word_1_370' title='bbox 1549 4437 1641 4496; x_wconf 87' lang='lat' dir='ltr'><strong>arith-</strong></span> 
     </span>
     <span class='ocr_line' id='line_1_46' title="bbox 295 4523 1640 4606; baseline -0.006 -18"><span class='ocrx_word' id='word_1_371' title='bbox 295 4530 418 4588; x_wconf 81' lang='lat' dir='ltr'><strong>meticae</strong></span> <span class='ocrx_word' id='word_1_372' title='bbox 441 4531 591 4605; x_wconf 78' lang='lat' dir='ltr'><strong>ambages,</strong></span> <span class='ocrx_word' id='word_1_373' title='bbox 614 4544 665 4604; x_wconf 88' lang='lat' dir='ltr'><strong>per</strong></span> <span class='ocrx_word' id='word_1_374' title='bbox 688 4528 889 4606; x_wconf 78' lang='lat' dir='ltr'><strong>proportiones</strong></span> <span class='ocrx_word' id='word_1_375' title='bbox 912 4527 1027 4586; x_wconf 91' lang='lat' dir='ltr'><strong>orbium</strong></span> <span class='ocrx_word' id='word_1_376' title='bbox 1043 4533 1078 4584; x_wconf 88' lang='grc' dir='ltr'><strong>ιι</strong></span> <span class='ocrx_word' id='word_1_377' title='bbox 1100 4535 1196 4586; x_wconf 85' lang='lat' dir='ltr'><strong>cetera</strong></span> <span class='ocrx_word' id='word_1_378' title='bbox 1218 4535 1306 4586; x_wconf 89' lang='lat' dir='ltr'><strong>antea</strong></span> <span class='ocrx_word' id='word_1_379' title='bbox 1328 4526 1467 4586; x_wconf 80' lang='lat' dir='ltr'><strong>discentia</strong></span> <span class='ocrx_word' id='word_1_380' title='bbox 1489 4541 1582 4602; x_wconf 85' lang='lat' dir='ltr'><strong>usqne</strong></span> <span class='ocrx_word' id='word_1_381' title='bbox 1604 4523 1640 4582; x_wconf 85' lang='lat' dir='ltr'><strong>ad</strong></span> 
     </span>
     <span class='ocr_line' id='line_1_47' title="bbox 293 4612 1641 4693; baseline -0.005 -16"><span class='ocrx_word' id='word_1_382' title='bbox 293 4619 399 4678; x_wconf 84' lang='lat' dir='ltr'><strong>itinere</strong></span> <span class='ocrx_word' id='word_1_383' title='bbox 420 4616 492 4676; x_wconf 87' lang='lat' dir='ltr'><strong>haec</strong></span> <span class='ocrx_word' id='word_1_384' title='bbox 514 4619 580 4693; x_wconf 86' lang='lat' dir='ltr'><strong>ipsa</strong></span> <span class='ocrx_word' id='word_1_385' title='bbox 600 4614 742 4688; x_wconf 80' lang='lat' dir='ltr'><strong>traducta,</strong></span> <span class='ocrx_word' id='word_1_386' title='bbox 766 4616 851 4673; x_wconf 89' lang='lat' dir='ltr'><strong>nimis</strong></span> <span class='ocrx_word' id='word_1_387' title='bbox 875 4620 920 4674; x_wconf 88' lang='lat' dir='ltr'><strong>est</strong></span> <span class='ocrx_word' id='word_1_388' title='bbox 941 4613 1029 4689; x_wconf 79' lang='lat' dir='ltr'><strong>longa</strong></span> <span class='ocrx_word' id='word_1_389' title='bbox 1051 4631 1104 4691; x_wconf 94' lang='lat' dir='ltr'><strong>pro</strong></span> <span class='ocrx_word' id='word_1_390' title='bbox 1127 4616 1265 4674; x_wconf 87' lang='lat' dir='ltr'><strong>instinctu</strong></span> <span class='ocrx_word' id='word_1_391' title='bbox 1280 4613 1379 4690; x_wconf 84' lang='lat' dir='ltr'><strong>aliquo</strong></span> <span class='ocrx_word' id='word_1_392' title='bbox 1402 4612 1535 4686; x_wconf 86' lang='lat' dir='ltr'><strong>naturali,</strong></span> <span class='ocrx_word' id='word_1_393' title='bbox 1559 4612 1641 4687; x_wconf 83' lang='lat' dir='ltr'><strong>cujus</strong></span> 
     </span>
     <span class='ocr_line' id='line_1_48' title="bbox 281 4701 1419 4780; baseline -0.008 -13"><span class='ocrx_word' id='word_1_394' title='bbox 281 4703 432 4766; x_wconf 77' lang='lat' dir='ltr'><strong>‘movendi</strong></span> <span class='ocrx_word' id='word_1_395' title='bbox 455 4720 545 4780; x_wconf 84' lang='lat' dir='ltr'><strong>causo</strong></span> <span class='ocrx_word' id='word_1_396' title='bbox 567 4703 733 4763; x_wconf 89' lang='lat' dir='ltr'><strong>harmonias</strong></span> <span class='ocrx_word' id='word_1_397' title='bbox 757 4702 937 4762; x_wconf 81' lang='lat' dir='ltr'><strong>introductas</strong></span> <span class='ocrx_word' id='word_1_398' title='bbox 961 4719 1025 4761; x_wconf 88' lang='lat' dir='ltr'><strong>esse</strong></span> <span class='ocrx_word' id='word_1_399' title='bbox 1048 4709 1274 4762; x_wconf 86' lang='lat' dir='ltr'><strong>consentaneum</strong></span> <span class='ocrx_word' id='word_1_400' title='bbox 1296 4701 1419 4760; x_wconf 86' lang='lat' dir='ltr'><strong>videtur.</strong></span> 
     </span>
    </p>

    <p class='ocr_par' dir='ltr' id='par_1_28' title="bbox 382 4787 1640 4866">
     <span class='ocr_line' id='line_1_49' title="bbox 382 4787 1640 4866; baseline -0.005 -17"><span class='ocrx_word' id='word_1_401' title='bbox 382 4788 526 4850; x_wconf 87' lang='lat' dir='ltr'><strong>Omnibus</strong></span> <span class='ocrx_word' id='word_1_402' title='bbox 548 4792 636 4866; x_wconf 74' lang='lat' dir='ltr'><strong>igittn</strong></span> <span class='ocrx_word' id='word_1_403' title='bbox 659 4791 688 4848; x_wconf 93' lang='lat' dir='ltr'><strong>in</strong></span> <span class='ocrx_word' id='word_1_404' title='bbox 711 4807 800 4850; x_wconf 87' lang='grc' dir='ltr'><strong>ιιιιιιιιι</strong></span> <span class='ocrx_word' id='word_1_405' title='bbox 816 4793 1005 4866; x_wconf 86' lang='lat' dir='ltr'><strong>conspectum</strong></span> <span class='ocrx_word' id='word_1_406' title='bbox 1020 4789 1139 4863; x_wconf 79' lang='lat' dir='ltr'><strong>coactis,</strong></span> <span class='ocrx_word' id='word_1_407' title='bbox 1163 4788 1392 4864; x_wconf 75' lang='lat' dir='ltr'><strong>conclusimus,</strong></span> <span class='ocrx_word' id='word_1_408' title='bbox 1415 4787 1541 4848; x_wconf 84' lang='lat' dir='ltr'><strong>dimissis</strong></span> <span class='ocrx_word' id='word_1_409' title='bbox 1564 4787 1640 4845; x_wconf 85' lang='lat' dir='ltr'><strong>veris</strong></span> 
     </span>
    </p>
   </div>
   <div class='ocr_carea' id='block_1_19' title="bbox 0 0 1863 5534">
    <p class='ocr_par' dir='ltr' id='par_1_29' title="bbox 0 0 1863 5534">
     <span class='ocr_line' id='line_1_50' title="bbox 0 0 1863 5534; baseline 0 0"><span class='ocrx_word' id='word_1_410' title='bbox 0 0 1863 5534; x_wconf 95' lang='lat' dir='ltr'><strong> </strong></span> 
     </span>
    </p>
   </div>
  </div>
 </body>
</html>
