<?xml version="1.0" encoding="UTF-8"?>
<!DOCTYPE html PUBLIC "-//W3C//DTD XHTML 1.0 Transitional//EN"
    "http://www.w3.org/TR/xhtml1/DTD/xhtml1-transitional.dtd">
<html xmlns="http://www.w3.org/1999/xhtml" xml:lang="en" lang="en">
 <head>
  <title>
</title>
<meta http-equiv="Content-Type" content="text/html;charset=utf-8" />
  <meta name='ocr-system' content='tesseract 3.04.00' />
  <meta name='ocr-capabilities' content='ocr_page ocr_carea ocr_par ocr_line ocrx_word'/>
</head>
<body>
  <div class='ocr_page' id='page_1' title='image "./joanniskepleria26frisgoog_0453.png"; bbox 0 0 3732 5528; ppageno 0'>
   <div class='ocr_carea' id='block_1_1' title="bbox 303 310 1143 378">
    <p class='ocr_par' dir='ltr' id='par_1_1' title="bbox 303 310 1143 378">
     <span class='ocr_line' id='line_1_1' title="bbox 303 310 1143 378; baseline -0.015 -2"><span class='ocrx_word' id='word_1_1' title='bbox 303 317 366 378; x_wconf 81' lang='lat'><strong>408</strong></span> <span class='ocrx_word' id='word_1_2' title='bbox 821 310 969 366; x_wconf 80' lang='lat' dir='ltr'><strong>Ptolemaei</strong></span> <span class='ocrx_word' id='word_1_3' title='bbox 988 311 1143 366; x_wconf 74' lang='lat' dir='ltr'><strong>Harmonia.</strong></span> 
     </span>
    </p>
   </div>
   <div class='ocr_carea' id='block_1_2' title="bbox 301 461 1647 714">
    <p class='ocr_par' dir='ltr' id='par_1_2' title="bbox 301 461 1647 714">
     <span class='ocr_line' id='line_1_2' title="bbox 302 461 1646 555; baseline -0.004 -14"><span class='ocrx_word' id='word_1_4' title='bbox 302 485 497 555; x_wconf 73' lang='lat' dir='ltr'>consequentia</span> <span class='ocrx_word' id='word_1_5' title='bbox 514 491 666 542; x_wconf 90' lang='lat' dir='ltr'><strong>moveatur:</strong></span> <span class='ocrx_word' id='word_1_6' title='bbox 687 501 769 542; x_wconf 88' lang='lat' dir='ltr'><strong>causa</strong></span> <span class='ocrx_word' id='word_1_7' title='bbox 786 461 877 540; x_wconf 79' lang='lat' dir='ltr'><strong>famen</strong></span> <span class='ocrx_word' id='word_1_8' title='bbox 895 482 978 554; x_wconf 88' lang='lat' dir='ltr'><strong>hujus</strong></span> <span class='ocrx_word' id='word_1_9' title='bbox 996 483 1174 552; x_wconf 79' lang='lat' dir='ltr'><strong>separationis</strong></span> <span class='ocrx_word' id='word_1_10' title='bbox 1193 463 1246 538; x_wconf 87' lang='lat' dir='ltr'><strong>non</strong></span> <span class='ocrx_word' id='word_1_11' title='bbox 1264 484 1351 554; x_wconf 79' lang='lat' dir='ltr'><strong>estin</strong></span> <span class='ocrx_word' id='word_1_12' title='bbox 1370 479 1501 554; x_wconf 81' lang='lat' dir='ltr'><strong>epicyclc,</strong></span> <span class='ocrx_word' id='word_1_13' title='bbox 1521 481 1569 538; x_wconf 85' lang='lat' dir='ltr'><strong>sed</strong></span> <span class='ocrx_word' id='word_1_14' title='bbox 1586 497 1646 550; x_wconf 88' lang='lat' dir='ltr'><strong>par-</strong></span> 
     </span>
     <span class='ocr_line' id='line_1_3' title="bbox 301 561 1646 635; baseline -0.004 -15"><span class='ocrx_word' id='word_1_15' title='bbox 301 567 349 620; x_wconf 91' lang='lat' dir='ltr'><strong>tim</strong></span> <span class='ocrx_word' id='word_1_16' title='bbox 368 566 395 619; x_wconf 95' lang='lat' dir='ltr'><strong>in</strong></span> <span class='ocrx_word' id='word_1_17' title='bbox 414 582 462 635; x_wconf 91' lang='lat' dir='ltr'><strong>ee,</strong></span> <span class='ocrx_word' id='word_1_18' title='bbox 490 565 563 634; x_wconf 85' lang='lat' dir='ltr'><strong>quod</strong></span> <span class='ocrx_word' id='word_1_19' title='bbox 581 565 687 620; x_wconf 89' lang='lat' dir='ltr'><strong>videtur</strong></span> <span class='ocrx_word' id='word_1_20' title='bbox 704 565 877 621; x_wconf 79' lang='lat' dir='ltr'>Ptolemaeus</span> <span class='ocrx_word' id='word_1_21' title='bbox 900 565 927 618; x_wconf 93' lang='lat' dir='ltr'><strong>in</strong></span> <span class='ocrx_word' id='word_1_22' title='bbox 953 579 1049 632; x_wconf 83' lang='lat' dir='ltr'><strong>magna</strong></span> <span class='ocrx_word' id='word_1_23' title='bbox 1072 565 1150 632; x_wconf 90' lang='lat' dir='ltr'><strong>copia</strong></span> <span class='ocrx_word' id='word_1_24' title='bbox 1169 565 1365 618; x_wconf 88' lang='lat' dir='ltr'><strong>occurrentium</strong></span> <span class='ocrx_word' id='word_1_25' title='bbox 1384 563 1583 618; x_wconf 72' lang='lat' dir='ltr'><strong>harmoniarum</strong></span> <span class='ocrx_word' id='word_1_26' title='bbox 1603 561 1646 624; x_wconf 86' lang='lat' dir='ltr'><strong>dc-</strong></span> 
     </span>
     <span class='ocr_line' id='line_1_4' title="bbox 301 639 1647 714; baseline -0.005 -15"><span class='ocrx_word' id='word_1_27' title='bbox 301 646 401 700; x_wconf 88' lang='lat' dir='ltr'><strong>lectum</strong></span> <span class='ocrx_word' id='word_1_28' title='bbox 420 644 509 700; x_wconf 87' lang='lat' dir='ltr'><strong>studio</strong></span> <span class='ocrx_word' id='word_1_29' title='bbox 529 645 683 714; x_wconf 87' lang='lat' dir='ltr'><strong>quaesisse,</strong></span> <span class='ocrx_word' id='word_1_30' title='bbox 710 651 739 699; x_wconf 91' lang='lat' dir='ltr'><strong>ut</strong></span> <span class='ocrx_word' id='word_1_31' title='bbox 757 644 845 698; x_wconf 88' lang='lat' dir='ltr'><strong>fusam</strong></span> <span class='ocrx_word' id='word_1_32' title='bbox 869 640 1008 696; x_wconf 82' lang='lat' dir='ltr'><strong>materiam</strong></span> <span class='ocrx_word' id='word_1_33' title='bbox 1034 642 1115 695; x_wconf 84' lang='lat' dir='ltr'><strong>certis</strong></span> <span class='ocrx_word' id='word_1_34' title='bbox 1133 641 1212 696; x_wconf 88' lang='lat' dir='ltr'><strong>metis</strong></span> <span class='ocrx_word' id='word_1_35' title='bbox 1234 641 1400 711; x_wconf 88' lang='lat' dir='ltr'><strong>includeret,</strong></span> <span class='ocrx_word' id='word_1_36' title='bbox 1423 641 1522 708; x_wconf 90' lang='lat' dir='ltr'><strong>partim</strong></span> <span class='ocrx_word' id='word_1_37' title='bbox 1539 657 1603 694; x_wconf 90' lang='lat' dir='ltr'><strong>vero</strong></span> <span class='ocrx_word' id='word_1_38' title='bbox 1620 639 1647 692; x_wconf 92' lang='lat' dir='ltr'><strong>in</strong></span> 
     </span>
    </p>
   </div>
   <div class='ocr_carea' id='block_1_3' title="bbox 301 719 1649 874">
    <p class='ocr_par' dir='ltr' id='par_1_3' title="bbox 301 719 1649 874">
     <span class='ocr_line' id='line_1_5' title="bbox 302 719 1649 794; baseline -0.004 -16"><span class='ocrx_word' id='word_1_39' title='bbox 302 741 342 782; x_wconf 78' lang='lat' dir='ltr'><strong>eo,</strong></span> <span class='ocrx_word' id='word_1_40' title='bbox 362 723 435 792; x_wconf 89' lang='lat' dir='ltr'><strong>quod</strong></span> <span class='ocrx_word' id='word_1_41' title='bbox 454 725 507 780; x_wconf 90' lang='lat' dir='ltr'><strong>hae</strong></span> <span class='ocrx_word' id='word_1_42' title='bbox 525 731 666 792; x_wconf 80' lang='lat' dir='ltr'><strong>separatae</strong></span> <span class='ocrx_word' id='word_1_43' title='bbox 684 723 855 794; x_wconf 87' lang='lat' dir='ltr'><strong>planetarum</strong></span> <span class='ocrx_word' id='word_1_44' title='bbox 874 721 993 790; x_wconf 86' lang='lat' dir='ltr'><strong>quinque</strong></span> <span class='ocrx_word' id='word_1_45' title='bbox 1010 721 1273 790; x_wconf 84' lang='lat' dir='ltr'><strong>proportionescum</strong></span> <span class='ocrx_word' id='word_1_46' title='bbox 1291 721 1468 776; x_wconf 89' lang='lat' dir='ltr'><strong>luminaribus</strong></span> <span class='ocrx_word' id='word_1_47' title='bbox 1486 719 1649 788; x_wconf 81' lang='lat' dir='ltr'><strong>insequenti</strong></span> 
     </span>
     <span class='ocr_line' id='line_1_6' title="bbox 301 803 799 874; baseline -0.006 -14"><span class='ocrx_word' id='word_1_48' title='bbox 301 803 390 874; x_wconf 86' lang='lat' dir='ltr'><strong>capita</strong></span> <span class='ocrx_word' id='word_1_49' title='bbox 409 820 487 860; x_wconf 88' lang='lat' dir='ltr'><strong>suum</strong></span> <span class='ocrx_word' id='word_1_50' title='bbox 504 819 583 858; x_wconf 89' lang='lat' dir='ltr'><strong>nsum</strong></span> <span class='ocrx_word' id='word_1_51' title='bbox 602 803 799 858; x_wconf 87' lang='lat' dir='ltr'><strong>nanciscentur.</strong></span> 
     </span>
    </p>
   </div>
   <div class='ocr_carea' id='block_1_4' title="bbox 299 900 1650 1527">
    <p class='ocr_par' dir='ltr' id='par_1_4' title="bbox 299 900 1650 1527">
     <span class='ocr_line' id='line_1_7' title="bbox 387 900 1648 977; baseline -0.006 -15"><span class='ocrx_word' id='word_1_52' title='bbox 387 908 461 962; x_wconf 87' lang='lat' dir='ltr'><strong>Nota</strong></span> <span class='ocrx_word' id='word_1_53' title='bbox 479 907 535 960; x_wconf 89' lang='lat' dir='ltr'><strong>XV.</strong></span> <span class='ocrx_word' id='word_1_54' title='bbox 572 905 642 974; x_wconf 73' lang='lat' dir='ltr'><strong>Quid</strong></span> <span class='ocrx_word' id='word_1_55' title='bbox 661 909 833 965; x_wconf 83' lang='lat' dir='ltr'><strong>sentiendum</strong></span> <span class='ocrx_word' id='word_1_56' title='bbox 855 907 889 962; x_wconf 88' lang='lat' dir='ltr'><strong>de</strong></span> <span class='ocrx_word' id='word_1_57' title='bbox 907 908 1109 977; x_wconf 87' lang='lat' dir='ltr'><strong>comparatione</strong></span> <span class='ocrx_word' id='word_1_58' title='bbox 1133 903 1322 959; x_wconf 81' lang='lat' dir='ltr'><strong>occultationis</strong></span> <span class='ocrx_word' id='word_1_59' title='bbox 1341 909 1368 957; x_wconf 88' lang='lat' dir='ltr'><strong>et</strong></span> <span class='ocrx_word' id='word_1_60' title='bbox 1386 901 1564 972; x_wconf 83' lang='lat' dir='ltr'><strong>apparitionis</strong></span> <span class='ocrx_word' id='word_1_61' title='bbox 1582 900 1648 970; x_wconf 82' lang='lat' dir='ltr'><strong>figu-</strong></span> 
     </span>
     <span class='ocr_line' id='line_1_8' title="bbox 302 979 1649 1054; baseline -0.004 -14"><span class='ocrx_word' id='word_1_62' title='bbox 302 987 460 1052; x_wconf 86' lang='lat' dir='ltr'><strong>rarumque,</strong></span> <span class='ocrx_word' id='word_1_63' title='bbox 479 999 546 1052; x_wconf 87' lang='lat' dir='ltr'><strong>qaas</strong></span> <span class='ocrx_word' id='word_1_64' title='bbox 564 984 690 1053; x_wconf 86' lang='lat' dir='ltr'><strong>planetae</strong></span> <span class='ocrx_word' id='word_1_65' title='bbox 709 985 839 1054; x_wconf 89' lang='lat' dir='ltr'><strong>induunt,</strong></span> <span class='ocrx_word' id='word_1_66' title='bbox 866 1001 927 1040; x_wconf 90' lang='lat' dir='ltr'><strong>cam</strong></span> <span class='ocrx_word' id='word_1_67' title='bbox 945 986 1125 1042; x_wconf 88' lang='lat' dir='ltr'><strong>tetrachordis</strong></span> <span class='ocrx_word' id='word_1_68' title='bbox 1137 990 1172 1038; x_wconf 74' lang='lat' dir='ltr'><strong>,et</strong></span> <span class='ocrx_word' id='word_1_69' title='bbox 1190 982 1261 1038; x_wconf 91' lang='lat' dir='ltr'><strong>tonis</strong></span> <span class='ocrx_word' id='word_1_70' title='bbox 1280 979 1462 1049; x_wconf 85' lang='lat' dir='ltr'><strong>disjunctivis,</strong></span> <span class='ocrx_word' id='word_1_71' title='bbox 1487 979 1590 1034; x_wconf 89' lang='lat' dir='ltr'><strong>dictum</strong></span> <span class='ocrx_word' id='word_1_72' title='bbox 1607 987 1649 1035; x_wconf 86' lang='lat' dir='ltr'><strong>cst</strong></span> 
     </span>
     <span class='ocr_line' id='line_1_9' title="bbox 300 1059 1650 1132; baseline -0.001 -14"><span class='ocrx_word' id='word_1_73' title='bbox 300 1065 334 1120; x_wconf 83' lang='lat' dir='ltr'><strong>sd</strong></span> <span class='ocrx_word' id='word_1_74' title='bbox 353 1069 434 1130; x_wconf 81' lang='lat' dir='ltr'><strong>caput</strong></span> <span class='ocrx_word' id='word_1_75' title='bbox 453 1062 500 1118; x_wconf 78' lang='lat'><strong>13.</strong></span> <span class='ocrx_word' id='word_1_76' title='bbox 517 1061 544 1115; x_wconf 93' lang='lat' dir='ltr'><strong>in</strong></span> <span class='ocrx_word' id='word_1_77' title='bbox 563 1059 644 1116; x_wconf 77' lang='lat' dir='ltr'><strong>nous.</strong></span> <span class='ocrx_word' id='word_1_78' title='bbox 663 1061 919 1132; x_wconf 51' lang='lat' dir='ltr'><strong>1Qnihushiojam</strong></span> <span class='ocrx_word' id='word_1_79' title='bbox 937 1062 1021 1132; x_wconf 86' lang='lat' dir='ltr'><strong>adde,</strong></span> <span class='ocrx_word' id='word_1_80' title='bbox 1045 1062 1117 1132; x_wconf 87' lang='lat' dir='ltr'><strong>qnod</strong></span> <span class='ocrx_word' id='word_1_81' title='bbox 1141 1077 1194 1116; x_wconf 91' lang='lat' dir='ltr'><strong>non</strong></span> <span class='ocrx_word' id='word_1_82' title='bbox 1218 1060 1298 1130; x_wconf 86' lang='lat' dir='ltr'><strong>plane</strong></span> <span class='ocrx_word' id='word_1_83' title='bbox 1321 1061 1381 1130; x_wconf 88' lang='lat' dir='ltr'><strong>pari</strong></span> <span class='ocrx_word' id='word_1_84' title='bbox 1409 1075 1493 1129; x_wconf 89' lang='lat' dir='ltr'><strong>passu</strong></span> <span class='ocrx_word' id='word_1_85' title='bbox 1512 1061 1650 1116; x_wconf 88' lang='lat' dir='ltr'><strong>ambulent</strong></span> 
     </span>
     <span class='ocr_line' id='line_1_10' title="bbox 300 1139 1648 1211; baseline -0.002 -13"><span class='ocrx_word' id='word_1_86' title='bbox 300 1144 430 1198; x_wconf 87' lang='lat' dir='ltr'><strong>stationes</strong></span> <span class='ocrx_word' id='word_1_87' title='bbox 449 1141 751 1211; x_wconf 81' lang='lat' dir='ltr'><strong>retrogradationesqua</strong></span> <span class='ocrx_word' id='word_1_88' title='bbox 769 1150 797 1197; x_wconf 88' lang='lat' dir='ltr'><strong>et</strong></span> <span class='ocrx_word' id='word_1_89' title='bbox 814 1141 1006 1211; x_wconf 83' lang='lat' dir='ltr'><strong>apparitiones.</strong></span> <span class='ocrx_word' id='word_1_90' title='bbox 1026 1143 1096 1196; x_wconf 88' lang='lat' dir='ltr'><strong>Nam</strong></span> <span class='ocrx_word' id='word_1_91' title='bbox 1114 1159 1174 1211; x_wconf 91' lang='lat' dir='ltr'><strong>cap.</strong></span> <span class='ocrx_word' id='word_1_92' title='bbox 1195 1142 1233 1196; x_wconf 79' lang='lat'><strong>13.</strong></span> <span class='ocrx_word' id='word_1_93' title='bbox 1254 1140 1335 1195; x_wconf 88' lang='lat' dir='ltr'><strong>etiam</strong></span> <span class='ocrx_word' id='word_1_94' title='bbox 1352 1139 1447 1194; x_wconf 85' lang='lat' dir='ltr'><strong>Lunae</strong></span> <span class='ocrx_word' id='word_1_95' title='bbox 1465 1139 1648 1209; x_wconf 81' lang='lat' dir='ltr'><strong>apparitiones</strong></span> 
     </span>
     <span class='ocr_line' id='line_1_11' title="bbox 300 1211 1648 1290; baseline -0.003 -14"><span class='ocrx_word' id='word_1_96' title='bbox 300 1211 539 1289; x_wconf 79' lang='lat' dir='ltr'><strong>comparabantur3</strong></span> <span class='ocrx_word' id='word_1_97' title='bbox 559 1218 604 1274; x_wconf 91' lang='lat' dir='ltr'><strong>hic</strong></span> <span class='ocrx_word' id='word_1_98' title='bbox 621 1217 720 1274; x_wconf 87' lang='lat' dir='ltr'><strong>misera</strong></span> <span class='ocrx_word' id='word_1_99' title='bbox 737 1220 797 1275; x_wconf 90' lang='lat' dir='ltr'><strong>sola</strong></span> <span class='ocrx_word' id='word_1_100' title='bbox 815 1221 919 1290; x_wconf 88' lang='lat' dir='ltr'><strong>exulat,</strong></span> <span class='ocrx_word' id='word_1_101' title='bbox 943 1238 1004 1276; x_wconf 91' lang='lat' dir='ltr'><strong>cum</strong></span> <span class='ocrx_word' id='word_1_102' title='bbox 1024 1238 1161 1290; x_wconf 89' lang='lat' dir='ltr'><strong>nunquam</strong></span> <span class='ocrx_word' id='word_1_103' title='bbox 1180 1221 1229 1276; x_wconf 85' lang='lat' dir='ltr'><strong>fiat</strong></span> <span class='ocrx_word' id='word_1_104' title='bbox 1246 1218 1406 1274; x_wconf 90' lang='lat' dir='ltr'><strong>stationaria</strong></span> <span class='ocrx_word' id='word_1_105' title='bbox 1423 1217 1465 1273; x_wconf 91' lang='lat' dir='ltr'><strong>vel</strong></span> <span class='ocrx_word' id='word_1_106' title='bbox 1483 1218 1648 1286; x_wconf 79' lang='lat' dir='ltr'><strong>retrograda.</strong></span> 
     </span>
     <span class='ocr_line' id='line_1_12' title="bbox 299 1296 1648 1392; baseline -0.004 -37"><span class='ocrx_word' id='word_1_107' title='bbox 299 1301 351 1355; x_wconf 82' lang='lat' dir='ltr'><strong>Est</strong></span> <span class='ocrx_word' id='word_1_108' title='bbox 368 1299 451 1367; x_wconf 77' lang='lat' dir='ltr'><strong>igitur</strong></span> <span class='ocrx_word' id='word_1_109' title='bbox 469 1296 514 1352; x_wconf 93' lang='lat' dir='ltr'><strong>hic</strong></span> <span class='ocrx_word' id='word_1_110' title='bbox 530 1298 616 1352; x_wconf 92' lang='lat' dir='ltr'><strong>multo</strong></span> <span class='ocrx_word' id='word_1_111' title='bbox 634 1298 719 1366; x_wconf 81' lang='lat' dir='ltr'><strong>magis</strong></span> <span class='ocrx_word' id='word_1_112' title='bbox 731 1299 1013 1369; x_wconf 87' lang='lat' dir='ltr'><strong>mancacomparatio,</strong></span> <span class='ocrx_word' id='word_1_113' title='bbox 1033 1317 1114 1392; x_wconf 80' lang='lat' dir='ltr'><strong>quam</strong></span> <span class='ocrx_word' id='word_1_114' title='bbox 1126 1300 1172 1354; x_wconf 90' lang='lat' dir='ltr'><strong>ibi.</strong></span> <span class='ocrx_word' id='word_1_115' title='bbox 1207 1297 1284 1352; x_wconf 89' lang='lat' dir='ltr'><strong>Alias</strong></span> <span class='ocrx_word' id='word_1_116' title='bbox 1296 1313 1350 1351; x_wconf 91' lang='lat' dir='ltr'><strong>non</strong></span> <span class='ocrx_word' id='word_1_117' title='bbox 1367 1296 1439 1351; x_wconf 87' lang='lat' dir='ltr'><strong>mala</strong></span> <span class='ocrx_word' id='word_1_118' title='bbox 1456 1301 1498 1350; x_wconf 88' lang='lat' dir='ltr'><strong>est</strong></span> <span class='ocrx_word' id='word_1_119' title='bbox 1516 1297 1648 1350; x_wconf 84' lang='lat' dir='ltr'><strong>connexio</strong></span> 
     </span>
     <span class='ocr_line' id='line_1_13' title="bbox 300 1375 1649 1464; baseline -0.004 -31"><span class='ocrx_word' id='word_1_120' title='bbox 300 1379 449 1434; x_wconf 84' lang='lat' dir='ltr'><strong>stationum</strong></span> <span class='ocrx_word' id='word_1_121' title='bbox 467 1393 528 1432; x_wconf 91' lang='lat' dir='ltr'><strong>cum</strong></span> <span class='ocrx_word' id='word_1_122' title='bbox 546 1378 632 1445; x_wconf 77' lang='lat' dir='ltr'><strong>figura</strong></span> <span class='ocrx_word' id='word_1_123' title='bbox 650 1377 762 1434; x_wconf 89' lang='lat' dir='ltr'><strong>bisecta.</strong></span> <span class='ocrx_word' id='word_1_124' title='bbox 796 1379 865 1434; x_wconf 89' lang='lat' dir='ltr'><strong>Nam</strong></span> <span class='ocrx_word' id='word_1_125' title='bbox 884 1379 977 1433; x_wconf 80' lang='lat' dir='ltr'><strong>Ventis</strong></span> <span class='ocrx_word' id='word_1_126' title='bbox 997 1380 1116 1434; x_wconf 86' lang='lat' dir='ltr'><strong>certain</strong></span> <span class='ocrx_word' id='word_1_127' title='bbox 1134 1377 1296 1435; x_wconf 85' lang='lat' dir='ltr'><strong>stationibus</strong></span> <span class='ocrx_word' id='word_1_128' title='bbox 1314 1375 1452 1430; x_wconf 85' lang='lat' dir='ltr'><strong>dimidiata</strong></span> <span class='ocrx_word' id='word_1_129' title='bbox 1466 1381 1584 1464; x_wconf 84' lang='lat' dir='ltr'><strong>apparet</strong></span> <span class='ocrx_word' id='word_1_130' title='bbox 1601 1390 1649 1445; x_wconf 90' lang='lat' dir='ltr'><strong>per</strong></span> 
     </span>
     <span class='ocr_line' id='line_1_14' title="bbox 303 1456 1083 1527; baseline -0.003 -13"><span class='ocrx_word' id='word_1_131' title='bbox 303 1457 491 1527; x_wconf 84' lang='lat' dir='ltr'><strong>talcsccpinm,</strong></span> <span class='ocrx_word' id='word_1_132' title='bbox 508 1457 668 1525; x_wconf 71' lang='lat' dir='ltr'><strong>renonem</strong></span> <span class='ocrx_word' id='word_1_133' title='bbox 686 1473 749 1512; x_wconf 85' lang='lat' dir='ltr'><strong>varo</strong></span> <span class='ocrx_word' id='word_1_134' title='bbox 768 1464 810 1512; x_wconf 87' lang='lat' dir='ltr'><strong>ast</strong></span> <span class='ocrx_word' id='word_1_135' title='bbox 828 1456 1002 1512; x_wconf 88' lang='lat' dir='ltr'><strong>corniculata.</strong></span> <span class='ocrx_word' id='word_1_136' title='bbox 1079 1461 1083 1466; x_wconf 86' lang='lat'>&#39;</span> 
     </span>
    </p>
   </div>
   <div class='ocr_carea' id='block_1_5' title="bbox 853 1713 1105 1786">
    <p class='ocr_par' dir='ltr' id='par_1_5' title="bbox 853 1713 1105 1786">
     <span class='ocr_line' id='line_1_15' title="bbox 853 1713 1105 1786; baseline -0.012 0"><span class='ocrx_word' id='word_1_137' title='bbox 853 1715 996 1786; x_wconf 87' lang='lat' dir='ltr'>CAPUT</span> <span class='ocrx_word' id='word_1_138' title='bbox 1023 1713 1105 1785; x_wconf 77' lang='lat' dir='ltr'><strong>xvi.</strong></span> 
     </span>
    </p>
   </div>
   <div class='ocr_carea' id='block_1_6' title="bbox 338 1859 1562 2042">
    <p class='ocr_par' dir='ltr' id='par_1_6' title="bbox 338 1859 1562 2042">
     <span class='ocr_line' id='line_1_16' title="bbox 338 1859 1562 1948; baseline -0.004 -14"><span class='ocrx_word' id='word_1_139' title='bbox 338 1917 341 1927; x_wconf 85' lang='lat'>.</span> <span class='ocrx_word' id='word_1_140' title='bbox 387 1877 614 1948; x_wconf 67' lang='lat' dir='ltr'><strong>quaeratione</strong></span> <span class='ocrx_word' id='word_1_141' title='bbox 632 1859 1097 1934; x_wconf 75' lang='lat' dir='ltr'><strong>familiaritateserrantium</strong></span> <span class='ocrx_word' id='word_1_142' title='bbox 1115 1869 1307 1946; x_wconf 86' lang='lat' dir='ltr'><strong>comparari</strong></span> <span class='ocrx_word' id='word_1_143' title='bbox 1336 1877 1473 1948; x_wconf 89' lang='lat' dir='ltr'><strong>possint</strong></span> <span class='ocrx_word' id='word_1_144' title='bbox 1490 1891 1562 1930; x_wconf 80' lang='lat' dir='ltr'><strong>crem</strong></span> 
     </span>
     <span class='ocr_line' id='line_1_17' title="bbox 601 1971 1239 2042; baseline -0.002 -15"><span class='ocrx_word' id='word_1_145' title='bbox 601 1977 604 1983; x_wconf 90' lang='lat'>&#39;</span> <span class='ocrx_word' id='word_1_146' title='bbox 707 1971 1012 2028; x_wconf 82' lang='lat' dir='ltr'><strong>familiaritatibus</strong></span> <span class='ocrx_word' id='word_1_147' title='bbox 1036 1989 1193 2028; x_wconf 89' lang='lat' dir='ltr'><strong>sonorum</strong></span> <span class='ocrx_word' id='word_1_148' title='bbox 1210 1975 1239 2042; x_wconf 79' lang='grc' dir='ltr'><strong>Ι),</strong></span> 
     </span>
    </p>
   </div>
   <div class='ocr_carea' id='block_1_7' title="bbox 240 2131 1650 2737">
    <p class='ocr_par' dir='ltr' id='par_1_7' title="bbox 240 2131 1650 2737">
     <span class='ocr_line' id='line_1_18' title="bbox 384 2131 1650 2212; baseline -0.001 -19"><span class='ocrx_word' id='word_1_149' title='bbox 384 2133 489 2194; x_wconf 88' lang='lat' dir='ltr'><strong>Restat</strong></span> <span class='ocrx_word' id='word_1_150' title='bbox 512 2133 615 2192; x_wconf 90' lang='lat' dir='ltr'><strong>ultima</strong></span> <span class='ocrx_word' id='word_1_151' title='bbox 638 2131 886 2212; x_wconf 83' lang='lat' dir='ltr'><strong>et&#39;maximopsrc</strong></span> <span class='ocrx_word' id='word_1_152' title='bbox 918 2143 1039 2196; x_wconf 88' lang='lat' dir='ltr'><strong>naturae</strong></span> <span class='ocrx_word' id='word_1_153' title='bbox 1069 2143 1266 2196; x_wconf 77' lang='lat' dir='ltr'><strong>coissentanea</strong></span> <span class='ocrx_word' id='word_1_154' title='bbox 1296 2135 1467 2196; x_wconf 89' lang='lat' dir='ltr'><strong>coelestium</strong></span> <span class='ocrx_word' id='word_1_155' title='bbox 1489 2151 1554 2193; x_wconf 90' lang='lat' dir='ltr'><strong>cum</strong></span> <span class='ocrx_word' id='word_1_156' title='bbox 1578 2133 1650 2192; x_wconf 91' lang='lat' dir='ltr'><strong>har·</strong></span> 
     </span>
     <span class='ocr_line' id='line_1_19' title="bbox 299 2223 1649 2299; baseline 0.001 -20"><span class='ocrx_word' id='word_1_157' title='bbox 299 2223 421 2281; x_wconf 90' lang='lat' dir='ltr'><strong>monicis</strong></span> <span class='ocrx_word' id='word_1_158' title='bbox 445 2223 633 2299; x_wconf 87' lang='lat' dir='ltr'><strong>comparatio,</strong></span> <span class='ocrx_word' id='word_1_159' title='bbox 658 2238 748 2280; x_wconf 89' lang='lat' dir='ltr'><strong>causa</strong></span> <span class='ocrx_word' id='word_1_160' title='bbox 770 2223 956 2298; x_wconf 76' lang='lat' dir='ltr'><strong>facultatum,</strong></span> <span class='ocrx_word' id='word_1_161' title='bbox 980 2241 1057 2298; x_wconf 87' lang='lat' dir='ltr'><strong>quae</strong></span> <span class='ocrx_word' id='word_1_162' title='bbox 1081 2223 1221 2284; x_wconf 87' lang='lat' dir='ltr'><strong>hactenus</strong></span> <span class='ocrx_word' id='word_1_163' title='bbox 1243 2226 1319 2282; x_wconf 87' lang='lat' dir='ltr'><strong>inter</strong></span> <span class='ocrx_word' id='word_1_164' title='bbox 1342 2241 1374 2282; x_wconf 91' lang='lat' dir='ltr'><strong>sc</strong></span> <span class='ocrx_word' id='word_1_165' title='bbox 1398 2225 1573 2299; x_wconf 91' lang='lat' dir='ltr'><strong>comparatis</strong></span> <span class='ocrx_word' id='word_1_166' title='bbox 1597 2239 1649 2280; x_wconf 89' lang='lat' dir='ltr'><strong>ac-</strong></span> 
     </span>
     <span class='ocr_line' id='line_1_20' title="bbox 305 2307 1649 2386; baseline 0.001 -19"><span class='ocrx_word' id='word_1_167' title='bbox 305 2308 408 2368; x_wconf 89' lang='lat' dir='ltr'><strong>cedere</strong></span> <span class='ocrx_word' id='word_1_168' title='bbox 439 2309 544 2369; x_wconf 89' lang='lat' dir='ltr'><strong>dehere</strong></span> <span class='ocrx_word' id='word_1_169' title='bbox 572 2307 709 2368; x_wconf 92' lang='lat' dir='ltr'><strong>videntur</strong></span> <span class='ocrx_word' id='word_1_170' title='bbox 731 2314 928 2370; x_wconf 90' lang='lat' dir='ltr'><strong>communiter.</strong></span> <span class='ocrx_word' id='word_1_171' title='bbox 976 2309 1049 2368; x_wconf 84' lang='lat' dir='ltr'><strong>Cunr</strong></span> <span class='ocrx_word' id='word_1_172' title='bbox 1073 2313 1149 2370; x_wconf 90' lang='lat' dir='ltr'><strong>enim</strong></span> <span class='ocrx_word' id='word_1_173' title='bbox 1183 2312 1335 2386; x_wconf 88' lang='lat' dir='ltr'><strong>utrinque,</strong></span> <span class='ocrx_word' id='word_1_174' title='bbox 1367 2319 1428 2370; x_wconf 90' lang='lat' dir='ltr'><strong>tum</strong></span> <span class='ocrx_word' id='word_1_175' title='bbox 1455 2313 1529 2370; x_wconf 90' lang='lat' dir='ltr'><strong>inter</strong></span> <span class='ocrx_word' id='word_1_176' title='bbox 1559 2326 1649 2368; x_wconf 91' lang='lat' dir='ltr'><strong>sonos</strong></span> 
     </span>
     <span class='ocr_line' id='line_1_21' title="bbox 303 2395 1650 2475; baseline 0 -21"><span class='ocrx_word' id='word_1_177' title='bbox 303 2414 391 2474; x_wconf 87' lang='lat' dir='ltr'><strong>quam</strong></span> <span class='ocrx_word' id='word_1_178' title='bbox 415 2397 489 2456; x_wconf 87' lang='lat' dir='ltr'><strong>inter</strong></span> <span class='ocrx_word' id='word_1_179' title='bbox 512 2395 651 2472; x_wconf 88' lang='lat' dir='ltr'><strong>sphaeras</strong></span> <span class='ocrx_word' id='word_1_180' title='bbox 676 2413 832 2473; x_wconf 89' lang='lat' dir='ltr'><strong>earumque</strong></span> <span class='ocrx_word' id='word_1_181' title='bbox 854 2405 960 2470; x_wconf 85' lang='lat' dir='ltr'><strong>motus,</strong></span> <span class='ocrx_word' id='word_1_182' title='bbox 985 2408 1138 2458; x_wconf 85' lang='lat' dir='ltr'><strong>occurrant</strong></span> <span class='ocrx_word' id='word_1_183' title='bbox 1158 2401 1369 2475; x_wconf 83' lang='lat' dir='ltr'><strong>proportiones,</strong></span> <span class='ocrx_word' id='word_1_184' title='bbox 1394 2397 1513 2456; x_wconf 88' lang='lat' dir='ltr'><strong>dubium</strong></span> <span class='ocrx_word' id='word_1_185' title='bbox 1537 2396 1650 2454; x_wconf 90' lang='lat' dir='ltr'><strong>nullum</strong></span> 
     </span>
     <span class='ocr_line' id='line_1_22' title="bbox 240 2483 1648 2563; baseline -0.001 -19"><span class='ocrx_word' id='word_1_186' title='bbox 240 2487 242 2494; x_wconf 81' lang='grc'>’</span> <span class='ocrx_word' id='word_1_187' title='bbox 300 2493 355 2563; x_wconf 87' lang='lat' dir='ltr'><strong>cst,</strong></span> <span class='ocrx_word' id='word_1_188' title='bbox 379 2486 448 2560; x_wconf 89' lang='lat' dir='ltr'><strong>quin</strong></span> <span class='ocrx_word' id='word_1_189' title='bbox 473 2483 541 2544; x_wconf 89' lang='lat' dir='ltr'><strong>illac</strong></span> <span class='ocrx_word' id='word_1_190' title='bbox 564 2485 774 2561; x_wconf 85' lang='lat' dir='ltr'><strong>proportiones,</strong></span> <span class='ocrx_word' id='word_1_191' title='bbox 799 2497 875 2560; x_wconf 87' lang='lat' dir='ltr'><strong>quaa</strong></span> <span class='ocrx_word' id='word_1_192' title='bbox 895 2488 975 2544; x_wconf 90' lang='lat' dir='ltr'><strong>sonis</strong></span> <span class='ocrx_word' id='word_1_193' title='bbox 992 2484 1063 2545; x_wconf 90' lang='lat' dir='ltr'><strong>dant</strong></span> <span class='ocrx_word' id='word_1_194' title='bbox 1078 2488 1307 2560; x_wconf 89' lang='lat' dir='ltr'><strong>consonantiam,</strong></span> <span class='ocrx_word' id='word_1_195' title='bbox 1331 2488 1356 2546; x_wconf 89' lang='lat' dir='ltr'><strong>si</strong></span> <span class='ocrx_word' id='word_1_196' title='bbox 1380 2489 1506 2546; x_wconf 84' lang='lat' dir='ltr'><strong>existant</strong></span> <span class='ocrx_word' id='word_1_197' title='bbox 1528 2483 1648 2544; x_wconf 87' lang='lat' dir='ltr'><strong>caedem</strong></span> 
     </span>
     <span class='ocr_line' id='line_1_23' title="bbox 301 2571 1648 2648; baseline 0.001 -20"><span class='ocrx_word' id='word_1_198' title='bbox 301 2573 377 2630; x_wconf 88' lang='lat' dir='ltr'><strong>inter</strong></span> <span class='ocrx_word' id='word_1_199' title='bbox 399 2571 539 2648; x_wconf 83' lang='lat' dir='ltr'><strong>sphaeras</strong></span> <span class='ocrx_word' id='word_1_200' title='bbox 564 2579 593 2630; x_wconf 91' lang='lat' dir='ltr'><strong>et</strong></span> <span class='ocrx_word' id='word_1_201' title='bbox 616 2577 712 2630; x_wconf 90' lang='lat' dir='ltr'><strong>motus</strong></span> <span class='ocrx_word' id='word_1_202' title='bbox 736 2571 1035 2647; x_wconf 73' lang='lat' dir='ltr'><strong>binorum‘siderum,</strong></span> <span class='ocrx_word' id='word_1_203' title='bbox 1059 2575 1149 2634; x_wconf 89' lang='lat' dir='ltr'><strong>ctiam</strong></span> <span class='ocrx_word' id='word_1_204' title='bbox 1170 2572 1228 2633; x_wconf 91' lang='lat' dir='ltr'><strong>illis</strong></span> <span class='ocrx_word' id='word_1_205' title='bbox 1252 2575 1486 2634; x_wconf 85' lang='lat' dir='ltr'><strong>convenientiam</strong></span> <span class='ocrx_word' id='word_1_206' title='bbox 1508 2571 1648 2648; x_wconf 87' lang='lat' dir='ltr'><strong>aliquam,</strong></span> 
     </span>
     <span class='ocr_line' id='line_1_24' title="bbox 299 2654 1648 2737; baseline 0 -19"><span class='ocrx_word' id='word_1_207' title='bbox 299 2666 426 2733; x_wconf 84' lang='lat' dir='ltr'><strong>atquae</strong></span> <span class='ocrx_word' id='word_1_208' title='bbox 449 2662 530 2718; x_wconf 91' lang='lat' dir='ltr'><strong>sonis</strong></span> <span class='ocrx_word' id='word_1_209' title='bbox 553 2657 794 2732; x_wconf 85' lang='lat' dir='ltr'><strong>discordantiam,</strong></span> <span class='ocrx_word' id='word_1_210' title='bbox 825 2658 946 2720; x_wconf 88' lang='lat' dir='ltr'><strong>eaedem</strong></span> <span class='ocrx_word' id='word_1_211' title='bbox 969 2663 1056 2720; x_wconf 88' lang='lat' dir='ltr'><strong>ctiam</strong></span> <span class='ocrx_word' id='word_1_212' title='bbox 1078 2654 1205 2737; x_wconf 84' lang='lat' dir='ltr'><strong>planetis</strong></span> <span class='ocrx_word' id='word_1_213' title='bbox 1230 2662 1496 2724; x_wconf 83' lang='lat' dir='ltr'><strong>inconvenientiam</strong></span> <span class='ocrx_word' id='word_1_214' title='bbox 1517 2659 1648 2735; x_wconf 74' lang='lat' dir='ltr'><strong>aliquam</strong></span> 
     </span>
    </p>
   </div>
   <div class='ocr_carea' id='block_1_8' title="bbox 208 2744 1650 2825">
    <p class='ocr_par' dir='ltr' id='par_1_8' title="bbox 208 2744 1650 2825">
     <span class='ocr_line' id='line_1_25' title="bbox 208 2744 1650 2825; baseline 0 -21"><span class='ocrx_word' id='word_1_215' title='bbox 208 2745 210 2751; x_wconf 81' lang='grc'><em>’</em></span> <span class='ocrx_word' id='word_1_216' title='bbox 300 2744 466 2805; x_wconf 77' lang='lat' dir='ltr'><strong>coricilient</strong></span> <span class='ocrx_word' id='word_1_217' title='bbox 517 2745 590 2804; x_wconf 83' lang='lat' dir='ltr'><strong>ilum</strong></span> <span class='ocrx_word' id='word_1_218' title='bbox 619 2753 717 2804; x_wconf 88' lang='lat' dir='ltr'><strong>autem</strong></span> <span class='ocrx_word' id='word_1_219' title='bbox 747 2744 805 2804; x_wconf 91' lang='lat' dir='ltr'><strong>duo</strong></span> <span class='ocrx_word' id='word_1_220' title='bbox 835 2745 952 2806; x_wconf 85' lang='lat' dir='ltr'><strong>diversa</strong></span> <span class='ocrx_word' id='word_1_221' title='bbox 981 2750 1089 2806; x_wconf 89' lang='lat' dir='ltr'><strong>sintin</strong></span> <span class='ocrx_word' id='word_1_222' title='bbox 1120 2750 1220 2824; x_wconf 89' lang='lat' dir='ltr'><strong>primis</strong></span> <span class='ocrx_word' id='word_1_223' title='bbox 1242 2749 1388 2825; x_wconf 87' lang='lat' dir='ltr'><strong>sphaeris,</strong></span> <span class='ocrx_word' id='word_1_224' title='bbox 1418 2745 1590 2822; x_wconf 82' lang='lat' dir='ltr'><strong>magnitudo</strong></span> <span class='ocrx_word' id='word_1_225' title='bbox 1621 2755 1650 2806; x_wconf 92' lang='lat' dir='ltr'><strong>et</strong></span> 
     </span>
    </p>
   </div>
   <div class='ocr_carea' id='block_1_9' title="bbox 297 2832 1660 4396">
    <p class='ocr_par' dir='ltr' id='par_1_9' title="bbox 298 2832 1660 4116">
     <span class='ocr_line' id='line_1_26' title="bbox 298 2832 1649 2912; baseline 0.001 -22"><span class='ocrx_word' id='word_1_226' title='bbox 298 2839 412 2904; x_wconf 88' lang='lat' dir='ltr'><strong>motus,</strong></span> <span class='ocrx_word' id='word_1_227' title='bbox 436 2841 466 2890; x_wconf 92' lang='lat' dir='ltr'><strong>et</strong></span> <span class='ocrx_word' id='word_1_228' title='bbox 488 2833 573 2892; x_wconf 88' lang='lat' dir='ltr'><strong>aliter</strong></span> <span class='ocrx_word' id='word_1_229' title='bbox 595 2832 811 2908; x_wconf 84' lang='lat' dir='ltr'><strong>magnitudines</strong></span> <span class='ocrx_word' id='word_1_230' title='bbox 826 2846 1037 2911; x_wconf 89' lang='lat' dir='ltr'><strong>comparentur,</strong></span> <span class='ocrx_word' id='word_1_231' title='bbox 1061 2836 1146 2896; x_wconf 89' lang='lat' dir='ltr'><strong>aliter</strong></span> <span class='ocrx_word' id='word_1_232' title='bbox 1161 2839 1248 2896; x_wconf 89' lang='lat' dir='ltr'><strong>etiam</strong></span> <span class='ocrx_word' id='word_1_233' title='bbox 1265 2844 1371 2908; x_wconf 90' lang='lat' dir='ltr'><strong>motus,</strong></span> <span class='ocrx_word' id='word_1_234' title='bbox 1394 2837 1503 2912; x_wconf 83' lang='lat' dir='ltr'><strong>quippo</strong></span> <span class='ocrx_word' id='word_1_235' title='bbox 1524 2851 1649 2908; x_wconf 83' lang='lat' dir='ltr'><strong>quornm</strong></span> 
     </span>
     <span class='ocr_line' id='line_1_27' title="bbox 299 2919 1649 3000; baseline 0.003 -25"><span class='ocrx_word' id='word_1_236' title='bbox 299 2920 504 2996; x_wconf 87' lang='lat' dir='ltr'><strong>proportiones</strong></span> <span class='ocrx_word' id='word_1_237' title='bbox 526 2921 564 2978; x_wconf 85' lang='lat' dir='ltr'><strong>ab</strong></span> <span class='ocrx_word' id='word_1_238' title='bbox 587 2919 703 2978; x_wconf 90' lang='lat' dir='ltr'><strong>illarum</strong></span> <span class='ocrx_word' id='word_1_239' title='bbox 724 2924 963 2997; x_wconf 86' lang='lat' dir='ltr'><strong>proportionibus</strong></span> <span class='ocrx_word' id='word_1_240' title='bbox 979 2922 1100 2981; x_wconf 89' lang='lat' dir='ltr'><strong>multum</strong></span> <span class='ocrx_word' id='word_1_241' title='bbox 1125 2923 1303 3000; x_wconf 87' lang='lat' dir='ltr'><strong>discrepant:</strong></span> <span class='ocrx_word' id='word_1_242' title='bbox 1329 2923 1386 2982; x_wconf 92' lang='lat' dir='ltr'><strong>duo</strong></span> <span class='ocrx_word' id='word_1_243' title='bbox 1410 2925 1497 2982; x_wconf 90' lang='lat' dir='ltr'><strong>etiam</strong></span> <span class='ocrx_word' id='word_1_244' title='bbox 1522 2922 1649 2980; x_wconf 87' lang='lat' dir='ltr'><strong>faculta-</strong></span> 
     </span>
     <span class='ocr_line' id='line_1_28' title="bbox 300 3006 1650 3087; baseline 0.001 -23"><span class='ocrx_word' id='word_1_245' title='bbox 300 3013 362 3064; x_wconf 80' lang='lat' dir='ltr'><strong>tum</strong></span> <span class='ocrx_word' id='word_1_246' title='bbox 384 3023 493 3082; x_wconf 82' lang='lat' dir='ltr'><strong>genera</strong></span> <span class='ocrx_word' id='word_1_247' title='bbox 517 3009 546 3064; x_wconf 90' lang='lat' dir='ltr'><strong>in</strong></span> <span class='ocrx_word' id='word_1_248' title='bbox 571 3006 747 3066; x_wconf 89' lang='lat' dir='ltr'><strong>coelestibus</strong></span> <span class='ocrx_word' id='word_1_249' title='bbox 770 3025 823 3068; x_wconf 91' lang='lat' dir='ltr'><strong>nos</strong></span> <span class='ocrx_word' id='word_1_250' title='bbox 846 3011 944 3069; x_wconf 89' lang='lat' dir='ltr'><strong>animo</strong></span> <span class='ocrx_word' id='word_1_251' title='bbox 967 3012 1119 3087; x_wconf 89' lang='lat' dir='ltr'><strong>concipere</strong></span> <span class='ocrx_word' id='word_1_252' title='bbox 1143 3028 1195 3086; x_wconf 87' lang='lat' dir='ltr'><strong>par</strong></span> <span class='ocrx_word' id='word_1_253' title='bbox 1218 3018 1276 3083; x_wconf 88' lang='lat' dir='ltr'><strong>est,</strong></span> <span class='ocrx_word' id='word_1_254' title='bbox 1300 3012 1423 3086; x_wconf 88' lang='lat' dir='ltr'><strong>objectis</strong></span> <span class='ocrx_word' id='word_1_255' title='bbox 1446 3009 1593 3078; x_wconf 89' lang='lat' dir='ltr'><strong>distincta,</strong></span> <span class='ocrx_word' id='word_1_256' title='bbox 1617 3016 1650 3068; x_wconf 92' lang='lat' dir='ltr'><strong>ut</strong></span> 
     </span>
     <span class='ocr_line' id='line_1_29' title="bbox 300 3091 1648 3172; baseline 0.004 -22"><span class='ocrx_word' id='word_1_257' title='bbox 300 3092 369 3152; x_wconf 88' lang='lat' dir='ltr'><strong>illae</strong></span> <span class='ocrx_word' id='word_1_258' title='bbox 391 3091 503 3152; x_wconf 90' lang='lat' dir='ltr'><strong>scilicet</strong></span> <span class='ocrx_word' id='word_1_259' title='bbox 526 3111 617 3152; x_wconf 86' lang='lat' dir='ltr'><strong>causa</strong></span> <span class='ocrx_word' id='word_1_260' title='bbox 639 3095 757 3170; x_wconf 89' lang='lat' dir='ltr'><strong>quidem</strong></span> <span class='ocrx_word' id='word_1_261' title='bbox 771 3097 980 3172; x_wconf 79' lang='lat' dir='ltr'><strong>magnitudinis</strong></span> <span class='ocrx_word' id='word_1_262' title='bbox 1003 3100 1079 3157; x_wconf 90' lang='lat' dir='ltr'><strong>circa</strong></span> <span class='ocrx_word' id='word_1_263' title='bbox 1101 3115 1146 3156; x_wconf 90' lang='lat' dir='ltr'><strong>res</strong></span> <span class='ocrx_word' id='word_1_264' title='bbox 1163 3107 1321 3170; x_wconf 87' lang='lat' dir='ltr'><strong>versentur,</strong></span> <span class='ocrx_word' id='word_1_265' title='bbox 1344 3115 1435 3158; x_wconf 87' lang='lat' dir='ltr'><strong>causa</strong></span> <span class='ocrx_word' id='word_1_266' title='bbox 1457 3105 1553 3155; x_wconf 90' lang='lat' dir='ltr'><strong>motus</strong></span> <span class='ocrx_word' id='word_1_267' title='bbox 1579 3113 1648 3156; x_wconf 90' lang='lat' dir='ltr'><strong>vero</strong></span> 
     </span>
     <span class='ocr_line' id='line_1_30' title="bbox 301 3182 1649 3262; baseline 0.001 -23"><span class='ocrx_word' id='word_1_268' title='bbox 301 3182 378 3239; x_wconf 90' lang='lat' dir='ltr'><strong>circa</strong></span> <span class='ocrx_word' id='word_1_269' title='bbox 400 3182 489 3239; x_wconf 86' lang='lat' dir='ltr'><strong>etiarn</strong></span> <span class='ocrx_word' id='word_1_270' title='bbox 512 3190 624 3254; x_wconf 90' lang='lat' dir='ltr'><strong>motus,</strong></span> <span class='ocrx_word' id='word_1_271' title='bbox 653 3183 708 3240; x_wconf 92' lang='lat' dir='ltr'><strong>hoc</strong></span> <span class='ocrx_word' id='word_1_272' title='bbox 732 3192 776 3242; x_wconf 91' lang='lat' dir='ltr'><strong>est</strong></span> <span class='ocrx_word' id='word_1_273' title='bbox 799 3187 875 3242; x_wconf 90' lang='lat' dir='ltr'><strong>circa</strong></span> <span class='ocrx_word' id='word_1_274' title='bbox 897 3184 1016 3243; x_wconf 89' lang='lat' dir='ltr'><strong>modum</strong></span> <span class='ocrx_word' id='word_1_275' title='bbox 1038 3184 1181 3261; x_wconf 84' lang='lat' dir='ltr'><strong>largiendi</strong></span> <span class='ocrx_word' id='word_1_276' title='bbox 1205 3185 1341 3262; x_wconf 86' lang='lat' dir='ltr'><strong>expedite</strong></span> <span class='ocrx_word' id='word_1_277' title='bbox 1365 3184 1411 3245; x_wconf 89' lang='lat' dir='ltr'><strong>vel</strong></span> <span class='ocrx_word' id='word_1_278' title='bbox 1435 3183 1588 3260; x_wconf 88' lang='lat' dir='ltr'><strong>impedite,</strong></span> <span class='ocrx_word' id='word_1_279' title='bbox 1620 3191 1649 3243; x_wconf 89' lang='lat' dir='ltr'><strong>ct</strong></span> 
     </span>
     <span class='ocr_line' id='line_1_31' title="bbox 301 3267 1648 3354; baseline 0.002 -27"><span class='ocrx_word' id='word_1_280' title='bbox 301 3269 378 3328; x_wconf 90' lang='lat' dir='ltr'><strong>circa</strong></span> <span class='ocrx_word' id='word_1_281' title='bbox 400 3275 524 3345; x_wconf 86' lang='lat' dir='ltr'><strong>tempus,</strong></span> <span class='ocrx_word' id='word_1_282' title='bbox 549 3267 658 3344; x_wconf 88' lang='lat' dir='ltr'><strong>quod</strong></span> <span class='ocrx_word' id='word_1_283' title='bbox 651 3287 680 3327; x_wconf 83' lang='grc' dir='ltr'><strong>ιιι</strong></span> <span class='ocrx_word' id='word_1_284' title='bbox 703 3277 784 3329; x_wconf 92' lang='lat' dir='ltr'><strong>motu</strong></span> <span class='ocrx_word' id='word_1_285' title='bbox 806 3279 962 3348; x_wconf 86' lang='lat' dir='ltr'><strong>spectatur,</strong></span> <span class='ocrx_word' id='word_1_286' title='bbox 986 3281 1058 3350; x_wconf 90' lang='lat' dir='ltr'><strong>puta</strong></span> <span class='ocrx_word' id='word_1_287' title='bbox 1080 3274 1212 3332; x_wconf 88' lang='lat' dir='ltr'><strong>celeriter</strong></span> <span class='ocrx_word' id='word_1_288' title='bbox 1233 3272 1282 3332; x_wconf 88' lang='lat' dir='ltr'><strong>vel</strong></span> <span class='ocrx_word' id='word_1_289' title='bbox 1305 3272 1385 3332; x_wconf 87' lang='lat' dir='ltr'><strong>tarde</strong></span> <span class='ocrx_word' id='word_1_290' title='bbox 1409 3271 1566 3354; x_wconf 83' lang='lat' dir='ltr'><strong>largiendi;</strong></span> <span class='ocrx_word' id='word_1_291' title='bbox 1590 3273 1648 3329; x_wconf 84' lang='lat' dir='ltr'><strong>ita-</strong></span> 
     </span>
     <span class='ocr_line' id='line_1_32' title="bbox 301 3354 1648 3436; baseline 0.001 -23"><span class='ocrx_word' id='word_1_292' title='bbox 301 3373 358 3432; x_wconf 84' lang='lat' dir='ltr'><strong>que</strong></span> <span class='ocrx_word' id='word_1_293' title='bbox 389 3354 541 3415; x_wconf 88' lang='lat' dir='ltr'><strong>distinctae</strong></span> <span class='ocrx_word' id='word_1_294' title='bbox 573 3356 648 3416; x_wconf 89' lang='lat' dir='ltr'><strong>duaa</strong></span> <span class='ocrx_word' id='word_1_295' title='bbox 677 3357 736 3416; x_wconf 90' lang='lat' dir='ltr'><strong>sint</strong></span> <span class='ocrx_word' id='word_1_296' title='bbox 759 3361 961 3433; x_wconf 89' lang='lat' dir='ltr'><strong>quaestiones:</strong></span> <span class='ocrx_word' id='word_1_297' title='bbox 997 3357 1025 3434; x_wconf 91' lang='grc'><strong>1)</strong></span> <span class='ocrx_word' id='word_1_298' title='bbox 1055 3379 1091 3418; x_wconf 91' lang='lat' dir='ltr'><strong>an</strong></span> <span class='ocrx_word' id='word_1_299' title='bbox 1123 3361 1184 3418; x_wconf 88' lang='lat' dir='ltr'><strong>bini</strong></span> <span class='ocrx_word' id='word_1_300' title='bbox 1207 3367 1236 3420; x_wconf 91' lang='lat' dir='ltr'><strong>ct</strong></span> <span class='ocrx_word' id='word_1_301' title='bbox 1258 3361 1319 3418; x_wconf 91' lang='lat' dir='ltr'><strong>hini</strong></span> <span class='ocrx_word' id='word_1_302' title='bbox 1349 3359 1516 3436; x_wconf 78' lang='lat' dir='ltr'><strong>planetae·</strong></span> <span class='ocrx_word' id='word_1_303' title='bbox 1508 3377 1537 3415; x_wconf 90' lang='lat' dir='ltr'><strong>m</strong></span> <span class='ocrx_word' id='word_1_304' title='bbox 1560 3359 1648 3418; x_wconf 89' lang='lat' dir='ltr'><strong>rebus</strong></span> 
     </span>
     <span class='ocr_line' id='line_1_33' title="bbox 299 3428 1648 3523; baseline 0.004 -23"><span class='ocrx_word' id='word_1_305' title='bbox 299 3443 371 3520; x_wconf 89' lang='lat' dir='ltr'><strong>ipsis</strong></span> <span class='ocrx_word' id='word_1_306' title='bbox 394 3445 588 3523; x_wconf 87' lang='lat' dir='ltr'><strong>consentiant,</strong></span> <span class='ocrx_word' id='word_1_307' title='bbox 611 3462 686 3502; x_wconf 88' lang='lat' dir='ltr'><strong>anne</strong></span> <span class='ocrx_word' id='word_1_308' title='bbox 710 3448 854 3504; x_wconf 88' lang='lat' dir='ltr'><strong>contraria</strong></span> <span class='ocrx_word' id='word_1_309' title='bbox 876 3445 1068 3522; x_wconf 83' lang='lat' dir='ltr'><strong>polliceantur·</strong></span> <span class='ocrx_word' id='word_1_310' title='bbox 1089 3428 1257 3522; x_wconf 86' lang='lat' dir='ltr'><strong>foveantve,</strong></span> <span class='ocrx_word' id='word_1_311' title='bbox 1282 3455 1311 3507; x_wconf 87' lang='lat' dir='ltr'><strong>et</strong></span> <span class='ocrx_word' id='word_1_312' title='bbox 1334 3447 1406 3507; x_wconf 90' lang='lat' dir='ltr'><strong>alter</strong></span> <span class='ocrx_word' id='word_1_313' title='bbox 1430 3447 1549 3506; x_wconf 86' lang='lat' dir='ltr'><strong>alterius</strong></span> <span class='ocrx_word' id='word_1_314' title='bbox 1573 3465 1648 3523; x_wconf 88' lang='lat' dir='ltr'><strong>opus</strong></span> 
     </span>
     <span class='ocr_line' id='line_1_34' title="bbox 301 3528 1648 3612; baseline 0.004 -23"><span class='ocrx_word' id='word_1_315' title='bbox 301 3529 454 3590; x_wconf 81' lang='lat' dir='ltr'><strong>destruat?</strong></span> <span class='ocrx_word' id='word_1_316' title='bbox 477 3528 508 3610; x_wconf 77' lang='lat'><strong>2)</strong></span> <span class='ocrx_word' id='word_1_317' title='bbox 530 3549 577 3606; x_wconf 89' lang='lat' dir='ltr'><strong>an,</strong></span> <span class='ocrx_word' id='word_1_318' title='bbox 600 3533 678 3590; x_wconf 91' lang='lat' dir='ltr'><strong>siin</strong></span> <span class='ocrx_word' id='word_1_319' title='bbox 702 3549 731 3590; x_wconf 93' lang='lat' dir='ltr'><strong>re</strong></span> <span class='ocrx_word' id='word_1_320' title='bbox 755 3536 945 3608; x_wconf 89' lang='lat' dir='ltr'><strong>consentiant,</strong></span> <span class='ocrx_word' id='word_1_321' title='bbox 969 3538 1057 3594; x_wconf 90' lang='lat' dir='ltr'><strong>etiam</strong></span> <span class='ocrx_word' id='word_1_322' title='bbox 1084 3538 1252 3612; x_wconf 90' lang='lat' dir='ltr'><strong>conspirent</strong></span> <span class='ocrx_word' id='word_1_323' title='bbox 1272 3537 1368 3612; x_wconf 88' lang='lat' dir='ltr'><strong>operis</strong></span> <span class='ocrx_word' id='word_1_324' title='bbox 1391 3535 1499 3592; x_wconf 88' lang='lat' dir='ltr'><strong>mutuis</strong></span> <span class='ocrx_word' id='word_1_325' title='bbox 1521 3533 1559 3592; x_wconf 92' lang='lat' dir='ltr'><strong>ad</strong></span> <span class='ocrx_word' id='word_1_326' title='bbox 1583 3554 1648 3594; x_wconf 91' lang='lat' dir='ltr'><strong>ma-</strong></span> 
     </span>
     <span class='ocr_line' id='line_1_35' title="bbox 299 3617 1660 3699; baseline 0.004 -23"><span class='ocrx_word' id='word_1_327' title='bbox 299 3617 424 3677; x_wconf 87' lang='lat' dir='ltr'><strong>turanda</strong></span> <span class='ocrx_word' id='word_1_328' title='bbox 439 3618 563 3690; x_wconf 87' lang='lat' dir='ltr'><strong>decreta,</strong></span> <span class='ocrx_word' id='word_1_329' title='bbox 587 3627 638 3677; x_wconf 91' lang='lat' dir='ltr'><strong>aut</strong></span> <span class='ocrx_word' id='word_1_330' title='bbox 660 3621 685 3676; x_wconf 90' lang='lat' dir='ltr'><strong>si</strong></span> <span class='ocrx_word' id='word_1_331' title='bbox 708 3617 840 3679; x_wconf 88' lang='lat' dir='ltr'><strong>diversae</strong></span> <span class='ocrx_word' id='word_1_332' title='bbox 864 3629 985 3680; x_wconf 88' lang='lat' dir='ltr'><strong>naturae</strong></span> <span class='ocrx_word' id='word_1_333' title='bbox 1008 3623 1074 3694; x_wconf 91' lang='lat' dir='ltr'><strong>aiut,</strong></span> <span class='ocrx_word' id='word_1_334' title='bbox 1099 3630 1195 3682; x_wconf 87' lang='lat' dir='ltr'><strong>temen</strong></span> <span class='ocrx_word' id='word_1_335' title='bbox 1219 3621 1293 3682; x_wconf 88' lang='lat' dir='ltr'><strong>alter</strong></span> <span class='ocrx_word' id='word_1_336' title='bbox 1315 3623 1436 3682; x_wconf 87' lang='lat' dir='ltr'><strong>alterius</strong></span> <span class='ocrx_word' id='word_1_337' title='bbox 1460 3639 1533 3699; x_wconf 88' lang='lat' dir='ltr'><strong>opus</strong></span> <span class='ocrx_word' id='word_1_338' title='bbox 1556 3639 1660 3682; x_wconf 66' lang='lat' dir='ltr'><strong>cansa</strong></span> 
     </span>
     <span class='ocr_line' id='line_1_36' title="bbox 301 3708 1647 3786; baseline 0.003 -22"><span class='ocrx_word' id='word_1_339' title='bbox 301 3708 441 3782; x_wconf 88' lang='lat' dir='ltr'><strong>temporis</strong></span> <span class='ocrx_word' id='word_1_340' title='bbox 466 3713 646 3782; x_wconf 86' lang='lat' dir='ltr'><strong>promoveat,</strong></span> <span class='ocrx_word' id='word_1_341' title='bbox 670 3724 706 3764; x_wconf 91' lang='lat' dir='ltr'><strong>an</strong></span> <span class='ocrx_word' id='word_1_342' title='bbox 732 3725 810 3780; x_wconf 88' lang='lat' dir='ltr'><strong>vero,</strong></span> <span class='ocrx_word' id='word_1_343' title='bbox 834 3725 925 3768; x_wconf 88' lang='lat' dir='ltr'><strong>causa</strong></span> <span class='ocrx_word' id='word_1_344' title='bbox 946 3710 1037 3786; x_wconf 89' lang='lat' dir='ltr'><strong>inepti</strong></span> <span class='ocrx_word' id='word_1_345' title='bbox 1053 3727 1218 3782; x_wconf 88' lang='lat' dir='ltr'><strong>concursus,</strong></span> <span class='ocrx_word' id='word_1_346' title='bbox 1241 3709 1398 3785; x_wconf 89' lang='lat' dir='ltr'><strong>plurimum</strong></span> <span class='ocrx_word' id='word_1_347' title='bbox 1422 3708 1563 3785; x_wconf 84' lang='lat' dir='ltr'><strong>impediat</strong></span> <span class='ocrx_word' id='word_1_348' title='bbox 1587 3718 1647 3770; x_wconf 81' lang='lat' dir='ltr'><strong>tarn</strong></span> 
     </span>
     <span class='ocr_line' id='line_1_37' title="bbox 301 3793 1646 3896; baseline 0.002 -44"><span class='ocrx_word' id='word_1_349' title='bbox 301 3793 523 3866; x_wconf 86' lang='lat' dir='ltr'><strong>consentientia,</strong></span> <span class='ocrx_word' id='word_1_350' title='bbox 547 3811 635 3896; x_wconf 82' lang='lat' dir='ltr'><strong>quam</strong></span> <span class='ocrx_word' id='word_1_351' title='bbox 659 3793 779 3853; x_wconf 89' lang='lat' dir='ltr'><strong>alterins</strong></span> <span class='ocrx_word' id='word_1_352' title='bbox 802 3798 947 3855; x_wconf 89' lang='lat' dir='ltr'><strong>contraria</strong></span> <span class='ocrx_word' id='word_1_353' title='bbox 969 3795 1109 3856; x_wconf 83' lang='lat' dir='ltr'><strong>decretal</strong></span> <span class='ocrx_word' id='word_1_354' title='bbox 1146 3797 1194 3856; x_wconf 92' lang='lat' dir='ltr'><strong>Ita</strong></span> <span class='ocrx_word' id='word_1_355' title='bbox 1216 3805 1273 3856; x_wconf 87' lang='lat' dir='ltr'><strong>tres</strong></span> <span class='ocrx_word' id='word_1_356' title='bbox 1295 3796 1365 3856; x_wconf 90' lang='lat' dir='ltr'><strong>fient</strong></span> <span class='ocrx_word' id='word_1_357' title='bbox 1386 3795 1494 3870; x_wconf 81' lang='lat' dir='ltr'><strong>gradus</strong></span> <span class='ocrx_word' id='word_1_358' title='bbox 1516 3799 1646 3856; x_wconf 84' lang='lat' dir='ltr'><strong>familie-</strong></span> 
     </span>
     <span class='ocr_line' id='line_1_38' title="bbox 299 3881 1645 3960; baseline 0.004 -21"><span class='ocrx_word' id='word_1_359' title='bbox 299 3882 410 3940; x_wconf 83' lang='lat' dir='ltr'><strong>vitatis:</strong></span> <span class='ocrx_word' id='word_1_360' title='bbox 434 3889 486 3940; x_wconf 89' lang='lat' dir='ltr'><strong>ant</strong></span> <span class='ocrx_word' id='word_1_361' title='bbox 509 3882 637 3940; x_wconf 90' lang='lat' dir='ltr'><strong>enimin</strong></span> <span class='ocrx_word' id='word_1_362' title='bbox 661 3898 690 3940; x_wconf 86' lang='lat' dir='ltr'><strong>re</strong></span> <span class='ocrx_word' id='word_1_363' title='bbox 714 3889 742 3940; x_wconf 90' lang='lat' dir='ltr'><strong>et</strong></span> <span class='ocrx_word' id='word_1_364' title='bbox 765 3881 851 3941; x_wconf 90' lang='lat' dir='ltr'><strong>modo</strong></span> <span class='ocrx_word' id='word_1_365' title='bbox 868 3887 1057 3956; x_wconf 88' lang='lat' dir='ltr'><strong>consentient,</strong></span> <span class='ocrx_word' id='word_1_366' title='bbox 1082 3901 1157 3960; x_wconf 88' lang='lat' dir='ltr'><strong>quae</strong></span> <span class='ocrx_word' id='word_1_367' title='bbox 1173 3901 1287 3943; x_wconf 88' lang='lat' dir='ltr'><strong>summa</strong></span> <span class='ocrx_word' id='word_1_368' title='bbox 1309 3893 1354 3944; x_wconf 90' lang='lat' dir='ltr'><strong>est</strong></span> <span class='ocrx_word' id='word_1_369' title='bbox 1375 3883 1568 3957; x_wconf 79' lang='lat' dir='ltr'><strong>familiaritas,</strong></span> <span class='ocrx_word' id='word_1_370' title='bbox 1593 3894 1645 3945; x_wconf 89' lang='lat' dir='ltr'><strong>aut</strong></span> 
     </span>
     <span class='ocr_line' id='line_1_39' title="bbox 298 3965 1643 4086; baseline 0.006 -62"><span class='ocrx_word' id='word_1_371' title='bbox 298 3969 327 4024; x_wconf 93' lang='lat' dir='ltr'><strong>in</strong></span> <span class='ocrx_word' id='word_1_372' title='bbox 351 3965 442 4027; x_wconf 89' lang='lat' dir='ltr'><strong>altero</strong></span> <span class='ocrx_word' id='word_1_373' title='bbox 466 3967 575 4042; x_wconf 91' lang='lat' dir='ltr'><strong>solum,</strong></span> <span class='ocrx_word' id='word_1_374' title='bbox 606 3986 681 4044; x_wconf 88' lang='lat' dir='ltr'><strong>quac</strong></span> <span class='ocrx_word' id='word_1_375' title='bbox 703 3968 874 4044; x_wconf 91' lang='lat' dir='ltr'><strong>mediocris,</strong></span> <span class='ocrx_word' id='word_1_376' title='bbox 906 3977 957 4030; x_wconf 90' lang='lat' dir='ltr'><strong>ant</strong></span> <span class='ocrx_word' id='word_1_377' title='bbox 984 3973 1014 4028; x_wconf 94' lang='lat' dir='ltr'><strong>in</strong></span> <span class='ocrx_word' id='word_1_378' title='bbox 1037 3971 1135 4086; x_wconf 87' lang='lat' dir='ltr'><strong>nullo,</strong></span> <span class='ocrx_word' id='word_1_379' title='bbox 1165 3987 1240 4046; x_wconf 82' lang='lat' dir='ltr'><strong>quae</strong></span> <span class='ocrx_word' id='word_1_380' title='bbox 1269 3972 1397 4048; x_wconf 87' lang='lat' dir='ltr'><strong>perfecta</strong></span> <span class='ocrx_word' id='word_1_381' title='bbox 1418 3971 1565 4032; x_wconf 89' lang='lat' dir='ltr'><strong>hostilitas</strong></span> <span class='ocrx_word' id='word_1_382' title='bbox 1588 3973 1643 4032; x_wconf 87' lang='lat' dir='ltr'><strong>ha-</strong></span> 
     </span>
     <span class='ocr_line' id='line_1_40' title="bbox 298 4051 451 4116; baseline -0.026 0"><span class='ocrx_word' id='word_1_383' title='bbox 298 4055 414 4116; x_wconf 82' lang='lat' dir='ltr'><strong>bebitur</strong></span> <span class='ocrx_word' id='word_1_384' title='bbox 428 4051 451 4092; x_wconf 83' lang='lat'><strong>¹¹</strong></span> 
     </span>
    </p>

    <p class='ocr_par' dir='ltr' id='par_1_10' title="bbox 297 4049 1643 4396">
     <span class='ocr_line' id='line_1_41' title="bbox 385 4049 1643 4221; baseline 0.005 -19"><span class='ocrx_word' id='word_1_385' title='bbox 385 4049 502 4218; x_wconf 64' lang='lat' dir='ltr'><strong>Quoi&#39;</strong></span> <span class='ocrx_word' id='word_1_386' title='bbox 495 4144 581 4218; x_wconf 84' lang='lat' dir='ltr'><strong>igitur</strong></span> <span class='ocrx_word' id='word_1_387' title='bbox 602 4141 791 4217; x_wconf 89' lang='lat' dir='ltr'><strong>sphaerarum</strong></span> <span class='ocrx_word' id='word_1_388' title='bbox 814 4144 1029 4221; x_wconf 78' lang='lat' dir='ltr'><strong>magnitudines</strong></span> <span class='ocrx_word' id='word_1_389' title='bbox 1052 4147 1172 4219; x_wconf 90' lang='lat' dir='ltr'><strong>attinet,</strong></span> <span class='ocrx_word' id='word_1_390' title='bbox 1197 4161 1261 4205; x_wconf 88' lang='lat' dir='ltr'><strong>cnm</strong></span> <span class='ocrx_word' id='word_1_391' title='bbox 1273 4127 1363 4203; x_wconf 84' lang='lat' dir='ltr'><strong>sonis</strong></span> <span class='ocrx_word' id='word_1_392' title='bbox 1385 4145 1540 4207; x_wconf 89' lang='lat' dir='ltr'><strong>stabilibus</strong></span> <span class='ocrx_word' id='word_1_393' title='bbox 1562 4163 1643 4208; x_wconf 90' lang='lat' dir='ltr'><strong>com-</strong></span> 
     </span>
     <span class='ocr_line' id='line_1_42' title="bbox 297 4229 1643 4309; baseline 0.006 -21"><span class='ocrx_word' id='word_1_394' title='bbox 297 4235 430 4304; x_wconf 86' lang='lat' dir='ltr'><strong>paratas,</strong></span> <span class='ocrx_word' id='word_1_395' title='bbox 461 4229 499 4288; x_wconf 88' lang='lat' dir='ltr'><strong>ad</strong></span> <span class='ocrx_word' id='word_1_396' title='bbox 522 4247 573 4289; x_wconf 89' lang='lat' dir='ltr'><strong>aas</strong></span> <span class='ocrx_word' id='word_1_397' title='bbox 592 4229 655 4304; x_wconf 91' lang='lat' dir='ltr'><strong>jam</strong></span> <span class='ocrx_word' id='word_1_398' title='bbox 678 4230 927 4306; x_wconf 85' lang='lat' dir='ltr'><strong>deprehendemus</strong></span> <span class='ocrx_word' id='word_1_399' title='bbox 949 4235 1088 4309; x_wconf 82' lang='lat' dir='ltr'><strong>consequi</strong></span> <span class='ocrx_word' id='word_1_400' title='bbox 1117 4233 1319 4293; x_wconf 80' lang='lat' dir='ltr'><strong>facultatum</strong></span> <span class='ocrx_word' id='word_1_401' title='bbox 1312 4250 1340 4289; x_wconf 90' lang='grc' dir='ltr'><strong>ιιι</strong></span> <span class='ocrx_word' id='word_1_402' title='bbox 1363 4231 1488 4308; x_wconf 89' lang='lat' dir='ltr'><strong>planetis</strong></span> <span class='ocrx_word' id='word_1_403' title='bbox 1511 4235 1643 4296; x_wconf 85' lang='lat' dir='ltr'><strong>celebra·</strong></span> 
     </span>
     <span class='ocr_line' id='line_1_43' title="bbox 298 4317 1643 4396; baseline 0.006 -24"><span class='ocrx_word' id='word_1_404' title='bbox 298 4323 392 4374; x_wconf 87' lang='lat' dir='ltr'><strong>tarnm</strong></span> <span class='ocrx_word' id='word_1_405' title='bbox 415 4318 648 4393; x_wconf 87' lang='lat' dir='ltr'><strong>comparationes</strong></span> <span class='ocrx_word' id='word_1_406' title='bbox 670 4317 826 4378; x_wconf 88' lang='lat' dir='ltr'><strong>nonnullas</strong></span> <span class='ocrx_word' id='word_1_407' title='bbox 849 4337 906 4380; x_wconf 93' lang='lat' dir='ltr'><strong>non</strong></span> <span class='ocrx_word' id='word_1_408' title='bbox 923 4321 1029 4396; x_wconf 87' lang='lat' dir='ltr'><strong>inepte.</strong></span> <span class='ocrx_word' id='word_1_409' title='bbox 1073 4319 1211 4393; x_wconf 89' lang='lat' dir='ltr'><strong>Primam,</strong></span> <span class='ocrx_word' id='word_1_410' title='bbox 1236 4317 1482 4395; x_wconf 85' lang='lat' dir='ltr'><strong>quemadmodum</strong></span> <span class='ocrx_word' id='word_1_411' title='bbox 1505 4325 1579 4382; x_wconf 87' lang='lat' dir='ltr'><strong>inter</strong></span> <span class='ocrx_word' id='word_1_412' title='bbox 1600 4327 1643 4382; x_wconf 92' lang='lat' dir='ltr'><strong>si·</strong></span> 
     </span>
    </p>
   </div>
   <div class='ocr_carea' id='block_1_10' title="bbox 296 4383 1642 4839">
    <p class='ocr_par' dir='ltr' id='par_1_11' title="bbox 296 4383 1642 4839">
     <span class='ocr_line' id='line_1_44' title="bbox 298 4383 1642 4486; baseline 0.008 -28"><span class='ocrx_word' id='word_1_413' title='bbox 298 4400 368 4460; x_wconf 89' lang='lat' dir='ltr'><strong>dera</strong></span> <span class='ocrx_word' id='word_1_414' title='bbox 391 4401 453 4462; x_wconf 89' lang='lat' dir='ltr'><strong>Soli</strong></span> <span class='ocrx_word' id='word_1_415' title='bbox 476 4403 572 4476; x_wconf 87' lang='lat' dir='ltr'><strong>calor,</strong></span> <span class='ocrx_word' id='word_1_416' title='bbox 596 4404 697 4465; x_wconf 88' lang='lat' dir='ltr'><strong>Lunae</strong></span> <span class='ocrx_word' id='word_1_417' title='bbox 720 4405 838 4478; x_wconf 88' lang='lat' dir='ltr'><strong>humor,</strong></span> <span class='ocrx_word' id='word_1_418' title='bbox 861 4383 985 4482; x_wconf 78' lang='lat' dir='ltr'><strong>singulis</strong></span> <span class='ocrx_word' id='word_1_419' title='bbox 1007 4407 1162 4466; x_wconf 83' lang='lat' dir='ltr'><strong>facultates</strong></span> <span class='ocrx_word' id='word_1_420' title='bbox 1185 4407 1320 4482; x_wconf 86' lang='lat' dir='ltr'><strong>singulae</strong></span> <span class='ocrx_word' id='word_1_421' title='bbox 1343 4409 1509 4467; x_wconf 88' lang='lat' dir='ltr'><strong>tribuuntur</strong></span> <span class='ocrx_word' id='word_1_422' title='bbox 1532 4425 1642 4486; x_wconf 87' lang='lat' dir='ltr'><strong>eaeque</strong></span> 
     </span>
     <span class='ocr_line' id='line_1_45' title="bbox 296 4491 1641 4573; baseline 0.008 -28"><span class='ocrx_word' id='word_1_423' title='bbox 296 4491 372 4546; x_wconf 91' lang='lat' dir='ltr'><strong>inter</strong></span> <span class='ocrx_word' id='word_1_424' title='bbox 393 4506 425 4548; x_wconf 90' lang='lat' dir='ltr'><strong>sa</strong></span> <span class='ocrx_word' id='word_1_425' title='bbox 448 4494 491 4550; x_wconf 88' lang='lat' dir='ltr'><strong>sic</strong></span> <span class='ocrx_word' id='word_1_426' title='bbox 514 4493 676 4568; x_wconf 85' lang='lat' dir='ltr'><strong>oppositae,</strong></span> <span class='ocrx_word' id='word_1_427' title='bbox 701 4501 733 4551; x_wconf 89' lang='lat' dir='ltr'><strong>nt</strong></span> <span class='ocrx_word' id='word_1_428' title='bbox 755 4510 846 4568; x_wconf 82' lang='lat' dir='ltr'><strong>agens</strong></span> <span class='ocrx_word' id='word_1_429' title='bbox 871 4497 1027 4571; x_wconf 90' lang='lat' dir='ltr'><strong>opponitur</strong></span> <span class='ocrx_word' id='word_1_430' title='bbox 1048 4497 1172 4570; x_wconf 87' lang='lat' dir='ltr'><strong>patienti</strong></span> <span class='ocrx_word' id='word_1_431' title='bbox 1203 4495 1299 4568; x_wconf 85' lang='lat' dir='ltr'><strong>(calor</strong></span> <span class='ocrx_word' id='word_1_432' title='bbox 1330 4497 1405 4552; x_wconf 87' lang='lat' dir='ltr'><strong>enirn</strong></span> <span class='ocrx_word' id='word_1_433' title='bbox 1430 4495 1563 4573; x_wconf 85' lang='lat' dir='ltr'><strong>depascit</strong></span> <span class='ocrx_word' id='word_1_434' title='bbox 1584 4497 1641 4556; x_wconf 91' lang='lat' dir='ltr'><strong>hu·</strong></span> 
     </span>
     <span class='ocr_line' id='line_1_46' title="bbox 296 4573 1641 4659; baseline 0.007 -27"><span class='ocrx_word' id='word_1_435' title='bbox 296 4573 414 4644; x_wconf 86' lang='lat' dir='ltr'><strong>midam,</strong></span> <span class='ocrx_word' id='word_1_436' title='bbox 438 4576 543 4636; x_wconf 87' lang='lat' dir='ltr'><strong>humor</strong></span> <span class='ocrx_word' id='word_1_437' title='bbox 564 4595 634 4638; x_wconf 88' lang='lat' dir='ltr'><strong>vcro</strong></span> <span class='ocrx_word' id='word_1_438' title='bbox 649 4581 739 4638; x_wconf 89' lang='lat' dir='ltr'><strong>nutrit</strong></span> <span class='ocrx_word' id='word_1_439' title='bbox 762 4579 909 4659; x_wconf 88' lang='lat' dir='ltr'><strong>calorem),</strong></span> <span class='ocrx_word' id='word_1_440' title='bbox 933 4581 1058 4641; x_wconf 85' lang='lat' dir='ltr'><strong>Satnmo</strong></span> <span class='ocrx_word' id='word_1_441' title='bbox 1081 4600 1152 4642; x_wconf 87' lang='lat' dir='ltr'><strong>vero</strong></span> <span class='ocrx_word' id='word_1_442' title='bbox 1175 4582 1251 4642; x_wconf 88' lang='lat' dir='ltr'><strong>duae</strong></span> <span class='ocrx_word' id='word_1_443' title='bbox 1273 4579 1360 4640; x_wconf 90' lang='lat' dir='ltr'><strong>simul</strong></span> <span class='ocrx_word' id='word_1_444' title='bbox 1381 4583 1535 4642; x_wconf 87' lang='lat' dir='ltr'><strong>facultates</strong></span> <span class='ocrx_word' id='word_1_445' title='bbox 1557 4583 1641 4644; x_wconf 89' lang='lat' dir='ltr'><strong>dictis</strong></span> 
     </span>
     <span class='ocr_line' id='line_1_47' title="bbox 296 4659 1639 4747; baseline 0.006 -27"><span class='ocrx_word' id='word_1_446' title='bbox 296 4659 458 4721; x_wconf 77' lang='lat' dir='ltr'><strong>cohuariae</strong></span> <span class='ocrx_word' id='word_1_447' title='bbox 480 4665 575 4724; x_wconf 86' lang='lat' dir='ltr'><strong>inesse</strong></span> <span class='ocrx_word' id='word_1_448' title='bbox 599 4665 861 4744; x_wconf 88' lang='lat' dir='ltr'><strong>deprehenduntur,</strong></span> <span class='ocrx_word' id='word_1_449' title='bbox 885 4667 975 4729; x_wconf 88' lang='lat' dir='ltr'><strong>calori</strong></span> <span class='ocrx_word' id='word_1_450' title='bbox 998 4667 1114 4746; x_wconf 86' lang='lat' dir='ltr'><strong>qnidam</strong></span> <span class='ocrx_word' id='word_1_451' title='bbox 1136 4671 1244 4747; x_wconf 84' lang='lat' dir='ltr'><strong>frigus,</strong></span> <span class='ocrx_word' id='word_1_452' title='bbox 1269 4667 1388 4728; x_wconf 90' lang='lat' dir='ltr'><strong>humido</strong></span> <span class='ocrx_word' id='word_1_453' title='bbox 1412 4687 1481 4730; x_wconf 89' lang='lat' dir='ltr'><strong>vero</strong></span> <span class='ocrx_word' id='word_1_454' title='bbox 1504 4673 1639 4730; x_wconf 86' lang='lat' dir='ltr'><strong>siccitas:</strong></span> 
     </span>
     <span class='ocr_line' id='line_1_48' title="bbox 297 4749 1640 4839; baseline 0.003 -25"><span class='ocrx_word' id='word_1_455' title='bbox 297 4749 339 4814; x_wconf 77' lang='lat' dir='ltr'><strong>tic</strong></span> <span class='ocrx_word' id='word_1_456' title='bbox 361 4749 449 4808; x_wconf 89' lang='lat' dir='ltr'><strong>etiarn</strong></span> <span class='ocrx_word' id='word_1_457' title='bbox 471 4751 546 4810; x_wconf 88' lang='lat' dir='ltr'><strong>inter</strong></span> <span class='ocrx_word' id='word_1_458' title='bbox 567 4770 666 4814; x_wconf 87' lang='lat' dir='ltr'><strong>mesen</strong></span> <span class='ocrx_word' id='word_1_459' title='bbox 689 4754 806 4836; x_wconf 87' lang='lat' dir='ltr'><strong>qnidam</strong></span> <span class='ocrx_word' id='word_1_460' title='bbox 830 4753 892 4815; x_wconf 91' lang='lat' dir='ltr'><strong>Soli</strong></span> <span class='ocrx_word' id='word_1_461' title='bbox 914 4763 945 4819; x_wconf 87' lang='lat' dir='ltr'><strong>ct</strong></span> <span class='ocrx_word' id='word_1_462' title='bbox 965 4763 1053 4818; x_wconf 88' lang='lat' dir='ltr'><strong>actea</strong></span> <span class='ocrx_word' id='word_1_463' title='bbox 1076 4756 1294 4839; x_wconf 86' lang='lat' dir='ltr'><strong>hyperbolaeon</strong></span> <span class='ocrx_word' id='word_1_464' title='bbox 1311 4756 1414 4817; x_wconf 83' lang='lat' dir='ltr'><strong>Lunae</strong></span> <span class='ocrx_word' id='word_1_465' title='bbox 1436 4759 1573 4818; x_wconf 86' lang='lat' dir='ltr'><strong>tributam</strong></span> <span class='ocrx_word' id='word_1_466' title='bbox 1596 4767 1640 4819; x_wconf 89' lang='lat' dir='ltr'><strong>est</strong></span> 
     </span>
    </p>
   </div>
   <div class='ocr_carea' id='block_1_11' title="bbox 0 0 1870 5528">
    <p class='ocr_par' dir='ltr' id='par_1_12' title="bbox 0 0 1870 5528">
     <span class='ocr_line' id='line_1_49' title="bbox 0 0 1870 5528; baseline 0 2"><span class='ocrx_word' id='word_1_467' title='bbox 0 0 1870 5528; x_wconf 95' lang='lat' dir='ltr'><strong> </strong></span> 
     </span>
    </p>
   </div>
  </div>
 </body>
</html>
