3480 5548
292 423 332 482 14
867 414 1039 472 Prooemium

290 595 361 657 dicit
381 595 529 672 Keplerus
548 597 672 674 primum
695 604 724 656 et
744 596 931 656 fortissimum
954 594 1084 672 gedum,
1115 591 1402 655 messembriam
1424 589 1546 670 gradum
1562 599 1632 668 ete,

289 699 350 742 nro.
376 685 405 744 5.
428 683 562 746 ultimum
584 690 613 744 et
635 682 851 744 imbecillimum
872 683 1002 760 gradum.
1048 682 1161 742 Causae
1183 678 1315 741 diversae
1338 681 1518 741 efficacitatis
1541 679 1633 758 hujus

289 774 408 831 suntin
430 771 534 832 natura
557 771 721 848 figurarum,
746 772 851 846 quibus
873 772 904 830 hi
926 776 1061 846 aspectum
1084 771 1222 843 nituntur,
1236 771 1274 826 in
1298 767 1372 827 libro
1393 769 1417 830 I.
1442 776 1586 828 enarrata.

400 858 496 937 Caput
517 858 586 920 VII.
630 859 676 920 De
708 865 814 918 natura
842 857 992 918 sublunari
1019 856 1266 932 facultatibusque
1291 858 1408 915 animae
1435 856 1631 916 interioribus.

226 999 232 1012 .
289 943 330 1006 Ut
350 949 481 1023 posuerit
500 954 649 1007 acturam
670 946 876 1015 sublunares,
898 963 976 1021 quoe
996 947 1111 1019 messit
1131 944 1289 1016 sanares,
1311 949 1409 1002 motus
1423 951 1469 1002 est
1481 943 1631 1020 Keplerus

168 1073 171 1086 ·
288 1031 353 1093 sola
375 1041 406 1092 et
426 1036 513 1094 unica
530 1041 735 1110 tempestatum
759 1034 962 1092 observatione
984 1040 1213 1108 aspectuumque
1236 1031 1489 1108 contemplatione,
1522 1032 1631 1107 quibus

288 1119 357 1182 illae
379 1123 502 1180 cientur:
526 1123 787 1182 consuetissimum
809 1121 1015 1196 experientiam
1036 1122 1144 1192 tesmri,
1168 1124 1276 1177 statum
1297 1121 1373 1178 aeris
1395 1119 1580 1192 commoveri,
1604 1121 1631 1176 si
1732 1185 1733 1192 ἵ

289 1215 386 1268 essent
399 1215 543 1285 aspectus.
572 1207 627 1268 His
642 1209 757 1266 innixus
770 1205 915 1282 Keplerus
930 1223 975 1281 ec,
990 1223 1075 1283 quem
1091 1209 1174 1266 initio
1188 1205 1374 1282 praelationis
1390 1204 1525 1280 diximus,
1541 1205 1630 1265 modo

288 1298 414 1369 ammam
427 1313 509 1356 suam
523 1296 709 1362 sublunarem
725 1297 872 1354 consuluit
887 1301 976 1370 atque
991 1298 1033 1354 ita
1046 1281 1154 1371 pergit:
1177 1293 1345 1369 specierum
1359 1293 1630 1355 mathematicarum
1682 1327 1686 1340 ·
1732 1317 1733 1366 ι

287 1383 348 1457 illa,
371 1399 447 1458 quae
469 1383 594 1444 circulrm
616 1382 727 1455 dicitur,
750 1383 826 1442 inest
846 1381 915 1441 huic
929 1383 1042 1442 animae
1056 1384 1132 1442 sicut
1143 1380 1297 1455 humanae,
1313 1398 1371 1440 non
1386 1387 1500 1441 tantum
1514 1381 1630 1441 otides

287 1487 381 1530 rerum
406 1478 603 1544 externarum,
626 1467 678 1528 sed
707 1471 795 1530 etiarn
817 1477 850 1529 ut
871 1469 964 1528 iorma
985 1468 1128 1545 quaedam
1150 1469 1243 1545 ipsius
1265 1471 1403 1552 animae,
1423 1477 1452 1528 et
1474 1476 1507 1560 qt
1527 1485 1628 1545 prom·

287 1560 412 1618 tuarium
435 1561 552 1618 unicum
575 1557 668 1628 omnis
689 1557 829 1616 scientiae
851 1559 1045 1635 geometricae
1068 1565 1097 1617 et
1118 1555 1325 1617 arithmeticae.
1368 1555 1506 1615 Facultas
1529 1555 1628 1616 vitalis

227 1641 230 1650 ’
287 1647 315 1702 in
345 1645 461 1704 homine
490 1661 549 1704 non
578 1649 691 1703 tantum
713 1643 879 1704 harmonias
906 1644 995 1705 radiis
1024 1643 1128 1710 lucidis
1155 1643 1303 1703 involutas
1333 1660 1432 1703 seeum
1454 1643 1553 1718 habet,
1576 1643 1628 1724 sed

225 1728 230 1741 “
288 1735 376 1794 etiam
396 1733 572 1805 harmonias,
595 1747 732 1790 sonorum
754 1733 906 1807 speciebus
929 1735 1111 1792 incrustatas.
1153 1730 1247 1791 Sonos
1269 1731 1342 1790 baec
1363 1730 1487 1791 laenltas
1509 1732 1628 1790 auribus

288 1820 393 1892 haurit,
415 1819 512 1880 radios
534 1815 661 1878 siderum
683 1819 740 1878 sibi
761 1820 937 1896 imaginatur
959 1828 989 1880 et
1009 1821 1142 1895 agnoedt
1162 1821 1225 1878 sine
1248 1817 1389 1878 discursu.
1432 1816 1509 1878 Hinc
1531 1821 1629 1878 anima

287 1907 415 1968 humana
438 1906 495 1967 boc
516 1905 622 1980 habet,
653 1912 686 1964 ut
714 1907 768 1967 sub
798 1914 913 1986 tempus
936 1915 1106 1984 aspectuum
1127 1909 1300 1984 praecipuos
1322 1909 1422 1983 capiat
1441 1909 1568 1983 impetus
1592 1905 1628 1966 ad

287 1995 421 2070 negotia,
439 2009 514 2069 quae
536 1994 592 2054 snb
613 1994 749 2054 manibus
771 1993 869 2071 habet,
892 1995 1068 2072 peragenda,
1092 2002 1122 2054 et
1135 1995 1263 2054 maxima
1276 1992 1459 2054 necessitudo
1475 1993 1629 2054 intercedit

286 2081 444 2140 harmoniis
467 2079 590 2140 radiosis
612 2097 678 2141 cum
700 2089 763 2142 ortu
786 2085 879 2159 primo
901 2083 1026 2142 hominia
1054 2090 1083 2144 et
1103 2082 1274 2141 lormatioue
1300 2081 1388 2157 hujus
1411 2081 1509 2140 vitalis
1532 2082 1628 2142 lacul-

178 2179 180 2184 '
286 2170 369 2241 tatis,
401 2185 490 2244 quare
519 2170 608 2228 animi
635 2165 795 2245 qualitates
821 2188 885 2230 enm
908 2170 1091 2247 planetarum
1121 2169 1311 2245 qualitatibus
1325 2171 1517 2228 consentiunt
1540 2187 1628 2246 quam

285 2255 450 2332 plurimum.
496 2253 537 2318 Ut
562 2256 618 2318 hcc
647 2255 835 2332 demonstret,
867 2275 900 2317 se
928 2261 1024 2334 ipsum
1051 2257 1196 2332 Keplerus
1226 2255 1389 2331 exemplum
1418 2259 1569 2335 proponit,
1600 2265 1629 2316 et

286 2343 354 2402 bine
376 2344 439 2404 abit
459 2345 488 2402 iu
511 2346 649 2422 mysteria
671 2345 856 2422 astrologica,
879 2345 936 2404 sibl
958 2348 1062 2426 partim
1086 2351 1164 2404 certa
1185 2347 1290 2420 partim
1313 2343 1411 2418 dubia,
1434 2351 1463 2404 et
1481 2344 1527 2403 bis
1541 2344 1630 2429 mens

287 2430 372 2490 lacit:
398 2431 474 2508 ,hnc
495 2430 643 2508 disputavi
657 2431 798 2494 haetenus
821 2432 876 2492 boe
899 2431 1029 2503 consilio,
1052 2437 1085 2490 ut
1106 2431 1179 2492 haee
1202 2448 1238 2490 cx
1260 2449 1325 2491 mea
1338 2431 1518 2509 professione
1533 2426 1628 2508 exque

167 2548 171 2557 ·
287 2521 388 2578 intimo
422 2517 509 2595 hujus
543 2519 638 2596 cperls
671 2501 831 2580 liarmoniei
869 2536 946 2595 penu
978 2518 1144 2595 depromta,
1176 2517 1299 2578 necdum
1333 2527 1412 2580 tacte
1444 2519 1628 2598 philosophis

287 2605 408 2666 Graecis
430 2615 460 2666 et
478 2607 698 2680 recentioribus,
722 2607 916 2683 supplementi
938 2606 1003 2666 loeo
1020 2605 1186 2682 adjicerem,
1209 2615 1242 2667 ut
1263 2605 1387 2667 studiosi
1409 2607 1629 2686 metaphysicae

208 2739 210 2746 .
286 2699 386 2754 nosne
408 2693 481 2754 baec
503 2693 593 2754 veluti
618 2697 815 2770 experimenta
836 2711 901 2754 eum
930 2693 1048 2752 illorum
1074 2696 1345 2754 ratiocinationibus
1374 2695 1537 2770 conterant,
1570 2713 1628 2772 qno

286 2781 360 2842 haec
380 2781 598 2860 metaphysioae
619 2798 688 2858 pars
711 2781 850 2842 illustrior
872 2789 902 2842 et
923 2781 1095 2859 locupletior
1117 2782 1309 2858 omnibusque
1323 2769 1628 2842 anmedsabsolutidr

286 2871 422 2930 constitui
444 2870 567 2946 poesit“.

389 2956 504 3018 Liber
534 2958 687 3032 quintus
717 2958 781 3032 agit
809 2955 844 3015 de
874 2955 1026 3032 harmonia
1052 2963 1184 3018 motuum
1207 2955 1375 3016 coelestium
1398 2963 1427 3016 et
1450 2974 1486 3017 ex
1508 2957 1627 3020 antede-

287 3043 423 3104 dentibus
453 3060 559 3104 causas
591 3043 765 3118 regularium
794 3052 927 3104 motuum
956 3061 1108 3122 corporum
1138 3043 1323 3120 coelestium,
1354 3061 1489 3105 namnum
1510 3045 1629 3122 formae,
1679 3092 1682 3108 r

287 3132 511 3191 maestricitatis
544 3146 644 3192 eorum
675 3130 946 3208 periodienrumque
980 3150 1116 3192 cursuum
1148 3139 1276 3209 repetere
1310 3131 1417 3192 studet
1472 3133 1571 3194 Primo
1602 3143 1631 3195 et

192 3225 193 3230 ’
286 3217 414 3280 secundo
438 3218 531 3295 capite
551 3209 706 3294 Kepleres,
729 3235 804 3294 quae
826 3221 855 3278 in
877 3221 1021 3296 prioribus
1043 3219 1124 3280 libris
1148 3220 1183 3280 de
1205 3219 1386 3296 regularibus
1410 3223 1580 3298 corporibus
1603 3230 1631 3281 et

286 3307 448 3383 conjunctis
470 3306 630 3366 rationibus
652 3305 827 3366 harmonicis
849 3307 927 3368 dicta
949 3315 1038 3382 erant,
1061 3310 1173 3384 repetit.
1204 3307 1307 3384 Capite
1322 3310 1407 3367 tertio
1424 3309 1501 3383 dicit,
1525 3327 1630 3385 qnam-
1732 3307 1733 3310 ’

286 3480 474 3542 fundamento
497 3481 603 3557 subjici
625 3480 744 3554 debeat,
777 3488 828 3557 ,at
857 3484 926 3558 qaia
954 3501 999 3544 res
1023 3483 1102 3560 apud
1124 3482 1231 3560 vulgus
1254 3481 1450 3544 studiosorum
1473 3485 1631 3544 etiamnum

286 3585 366 3630 nora
387 3575 432 3628 est
453 3576 484 3628 et
505 3569 617 3646 dogma
635 3568 737 3629 auditu
759 3569 905 3646 plerisque
927 3570 1175 3644 absurdissimum,
1205 3569 1326 3630 Terram
1347 3573 1421 3632 inter
1442 3572 1538 3632 sidera
1563 3574 1629 3635 lerri

287 3659 363 3716 circa
376 3655 475 3718 Solem
489 3655 675 3730 immobilem,
698 3659 791 3716 sciant
804 3659 901 3734 igitur,
925 3661 975 3733 qui
989 3657 1076 3733 hujus
1091 3661 1252 3719 sententiaa
1267 3658 1423 3719 insolentia
1438 3659 1629 3736 offenduntur,

256 3803 262 3815 ,
287 3742 500 3820 speculationes
522 3743 576 3804 has
598 3743 891 3806 harmonicas-etiam
913 3747 942 3803 in
964 3745 1176 3824 hypothesibus
1201 3737 1360 3807 Braheanis
1386 3746 1484 3807 locum
1511 3747 1629 3822 habere,

286 3839 441 3909 propterea
463 3831 543 3907 quod
556 3839 659 3893 auctor
680 3831 730 3892 illa
752 3838 847 3892 cetera
870 3834 976 3907 omnia,
1000 3849 1074 3909 qaae
1090 3832 1310 3910 dispositionem
1332 3851 1489 3912 corporum
1506 3844 1536 3896 et
1558 3852 1629 3896 con-

285 3921 524 3996 temperationem
546 3927 677 3980 motuum
700 3922 832 3994 attinent,
856 3937 922 3980 cum
937 3919 1097 3996 copernieo
1112 3920 1203 3982 habet
1216 3925 1388 3998 communia,
1412 3922 1506 3983 solmn
1521 3922 1630 3984 'lemae

285 4014 398 4068 motum
419 4025 547 4068 aunuum
570 4007 705 4068 manslert
726 4007 877 4082 indolem,
901 4009 951 4084 qui
972 4007 1101 4068 medium
1117 4009 1228 4068 orbium
1242 4010 1469 4086 planetariorum
1484 4011 1628 4071 obtinet“.

243 4165 248 4182 Ι
286 4093 444 4171 Regularia
477 4112 598 4172 oorpma
634 4093 737 4155 eodem
773 4094 874 4168 modo,
914 4111 970 4170 quc
1003 4097 1031 4153 in
1066 4094 1240 4170 Prodromo‚
1278 4098 1461 4176 planetarum
1496 4099 1629 4158 cursibus

286 4189 426 4259 tanquam
454 4185 535 4244 cavis
564 4182 661 4260 globis
690 4183 886 4243 inscribuntur
911 4198 1068 4259 eorumque
1098 4201 1134 4242 ex
1154 4201 1273 4245 numero
1306 4186 1459 4262 conjicitur
1492 4203 1629 4246 nements

285 4269 482 4346 planetarum3
506 4276 606 4330 contra
628 4272 773 4330 sententia
794 4269 922 4345 rejicitur
944 4269 1003 4329 illic
1025 4273 1223 4347 pronunciata,
1245 4275 1445 4349 proportiones
1467 4276 1629 4351 ipsissimas

287 4355 505 4421 intervallorum
527 4375 546 4416 a
567 4355 637 4416 Sole
660 4371 697 4416 ex
717 4357 788 4416 solis
810 4357 910 4433 figuris
930 4356 1112 4434 regularibus
1134 4359 1281 4420 desumtas
1303 4376 1376 4419 esse.
1412 4361 1527 4423 Deinde
1549 4362 1627 4440 leges

286 4451 478 4518 recensentur,
500 4441 659 4521 aKeplero
675 4433 802 4506 modbns
821 4444 1003 4521 planetarum
1026 4448 1056 4506 in
1076 4448 1219 4524 prioribus
1240 4447 1331 4522 libris,
1354 4451 1480 4509 maxime
1502 4451 1532 4508 in
1553 4450 1628 4511 libro

287 4531 323 4592 de
357 4532 483 4592 motibus
514 4530 618 4592 Martis
650 4538 792 4594 statutae:
831 4527 864 4614 l)
897 4549 1017 4608 „morae
1049 4537 1078 4596 in
1110 4535 1241 4612 partibus
1271 4534 1444 4610 aequalibus
1476 4540 1628 4598 eooentrlci

287 4619 444 4679 observant
476 4621 691 4698 proportionem
718 4637 836 4682 suorum
865 4619 1082 4682 intervallorum
1105 4641 1125 4684 a
1146 4622 1230 4696 Sole3
1264 4617 1300 4703 2)
1329 4622 1423 4683 diurni
1451 4627 1513 4684 veri
1544 4643 1627 4686 meus

287 4708 463 4768 eceentrioee
493 4706 604 4767 orbitae
633 4710 718 4768 unius
746 4709 857 4770 habent
883 4710 960 4769 ister
980 4727 1011 4770 se
1033 4712 1248 4788 proportionem
1277 4726 1409 4770 eversam
1431 4715 1627 4789 proportionis

286 4793 504 4855 intervallorum
526 4792 648 4856 dunrrun
670 4814 689 4857 a
711 4795 796 4873 Sole;
830 4792 866 4879 3)
890 4797 984 4857 orbim
1005 4797 1140 4874 planetae
1169 4802 1213 4856 est
1241 4795 1381 4873 elliptica,
1414 4806 1444 4859 et
1464 4798 1529 4874 Sol,
1562 4802 1627 4861 lons

286 4888 397 4960 motus,
426 4889 470 4944 est
491 4883 521 4942 in
544 4882 636 4945 altero
658 4883 788 4947 locorum
807 4883 897 4962 hujus
919 4884 1046 4962 ellipsis3
1078 4881 1115 4964 4)
1137 4883 1269 4960 planeta,
1297 4884 1433 4948 absoluto
1455 4889 1549 4948 tonus
1570 4890 1627 4951 eir-

189 3404 192 3410 ·
286 3395 333 3452 vis
354 3411 385 3454 re
407 3411 477 3454 vera
492 3393 693 3470 Goperuicaua
714 3394 814 3454 mundi
837 3397 910 3455 ratio
934 3396 999 3475 sola
1020 3395 1242 3472 insequentibus
1264 3397 1555 3463 commentationibus
1577 3415 1630 3475 pro
1732 3421 1733 3440 ι
