3564 5540
271 349 312 414 88
711 341 755 396 De
771 337 930 414 figurarum
947 336 1171 400 numeniacum

228 547 231 556 ·
271 514 543 580 commensurabilem
560 527 598 573 ac.
616 512 676 572 sola
692 513 827 584 potentia,
846 511 881 570 ad
894 509 1007 572 wedam
1024 511 1154 584 aliquan,
1173 519 1233 578 sola
1249 519 1372 592 potantia
1388 519 1616 582 eonnmsmabi·

269 601 324 662 lem
342 595 430 735 (11:³21.
440 595 596 744 defitiens
614 671 715 742 duplici
736 685 833 744 genere
856 669 999 744 planorum
1016 625 1158 733 distinctae
1175 677 1304 738 Euclides
1330 681 1364 737 ob
1390 683 1420 740 id
1444 681 1618 752 poidsaimum

272 764 353 820 docet
369 757 497 824 inuenire,
516 754 580 827 quia
596 753 698 810 faciunt
715 749 750 806 ad
768 750 991 821 compositionem
1004 757 1031 808 et
1043 756 1262 818 constitutionem
1274 759 1425 834 specierum
1437 761 1617 834 sequentium

314 839 323 854 “
360 833 435 896 XX.
459 831 656 892 Definitio.
695 816 778 910 Ergo
799 828 940 890 scientiae
963 825 1072 904 gradm
1095 838 1216 896 octavus
1238 853 1275 899 ex
1296 839 1464 916 praemissio
1486 839 1618 916 interpo-

273 927 338 988 sitis
372 923 519 984 derivatur
551 924 652 995 estque
685 915 830 976 flnearum
859 915 963 974 iterum
990 917 1197 998 singularium,
1226 923 1278 986 sed
1305 942 1381 1002 qnae
1408 929 1619 1008 compositione

275 1015 398 1077 duorum
419 1009 578 1082 nominum,
602 1021 643 1066 sc.
666 1001 790 1065 duarum
813 1000 1015 1080 copulatarum
1037 1021 1074 1066 ex
1095 1010 1338 1088 praecedentibus
1354 1014 1475 1093 copulis,
1498 1014 1549 1078 vel
1563 1015 1619 1076 ab·

275 1103 432 1164 sanctone
454 1096 554 1170 unius,
578 1091 807 1172 epbarmoausae
829 1090 940 1167 dietae,
963 1091 1001 1152 ab
1024 1092 1117 1157 altera
1138 1101 1230 1177 socia,
1255 1103 1486 1179 constituuntur,
1508 1119 1620 1164 noram

276 1191 404 1269 speeiem
426 1185 575 1246 facientes.
607 1176 648 1242 Ut
670 1181 713 1242 sic
734 1181 764 1240 in
788 1178 835 1239 bis
858 1180 983 1240 sciamus
1006 1197 1058 1242 seu
1080 1202 1281 1251 mensuremus
1297 1208 1356 1252 non
1370 1193 1499 1269 integras
1515 1192 1623 1274 lineas,

275 1295 333 1339 non
356 1279 533 1352 integrarum
558 1269 718 1349 quadrata,
741 1283 800 1327 non
822 1267 892 1341 bina
913 1269 1143 1357 uniuscnjusque
1165 1280 1300 1355 nomina,
1323 1279 1375 1340 sed
1396 1279 1497 1342 ‘eorum
1518 1280 1623 1359 juncta

236 1425 241 1436 ,
274 1363 417 1444 quadrata
438 1367 468 1423 et
490 1375 643 1422 commune
664 1353 874 1434 reetengnlum,
897 1362 930 1416 nt
943 1357 1184 1435 praecedentibus
1198 1364 1315 1428 xviri.
1332 1367 1423 1428 XIX.
1462 1367 1498 1427 Et
1514 1385 1621 1446 qnam.

274 1455 320 1515 via
342 1449 464 1513 totidem
485 1449 629 1510 scientiae
648 1444 756 1525 gradm
778 1461 930 1536 numerare
951 1463 1120 1525 possemus,
1133 1461 1138 1492 l
1151 1461 1223 1529 quot
1252 1461 1322 1515 sunt
1350 1457 1466 1517 futurae
1496 1459 1619 1534 species,

276 1558 399 1621 quarum
419 1553 534 1616 semper
555 1536 636 1614 prior
658 1541 703 1596 est
724 1533 885 1611 posteriore
907 1533 1047 1610 nobilior,
1071 1537 1141 1613 qula
1162 1547 1259 1602 tamen
1284 1542 1432 1621 quaelibet
1446 1546 1620 1621 compositio

273 1630 323 1692 vel
346 1628 507 1691 abstractio
530 1623 568 1684 ad
591 1640 676 1683 suum
698 1620 821 1699 madum
842 1623 972 1698 respicit,
1003 1639 1059 1684 nec
1083 1625 1391 1708 ipsocompoaitionis
1414 1632 1463 1693 vol
1485 1633 1622 1693 abstrae-

274 1719 362 1794 tionis
387 1731 475 1794 opere
498 1712 686 1782 constituitur
707 1707 770 1770 nlla
792 1707 959 1786 diversitas,
993 1709 1045 1772 sed
1078 1729 1178 1776 omnes
1206 1735 1238 1778 se
1266 1718 1376 1780 babent
1405 1736 1561 1798 exaequo
1583 1718 1622 1779 ad

274 1799 345 1868 'suas
367 1805 517 1865 nominum
540 1798 825 1861 seu'elementornm
840 1797 948 1875 bigas:
980 1797 1046 1860 ideo
1075 1817 1166 1862 unum
1189 1805 1284 1867 solum
1307 1824 1406 1868 aarum
1420 1808 1552 1886 ‘gadum
1575 1807 1621 1870 fa·

274 1897 392 1969 ciamus,
423 1889 474 1952 sed
497 1890 611 1967 species
633 1887 696 1970 ejus
719 1887 846 1948 sciamus
868 1885 1021 1950 nobilitate
1044 1885 1205 1952 distinctas.
1267 1956 1269 1962 ,

363 1975 455 2043 XXI.
478 1976 716 2055 Propositio.
759 1971 916 2034 Sciendum
939 1981 1121 2054 astantem,
1145 1996 1181 2040 ex
1203 1980 1317 2045 duabus
1340 1985 1415 2048 inter
1435 2001 1467 2046 se
1490 1983 1623 2062 longitu.

276 2071 343 2133 dine
366 2064 677 2131 commensurabilibus
698 2061 872 2138 sibiliam,
903 2061 982 2141 quod
1009 2063 1058 2126 bic
1084 2068 1115 2125 in
1138 2084 1256 2132 censum
1279 2074 1379 2136 venire
1401 2065 1526 2135 debeat:
1559 2076 1622 2138 siva

275 2157 406 2238 affabiles
429 2156 498 2218 illae
519 2157 644 2228 fuerunt,
669 2154 733 2213 sive
755 2151 950 2224 mesae‚'sive
971 2153 1169 2230 ignobiliores.
1289 2205 1291 2211 .
1385 2183 1389 2194 ·

361 2241 432 2299 Nam
450 2240 473 2296 si
491 2235 747 2295 commensurabiles
762 2234 944 2302 longitndine,
970 2239 1030 2291 tota
1051 2237 1131 2293 etiam
1153 2253 1188 2296 ex
1210 2239 1243 2296 iis
1262 2241 1412 2314 composita
1429 2241 1482 2298 erit
1498 2243 1622 2314 partubus

274 2318 530 2379 commensurabilis.
566 2316 651 2386 Atqui
680 2327 751 2386 quae
777 2310 878 2368 effabili
903 2321 1147 2379 commensuretur,
1175 2317 1289 2376 effabilis
1308 2328 1362 2388 est,
1386 2337 1435 2392 per
1452 2321 1624 2379 definitiones

274 2406 338 2458 ante
355 2399 389 2455 X
407 2399 452 2457 20.
471 2395 549 2454 Eruci.
585 2395 743 2464 Quaerere
761 2407 852 2448 mesae
871 2393 1129 2469 commensurabilis,
1147 2401 1406 2471 estnaeperll.
1424 2401 1557 2471 ejnsdem.
1587 2403 1623 2457 Et

275 2495 345 2552 quae
362 2479 460 2547 cuique
477 2491 512 2532 ax
526 2475 586 2545 iam
602 2471 736 2530 secuturis
754 2467 937 2528 ineffabilibus
953 2479 1018 2542 post
1033 2489 1123 2532 mesas
1142 2479 1402 2546 commensurabilis,
1419 2480 1543 2550 ejusdam
1563 2497 1623 2539 oum

274 2562 323 2618 illa
339 2557 441 2628 speciei
458 2561 515 2620 est,
542 2567 592 2623 per
609 2552 728 2619 66-10,
756 2551 902 2609 103-107.
938 2553 977 2610 Et
998 2553 1038 2609 sic
1056 2563 1098 2612 eet
1115 2556 1197 2614 etiam
1215 2573 1276 2614 eum
1294 2557 1355 2614 aliis
1375 2558 1519 2629 speciebus
1536 2575 1622 2617 nemo

274 2640 399 2706 tionibus,
417 2635 451 2691 ab
469 2632 583 2690 Euclide
601 2632 897 2701 nonroonnemoratis,
917 2648 986 2703 quae
1004 2635 1104 2704 gradem
1121 2637 1280 2693 remotiores
1292 2635 1404 2694 faciunt
1432 2637 1473 2693 Ac
1490 2636 1545 2694 etsi
1562 2655 1623 2696 eum

274 2720 308 2777 iis
326 2734 380 2774 non
398 2715 437 2773 ita
452 2719 540 2779 esset,
566 2710 594 2767 id
611 2718 701 2768 amen
719 2710 755 2765 ad
781 2725 832 2767 nos
849 2709 917 2766 nihii
942 2711 1069 2783 pertinet.
1104 2713 1160 2772 but
1177 2717 1248 2773 eninr
1273 2717 1398 2778 recidunt
1414 2718 1444 2774 in
1461 2734 1544 2774 unam
1564 2733 1623 2789 spe·

276 2799 392 2868 derum,
411 2808 479 2864 quas
493 2791 552 2866 iam
570 2790 764 2847 constituemus
782 2805 816 2845 ex
832 2789 1161 2860 incommensurabilibus‚
1180 2801 1208 2851 et
1218 2797 1265 2868 ¹nic
1281 2812 1337 2853 non
1354 2805 1456 2867 augent
1469 2815 1623 2870 numerum,

274 2882 324 2932 aut
340 2875 445 2932 faciunt
460 2870 566 2942 species
583 2869 757 2940 ignobiliores
774 2869 817 2925 rel
835 2869 877 2924 sul
894 2869 938 2925 rel
955 2869 1068 2928 alterius
1085 2872 1200 2946 generis,
1220 2875 1299 2932 etsie
1317 2892 1372 2936 non
1384 2882 1449 2933 suut
1459 2875 1543 2948 hujus
1563 2877 1624 2950 loci,

274 2955 323 3014 nbi
340 2953 439 3025 gradus
457 2951 585 3008 struimus
603 2949 758 3021 praemissis
775 2947 912 3019 proximos
929 2949 1080 3007 nobilitate.

355 3027 472 3090 ‘XXll.
495 3025 704 3087 Definitio.
748 3023 940 3085 Transmissls
962 3027 1051 3104 igitur
1072 3027 1123 3104 ils,
1147 3045 1223 3106 quae
1245 3037 1313 3092 sunt
1333 3029 1518 3110 longitudine
1542 3049 1624 3094 com·

275 3117 501 3190 mensurabiles,
531 3112 706 3198 accedamus
735 3111 774 3173 cd
802 3129 866 3186 eas,
897 3129 973 3190 qnae
1001 3113 1066 3174 sola
1086 3119 1219 3195 potentia
1244 3127 1313 3182 sunt
1336 3121 1622 3183 commensurabiles.

275 3208 369 3286 Igitur
383 3207 408 3265 si
424 3208 635 3282 componantur
648 3197 724 3262 tales'
740 3199 815 3263 duae
830 3199 970 3276 affabiles,
993 3201 1026 3261 fit
1036 3201 1264 3267 binominis:
1288 3211 1333 3268 sin
1348 3207 1564 3284 abstrahantur,
1590 3227 1626 3271 ex

275 3295 376 3357 relicto
399 3292 431 3354 tit
454 3298 649 3370 apotome:
671 3290 828 3366 urnasque
845 3306 898 3350 sex
918 3296 992 3350 sunt
1009 3295 1122 3368 speeies
1144 3294 1352 3357 subordinatas
1374 3295 1428 3374 (X.
1452 3297 1502 3355 84.
1529 3294 1602 3377 85.).

362 3381 414 3443 Sin
436 3388 535 3442 autem
557 3379 632 3440 tales
655 3377 731 3438 duae
750 3393 851 3438 mesae
874 3375 1092 3457 componantur,
1117 3388 1170 3462 ant
1191 3383 1306 3444 effabile
1328 3383 1485 3444 formantes
1506 3391 1625 3444 rectan-
1758 3421 1759 3440 .

275 3468 377 3549 guium
400 3475 452 3530 aul
466 3473 585 3530 mesen:
608 3467 683 3528 liunt
697 3467 907 3544 compositione
930 3465 1169 3546 bimediales,
1193 3471 1389 3533 abstractione
1405 3488 1500 3534 meses
1517 3480 1633 3551 apoto-2
1758 3541 1759 3550 χ

274 3551 350 3636 mae,
374 3558 436 3619 illie
455 3559 575 3635 priores,
598 3556 647 3617 bic
669 3557 845 3640 posteriores
867 3558 1099 3641 cognominatae.
1562 3605 1566 3614 .
1758 3553 1759 3560 ’

361 3645 420 3707 Hie
442 3645 619 3723 coniungere
642 3660 701 3704 non
722 3642 793 3705 lieet
815 3642 960 3726 affabilem
982 3661 1047 3705 cum
1069 3661 1163 3707 meast
1187 3651 1255 3707 sunt
1270 3647 1347 3708 onim
1362 3645 1530 3709 talesduae
1553 3649 1625 3710 sim·

269 3735 389 3817 pliciter
410 3731 786 3808 incommensurabileade
809 3741 868 3810 quo
890 3749 996 3809 genere
1015 3733 1077 3810 jam
1099 3735 1130 3793 in
1151 3737 1286 3812 sequenti
1307 3735 1453 3814 agendam
1476 3742 1531 3796 est.

361 3819 483 3883 XXIII.
500 3819 745 3899 'Propositio.
789 3817 914 3881 Rectam
936 3823 1025 3898 igitur
1045 3821 1133 3900 plana
1154 3823 1229 3884 inter
1251 3839 1282 3884 se
1304 3823 1622 3886 incommensurabiles.

274 3913 320 3974 Ex
342 3913 379 3973 iis
401 3928 473 3972 vero
496 3909 613 3988 aliquae
635 3909 722 3988 bigae
745 3911 901 3989 requisitos
930 3909 1049 3970 effectus
1077 3917 1226 3991 praestare
1248 3927 1307 3972 non
1329 3919 1470 3991 possunt,
1502 3919 1537 3972 ut
1559 3918 1625 3973 sunt

274 4001 362 4063 binae
384 4017 492 4074 mesae,
515 4001 586 4060 item
609 4015 670 4080 una
690 3998 775 4060 m'ese'
793 4014 858 4059 cunr
881 4014 940 4058 ona
961 3997 1080 4060 effabili.
1371 4051 1373 4063 ‚
1586 4075 1590 4082 ι

360 4082 427 4141 Illae
445 4082 553 4155 quidem
571 4088 684 4154 propter
704 4081 784 4150 bigae
801 4079 1010 4154 ignobilitatem,
1034 4081 1103 4137 istae
1126 4097 1190 4138 rere
1213 4087 1327 4154 propter
1343 4097 1413 4139 ,suas
1437 4082 1624 4154 discrepantes

274 4165 394 4218 naturas.
427 4163 497 4218 Vide
515 4163 549 4218 X.
567 4163 615 4227 71,
631 4163 688 4220 108.
706 4162 766 4219 109.
785 4162 863 4218 Eucl.
899 4161 983 4219 Nulla
1007 4162 1090 4232 igitur
1107 4161 1433 4234 speeieseompositionis
1450 4162 1515 4220 hine
1533 4169 1624 4234 potest

276 4241 389 4311 arcessi,
406 4248 568 4314 restantque
581 4241 661 4298 nobis
679 4240 982 4313 ignobilioresgtantum¹
1001 4241 1118 4298 melem
1137 4249 1165 4297 et
1182 4241 1334 4299 effabilibus
1353 4249 1380 4297 et
1398 4241 1490 4298 mesia.
1581 4237 1584 4244 '

361 4329 481 4396 XXIV.
505 4333 735 4412 Propositio.
772 4333 817 4393 En
839 4333 917 4413 biga
930 4351 1001 4395 vero
1023 4337 1118 4413 prima
1139 4335 1242 4395 talium
1264 4333 1351 4412 plane
1374 4317 1625 4396 inodmmenaura-

276 4416 390 4493 billum,
414 4435 455 4478 sc.
478 4435 554 4496 quaa
577 4427 646 4481 sunt
667 4423 697 4480 in
719 4423 880 4498 praemisse
900 4420 1003 4484 XVII.
1026 4421 1144 4502 scibiles
1166 4423 1259 4502 gradu
1283 4425 1397 4500 quinto,
1422 4421 1624 4500 componendo

276 4502 516 4570 abstrahendove'
533 4525 647 4569 rursum
668 4510 799 4570 nascitur
821 4501 960 4588 effabilisp
982 4518 1108 4590 suntque
1130 4512 1295 4574 necessario
1318 4511 1478 4593 binominis
1498 4517 1529 4571 et
1551 4528 1625 4589 apo·

211 4667 218 4678 .
276 4601 364 4672 tonia
380 4591 450 4656 vide
467 4589 598 4656 X.·112.
618 4597 688 4656 113.
709 4599 779 4657 114.
801 4597 941 4659 Euclidis.
979 4595 1020 4661 Ut
1032 4601 1057 4661 ai
1080 4605 1110 4664 et
1131 4599 1248 4660 summa
1267 4589 1475 4676 quadratorum
1496 4597 1624 4658 binomi-

277 4686 324 4746 nis
347 4689 376 4746 et
398 4686 567 4758 apotomes,
599 4688 629 4742 et
650 4699 802 4747 commune
825 4686 1027 4765 rectangnlum
1056 4686 1114 4748 illis
1137 4693 1182 4750 est
1204 4685 1335 4762 effabile,
1367 4692 1481 4764 oportet
1504 4689 1623 4747 nomina

276 4773 396 4851 singola
418 4768 506 4831 nnius
527 4767 693 4834 nominibus
715 4769 839 4850 siugulis
861 4775 981 4840 alteriue
1006 4789 1071 4844 esee
1093 4774 1381 4851 commensurabilia,
1410 4773 1490 4856 qnod
1510 4790 1571 4838 uon
1592 4773 1623 4836 iit

277 4862 307 4927 in
329 4859 464 4925 omnibns
485 4855 684 4929 binominibns
706 4865 736 4924 et
757 4864 911 4943 apotomia·
948 4876 950 4884 ’
