3732 5528
734 343 816 402 Liber
834 345 881 401 ΙΙΙ.
900 347 989 415 Caput
1006 345 1053 400 Xl.
1435 413 1438 420 ,
1499 353 1561 412 381

212 519 337 578 mbos
354 521 515 591 incitantur,
542 521 643 592 quippe
665 537 729 578 carm
743 519 892 578 harmoniis
911 519 1094 592 delectentur,
1122 537 1170 578 sen
1192 521 1257 597 quia
1273 521 1325 578 Dei
1343 521 1487 592 imagines,
1514 515 1576 576 seu'

216 597 281 666 unia
297 599 378 654 modo
395 599 570 657 inenarrabili
586 598 795 657 mansiormatae
813 605 877 654 sunt
894 597 922 654 in
940 599 1035 654 mrculi
1052 600 1234 670 geometriam.

301 677 345 734 ite
363 679 431 736 baec
448 679 605 735 harmonica
622 677 808 746 conformatio,
825 679 854 732 in
872 686 1004 746 quantum
1020 677 1183 746 harmonica,
1203 677 1358 754 Ptolemaeo
1372 679 1496 739 eoelestis
1510 689 1562 750 est,

215 755 279 812 mihi
296 758 445 825 terrestris,
468 767 524 814 tam
542 757 731 824 materialiter,
758 758 792 812 ob
811 757 925 827 angulos
943 755 1092 812 radiorum.
1122 771 1201 824 quam
1226 755 1386 828 formaliter,
1416 761 1450 816 ob
1469 773 1563 814 eornm

215 835 286 890 inter
304 849 333 890 ee
350 835 548 901 habitudinem,
567 851 638 908 qnae
657 837 815 892 aestimetur
832 836 866 891 ab
885 834 974 890 anima
992 833 1138 889 sublunari.

301 915 496 982 Argumentum
521 914 603 972 affero
627 915 761 986 dogmatis
786 914 840 970 mei
862 913 1106 982 evidentissimum,
1134 913 1207 982 qnod
1233 913 1461 984 configurationes
1487 916 1563 981 istae,

216 1005 283 1059 quas
307 1009 357 1048 nos
380 995 408 1049 in
425 995 517 1053 Terris
540 997 682 1052 sanamus,
695 994 822 1050 efficaces
847 1001 875 1049 et
892 1007 1038 1064 operosas,
1067 1009 1120 1048 uon
1141 991 1196 1047 sint
1219 993 1289 1048 iuter
1306 993 1429 1063 planetas
1447 997 1521 1064 ipsos
1535 997 1564 1052 iu

213 1069 299 1139 coeo,
318 1070 366 1132 ted
383 1080 489 1130 tantum
507 1078 578 1131 inter
596 1075 719 1132 binorum
738 1075 829 1130 radios
846 1074 908 1129 illos
926 1073 1000 1131 soles
1021 1081 1050 1128 et
1069 1073 1178 1136 unicos,
1206 1073 1253 1141 qm
1271 1074 1297 1128 in
1317 1075 1428 1128 Terram
1445 1083 1576 1131 nostram·

214 1148 350 1221 incidunt;
369 1151 422 1222 hic,
441 1155 559 1224 inquam,
577 1155 605 1212 in
623 1155 716 1209 Terris
735 1169 786 1208 nee
804 1153 910 1227 uspiam
928 1151 994 1208 alibi
1010 1153 1038 1208 ln
1056 1151 1158 1206 mundo
1178 1161 1242 1208 sunt
1259 1151 1312 1208 bae
1330 1150 1564 1224 configurationes,

213 1243 276 1284 enm
293 1238 364 1296 eunt,
382 1240 410 1287 et
427 1242 492 1288 sunt
508 1233 601 1302 potius
620 1235 647 1288 in
666 1247 800 1288 conamen
818 1229 956 1286 radiorum
973 1229 1103 1300 punctuli,
1122 1247 1203 1300 quem
1221 1231 1249 1285 in
1267 1231 1386 1298 circulo,
1406 1233 1564 1289 aestimatur

213 1312 321 1364 tantum
337 1312 461 1382 angulum
479 1330 533 1382 quo
550 1321 723 1380 concurrunt,
742 1311 933 1382 imaginatione
950 1325 1030 1366 arens
1048 1326 1083 1365 cx
1102 1325 1236 1366 concursu
1253 1309 1390 1380 descripti,
1410 1311 1562 1380 cujusmodi

212 1401 293 1444 meus
310 1391 364 1446 etsi
381 1392 469 1462 nobis,
486 1393 534 1462 qui
552 1391 638 1449 oculis
656 1393 765 1460 numm,
783 1389 941 1460 suppeditat
956 1391 1084 1446 zodiacus
1102 1389 1223 1456 sensilis,
1243 1389 1483 1448 innumerabilibus
1500 1391 1564 1447 lixis

213 1466 358 1526 distinctus
377 1479 404 1526 et
422 1472 501 1540 quasi
519 1470 621 1528 divisus
640 1470 824 1538 subtilissime,
843 1481 879 1525 st·
890 1479 988 1525 natura
1006 1469 1129 1526 animalis
1147 1467 1276 1526 circulum
1295 1468 1385 1537 abun,
1406 1472 1563 1540 angulorum

212 1543 310 1626 hurum
327 1563 494 1618 mensorem,
521 1565 613 1606 secum
630 1550 692 1621 ipsa
708 1549 892 1610 babeainms.
927 1550 1037 1618 Cogitet
1052 1549 1109 1617 jam
1127 1546 1307 1619 philosophus
1326 1547 1435 1620 adonis:
1462 1551 1485 1608 si
1502 1567 1561 1606 ccr-

212 1640 281 1696 pora
298 1626 428 1689 coelestia
445 1627 506 1698 ipsa
523 1629 686 1700 principium
703 1628 786 1698 brrjtrs
807 1627 946 1686 efficaciae
974 1645 1022 1697 per
1041 1626 1269 1696 configurationes
1292 1625 1319 1680 in
1343 1643 1373 1684 se
1393 1627 1460 1699 ipsis
1480 1629 1564 1686 habe·

212 1711 275 1759 rent
292 1715 484 1775 moneremque
502 1706 572 1762 baec·
589 1707 730 1773 inferiora,
750 1723 817 1774 non,
837 1715 867 1763 ut
884 1722 934 1776 ego
954 1709 1030 1775 volo,
1050 1707 1197 1776 objectiva.
1216 1703 1265 1760 sed
1281 1704 1381 1772 active,
1407 1707 1512 1762 achone
1530 1725 1564 1764 ex

213 1781 280 1852 ipsis
299 1786 458 1855 (torporibus
477 1784 613 1842 defluente
632 1788 666 1841 ad
686 1803 736 1841 uos
755 1803 815 1842 cum
833 1785 930 1857 radiis,
952 1803 1007 1855 qua
1024 1785 1108 1856 igitur
1126 1786 1231 1839 ratione
1254 1783 1379 1854 planetae
1397 1801 1493 1854 perse
1511 1787 1564 1842 sin·

211 1857 271 1928 guli
287 1871 399 1935 possent
416 1864 572 1934 resciscere,
591 1863 700 1933 qrrsudo
718 1865 763 1920 bic
781 1865 808 1919 iu
827 1863 922 1918 ultima
940 1863 1033 1919 muudi
1044 1862 1109 1933 pila,
1128 1863 1155 1917 in
1168 1862 1267 1932 Terris,
1286 1863 1357 1916 iuter
1369 1877 1399 1918 se
1411 1862 1465 1917 bini
1484 1865 1565 1920 vadiis

212 1940 270 1995 suis
288 1947 428 2010 aspectum
451 1943 611 2014 formarent,
633 1945 700 2014 quia
722 1951 850 2014 aspectus
874 1944 981 1999 nonnisi
1005 1941 1130 1999 binorum
1153 1942 1324 2011 planetarum
1343 1947 1395 2003 est,
1424 1959 1477 2012 quo
1495 1962 1565 2000 ccm-

212 2019 313 2074 mercio
331 2020 387 2076 bini
405 2022 532 2092 planetae
549 2025 621 2079 inter
638 2040 668 2079 se
686 2022 843 2092 longissime
861 2022 949 2079 dissiti
967 2020 1081 2077 consilis
1094 2036 1144 2075 sua
1163 2019 1399 2090 communicarent,
1420 2022 1488 2078 vires
1501 2038 1563 2079 con·

211 2097 315 2157 terrent
340 2099 429 2170 adque
447 2099 557 2158 Terram
575 2110 603 2158 et
620 2102 649 2156 in
667 2102 757 2158 radios
777 2119 842 2158 suos
861 2103 895 2158 ad
914 2107 1052 2158 momenta
1069 2109 1229 2172 aspectuum
1251 2099 1423 2156 demitterent
1446 2103 1565 2158 easdem·

213 2192 277 2246 que,
295 2177 412 2248 primum
430 2188 512 2251 atque
531 2189 621 2237 cessat
638 2189 779 2251 aspectus,
809 2197 917 2237 cessere
935 2181 1066 2236 iacerent.
1103 2181 1146 2234 An
1159 2195 1213 2234 uon
1232 2177 1293 2249 pius
1310 2195 1390 2247 quam
1403 2181 1446 2236 Dii
1460 2182 1564 2238 essent?

213 2255 252 2311 Et
270 2271 306 2312 ne
323 2258 416 2314 multis
433 2259 600 2328 argumentis
619 2260 654 2315 sit
673 2277 750 2330 opus,
770 2261 839 2316 ierat
856 2261 901 2317 hie
919 2261 977 2330 ipse
996 2259 1229 2329 comparationum
1247 2258 1471 2316 Ptolemaicsrum
1494 2277 1566 2318 cum·

211 2351 264 2406 pus
285 2336 391 2406 justum
415 2338 486 2394 inter
502 2354 546 2394 me
571 2345 599 2394 et
617 2339 802 2396 Ptolemaeum
825 2339 966 2408 judicium.
1005 2341 1198 2409 Comparamus
1225 2339 1321 2393 memte
1350 2339 1480 2395 coelestia
1504 2355 1565 2394 eum

212 2412 392 2482 harmonicis,
417 2417 565 2473 abeodem
585 2417 655 2472 enim
679 2418 754 2474 ioutc
773 2418 913 2474 fluxerunt
934 2419 962 2473 in
983 2427 1126 2486 utrumqne
1150 2432 1237 2487 genus
1254 2433 1344 2472 rerum
1369 2417 1486 2474 resones
1503 2417 1565 2473 her-

213 2495 346 2551 monicae.
382 2495 453 2564 Quid
472 2499 627 2566 igiturest,
656 2499 728 2568 quod
753 2500 867 2554 choreas
892 2503 982 2553 movet
1005 2495 1038 2550 ud
1063 2495 1188 2553 cantum?
1224 2495 1295 2550 Num
1319 2493 1436 2551 chordae
1458 2497 1510 2551 boc
1527 2495 1565 2552 ia-

212 2571 310 2628 ciunt?
346 2573 401 2629 Gor
417 2575 500 2644 igitur
524 2575 598 2631 surdi
616 2593 669 2631 non
689 2586 831 2651 morentur
855 2576 890 2632 ad
909 2585 1005 2632 earrtus
1030 2574 1139 2644 legem?
1174 2573 1271 2630 Nonne
1294 2573 1398 2642 speeies
1417 2589 1565 2632 consonan-

212 2651 312 2707 tiarum
330 2651 358 2705 iu
376 2654 591 2728 eures-influunt
610 2655 700 2725 ibique
724 2673 841 2712 asensn
866 2655 1001 2712 communi
1025 2671 1060 2709 ea
1077 2654 1206 2710 instinctu
1229 2651 1346 2708 naturali
1369 2667 1418 2722 pro
1438 2653 1565 2722 jucundis

212 2737 241 2783 et
259 2730 345 2800 gratis
364 2737 571 2805 approbantur?
606 2735 702 2792 Nonne
722 2738 812 2794 anima
830 2743 885 2804 est,
910 2749 980 2802 qnae
1007 2739 1137 2804 percepta
1160 2731 1294 2788 cantilena
1317 2745 1417 2800 eorpus
1435 2747 1512 2787 suum
1531 2732 1565 2788 ad

210 2808 274 2880 ejus
292 2809 366 2880 leges
384 2821 413 2868 et
429 2811 585 2882 rhythmum
603 2815 715 2868 movet?
734 2814 807 2884 quod
826 2814 857 2869 iit
876 2829 930 2867 nun
949 2818 1052 2868 tantum
1070 2813 1098 2866 in
1116 2812 1268 2868 voluntario
1280 2816 1356 2865 motu
1369 2812 1497 2880 corporis,
1516 2809 1563 2866 sed

211 2887 296 2944 etiam
314 2889 342 2944 iu
361 2890 478 2947 nmorali
496 2899 571 2948 motu
589 2892 789 2962 delectationis,
809 2893 844 2948 ob
857 2909 954 2949 suaves
968 2892 1168 2949 consonantias.
1203 2891 1318 2946 Frustra
1327 2888 1371 2943 bie
1383 2897 1566 2961 contempera-

211 2966 315 3022 tionem
334 2985 462 3026 scncram
481 2971 572 3040 uliam,
591 2972 642 3028 nisi
662 2971 823 3030 rationalem
842 2979 870 3026 et
888 2971 946 3026 sola
964 2979 1054 3027 mente
1073 2986 1126 3040 seu,
1140 2985 1190 3038 per
1201 2967 1370 3036 disciplinam
1389 2983 1438 3025 sen
1456 2969 1565 3025 iustine·

212 3053 272 3100 tnm
291 3049 493 3121 perceptibilem
511 3051 631 3122 allegant
648 3050 917 3123 pseudophilosophi.
1025 3113 1026 3118 η

185 3131 189 3140 ’
212 3185 216 3194 ,
302 3127 340 3182 let
356 3128 488 3186 hacteuus
508 3130 617 3200 quidem
636 3132 668 3186 de
687 3131 799 3187 materia
818 3131 870 3187 mei
886 3129 947 3186 libri
966 3130 1070 3199 quarti,
1090 3129 1168 3199 eutius
1187 3129 1347 3199 subjeetum,
1366 3127 1505 3182 harmonia
1523 3141 1565 3180 ra·

140 3201 145 3222 '
213 3201 377 3276 diadonum,
404 3223 478 3263 mere
502 3217 630 3267 terrestre
654 3217 704 3266 est.
741 3210 821 3265 Aliud
845 3210 957 3279 aliqrmd
981 3217 1109 3280 superest
1125 3224 1212 3280 genus
1229 3207 1400 3275 barmoniae,
1428 3205 1566 3260 ιιιὶιιίιιιο

214 3283 336 3340 coeleste
354 3301 402 3342 seu
420 3289 585 3346 mundanum
603 3289 709 3361 potius,
736 3289 770 3345 de
789 3306 843 3359 quo
860 3297 888 3345 et
906 3289 1079 3346 Ptolemaeus
1104 3288 1160 3356 agit
1183 3285 1318 3357 capitibus
1340 3281 1514 3353 sequentibus
1539 3289 1566 3337 et
1661 3311 1663 3319 ,

215 3377 267 3430 ⁰3⁰
285 3362 355 3419 libro
372 3380 432 3422 meo
450 3367 545 3438 quinto
563 3367 705 3438 egilidque
723 3369 900 3438 praecipuum
919 3384 1031 3437 secprmr
1055 3365 1108 3422 ieci
1125 3367 1210 3421 totius
1228 3365 1281 3420 mei
1300 3363 1388 3433 operis
1410 3361 1564 3417 harmonici.

781 3634 923 3707 CAPUT
950 3631 1001 3706 xl.

234 3777 277 3834 Ut
303 3789 410 3837 motus
436 3781 584 3838 siderum
612 3779 793 3840 secundum
820 3781 1042 3836 altitudinem
1068 3783 1283 3848 comparetur
1308 3775 1491 3847 generibus
1516 3775 1547 3830 in

784 3867 1000 3934 harmoniai).

305 4015 471 4078 Secundam
492 4024 624 4077 motuum
646 4016 776 4093 speciem
797 4013 958 4075 secundum
980 4010 1164 4074 altitudinem
1187 4013 1367 4074 inveniemus
1391 4007 1515 4070 similem
1537 4011 1565 4069 ei

213 4103 294 4180 parti
316 4103 515 4178 harmonicas,
544 4121 621 4180 quae
644 4119 759 4180 genera,
783 4102 862 4162 dieta
884 4101 984 4161 habet.
1028 4101 1111 4162 Sient
1139 4103 1215 4162 enim
1245 4102 1275 4158 in
1298 4097 1354 4158 heo
1381 4115 1489 4174 geuera
1509 4099 1567 4156 triu

114 4242 119 4252 .
212 4200 294 4265 sunt,
318 4191 551 4266 enhmmcnium,
574 4189 799 4266 chromaticum,
823 4190 1020 4266 diatonicum,
1050 4189 1186 4248 distinete
1209 4186 1568 4267 quantitatibuspropor·
1617 4190 1623 4208 ⁸

214 4280 331 4340 donum
353 4283 383 4338 iu
406 4278 598 4341 tetrachordis
612 4275 664 4353 Π),
695 4280 737 4338 sio
760 4285 790 4338 et
811 4277 863 4337 iila
893 4285 952 4337 tres
974 4277 1083 4337 iormas
1105 4274 1326 4336 intervallorum
1355 4272 1566 4350 complectitur,

214 4367 347 4444 minimi,
376 4367 466 4430 medii
493 4375 523 4428 et
545 4368 664 4426 maximi
674 4361 740 4441 ΠΙ),
772 4383 849 4442 quae
875 4373 905 4426 ct
927 4366 1009 4442 ipsae
1041 4365 1204 4440 quantitate
1231 4378 1367 4424 emaum
1394 4376 1567 4420 memoran-

214 4451 329 4530 tnr1V).
376 4457 521 4516 Aeemsus
544 4455 633 4530 igitur
654 4453 817 4514 mediomm
839 4451 1068 4522 intervallorum,
1092 4452 1141 4528 qui
1166 4449 1324 4514 medioeres
1347 4447 1478 4525 undique
1498 4464 1567 4532 eur·

212 4559 266 4602 eus
291 4544 421 4616 habeut,
454 4559 543 4620 quam
573 4545 703 4618 proxime
734 4540 918 4600 chromatieis
947 4540 1103 4613 generibus
1122 4538 1189 4612 jure
1212 4540 1277 4612 qais
1299 4545 1464 4615 comparet,
1495 4539 1566 4612 quia

214 4632 309 4692 etlam
332 4633 361 4688 in
383 4631 429 4688 his
452 4629 560 4690 itabani
582 4641 684 4689 seuam
706 4627 803 4687 medis
826 4625 1010 4687 tetrachorda
1026 4623 1072 4702 V);
1101 4633 1132 4684 at
1154 4627 1204 4701 qui
1228 4626 1362 4684 minimos
1384 4639 1486 4684 careus
1508 4624 1565 4683 ba·

214 4717 305 4792 hcet,
338 4721 401 4778 slve
430 4719 449 4776 it
482 4717 520 4776 ad
542 4715 698 4777 intervalia
719 4733 738 4774 s
760 4714 850 4776 Terra
880 4715 1008 4772 maxima
1036 4719 1251 4788 cousequantur
1278 4714 1341 4772 sive
1372 4711 1409 4772 ed
1436 4711 1566 4784 minime,
1599 4736 1605 4754 =

213 4803 439 4888 respondebunt
468 4805 664 4865 enharmoniis
695 4800 868 4884 generibus,
897 4801 968 4878 quia
989 4802 1058 4860 bina
1086 4797 1261 4860 touaobordi
1292 4797 1448 4862 intervalia
1480 4798 1568 4859 simui
