<?xml version="1.0" encoding="UTF-8"?>
<!DOCTYPE html PUBLIC "-//W3C//DTD XHTML 1.0 Transitional//EN"
    "http://www.w3.org/TR/xhtml1/DTD/xhtml1-transitional.dtd">
<html xmlns="http://www.w3.org/1999/xhtml" xml:lang="en" lang="en">
 <head>
  <title>
</title>
<meta http-equiv="Content-Type" content="text/html;charset=utf-8" />
  <meta name='ocr-system' content='tesseract 3.04.00' />
  <meta name='ocr-capabilities' content='ocr_page ocr_carea ocr_par ocr_line ocrx_word'/>
</head>
<body>
  <div class='ocr_page' id='page_1' title='image "./joanniskepleria26frisgoog_0435.png"; bbox 0 0 3732 5528; ppageno 0'>
   <div class='ocr_carea' id='block_1_1' title="bbox 307 287 1144 427">
    <p class='ocr_par' dir='ltr' id='par_1_1' title="bbox 307 287 1144 427">
     <span class='ocr_line' id='line_1_1' title="bbox 307 287 1144 427; baseline -0.001 -26"><span class='ocrx_word' id='word_1_1' title='bbox 307 353 370 416; x_wconf 71' lang='lat'>390</span> <span class='ocrx_word' id='word_1_2' title='bbox 821 287 1144 427; x_wconf 62' lang='lat' dir='ltr'>normannensis</span> 
     </span>
    </p>
   </div>
   <div class='ocr_carea' id='block_1_2' title="bbox 306 523 1665 867">
    <p class='ocr_par' dir='ltr' id='par_1_2' title="bbox 306 523 1665 867">
     <span class='ocr_line' id='line_1_2' title="bbox 306 523 1665 604; baseline -0.004 -15"><span class='ocrx_word' id='word_1_3' title='bbox 306 528 541 600; x_wconf 74' lang='lat' dir='ltr'>remittunturve,</span> <span class='ocrx_word' id='word_1_4' title='bbox 560 524 737 604; x_wconf 82' lang='lat' dir='ltr'>seligamns3</span> <span class='ocrx_word' id='word_1_5' title='bbox 761 539 887 600; x_wconf 68' lang='lat' dir='ltr'>amque</span> <span class='ocrx_word' id='word_1_6' title='bbox 907 523 1027 602; x_wconf 87' lang='lat' dir='ltr'>planata</span> <span class='ocrx_word' id='word_1_7' title='bbox 1048 532 1078 583; x_wconf 93' lang='lat' dir='ltr'>et</span> <span class='ocrx_word' id='word_1_8' title='bbox 1099 525 1223 600; x_wconf 89' lang='lat' dir='ltr'>primum</span> <span class='ocrx_word' id='word_1_9' title='bbox 1247 525 1345 586; x_wconf 89' lang='lat' dir='ltr'>orbem</span> <span class='ocrx_word' id='word_1_10' title='bbox 1367 525 1478 586; x_wconf 87' lang='lat' dir='ltr'>haheat</span> <span class='ocrx_word' id='word_1_11' title='bbox 1499 533 1529 586; x_wconf 92' lang='lat' dir='ltr'>et</span> <span class='ocrx_word' id='word_1_12' title='bbox 1550 527 1665 586; x_wconf 88' lang='lat' dir='ltr'>sabor-.</span> 
     </span>
     <span class='ocr_line' id='line_1_3' title="bbox 307 611 1657 692; baseline -0.002 -17"><span class='ocrx_word' id='word_1_13' title='bbox 307 615 439 689; x_wconf 78' lang='lat' dir='ltr'>dicatos,</span> <span class='ocrx_word' id='word_1_14' title='bbox 468 623 598 692; x_wconf 79' lang='lat' dir='ltr'><strong>systema</strong></span> <span class='ocrx_word' id='word_1_15' title='bbox 620 629 690 673; x_wconf 85' lang='lat' dir='ltr'>vero</span> <span class='ocrx_word' id='word_1_16' title='bbox 713 619 743 672; x_wconf 87' lang='lat' dir='ltr'>et</span> <span class='ocrx_word' id='word_1_17' title='bbox 764 612 884 672; x_wconf 88' lang='lat' dir='ltr'>stabiles</span> <span class='ocrx_word' id='word_1_18' title='bbox 908 611 1002 671; x_wconf 91' lang='lat' dir='ltr'>dictos</span> <span class='ocrx_word' id='word_1_19' title='bbox 1035 625 1122 670; x_wconf 87' lang='lat' dir='ltr'>sonos</span> <span class='ocrx_word' id='word_1_20' title='bbox 1145 622 1174 672; x_wconf 87' lang='lat' dir='ltr'>et</span> <span class='ocrx_word' id='word_1_21' title='bbox 1196 613 1338 673; x_wconf 79' lang='lat' dir='ltr'>mobiles:</span> <span class='ocrx_word' id='word_1_22' title='bbox 1368 614 1488 676; x_wconf 84' lang='lat' dir='ltr'>stabiles</span> <span class='ocrx_word' id='word_1_23' title='bbox 1519 615 1657 690; x_wconf 79' lang='lat' dir='ltr'>equidem</span> 
     </span>
     <span class='ocr_line' id='line_1_4' title="bbox 307 698 1657 782; baseline -0.001 -19"><span class='ocrx_word' id='word_1_24' title='bbox 307 703 541 782; x_wconf 78' lang='lat' dir='ltr'><strong>comparabimus</strong></span> <span class='ocrx_word' id='word_1_25' title='bbox 563 702 663 778; x_wconf 91' lang='lat' dir='ltr'>primis</span> <span class='ocrx_word' id='word_1_26' title='bbox 686 699 822 778; x_wconf 82' lang='lat' dir='ltr'>orbibus,</span> <span class='ocrx_word' id='word_1_27' title='bbox 856 698 979 759; x_wconf 80' lang='lat' dir='ltr'>mobiles</span> <span class='ocrx_word' id='word_1_28' title='bbox 1006 700 1120 758; x_wconf 92' lang='lat' dir='ltr'>circulis</span> <span class='ocrx_word' id='word_1_29' title='bbox 1143 699 1358 776; x_wconf 82' lang='lat' dir='ltr'>subordinatis3</span> <span class='ocrx_word' id='word_1_30' title='bbox 1393 703 1568 761; x_wconf 90' lang='lat' dir='ltr'>sicutenim</span> <span class='ocrx_word' id='word_1_31' title='bbox 1591 719 1657 761; x_wconf 92' lang='lat' dir='ltr'>mo-</span> 
     </span>
     <span class='ocr_line' id='line_1_5' title="bbox 307 787 1656 867; baseline -0.003 -16"><span class='ocrx_word' id='word_1_32' title='bbox 307 791 382 852; x_wconf 83' lang='lat' dir='ltr'>biles</span> <span class='ocrx_word' id='word_1_33' title='bbox 405 791 468 850; x_wconf 88' lang='lat' dir='ltr'>soni</span> <span class='ocrx_word' id='word_1_34' title='bbox 492 796 559 848; x_wconf 84' lang='lat' dir='ltr'>sunt</span> <span class='ocrx_word' id='word_1_35' title='bbox 580 795 699 866; x_wconf 89' lang='lat' dir='ltr'>propter</span> <span class='ocrx_word' id='word_1_36' title='bbox 721 804 828 864; x_wconf 87' lang='lat' dir='ltr'>genera</span> <span class='ocrx_word' id='word_1_37' title='bbox 851 793 970 858; x_wconf 88' lang='lat' dir='ltr'>cantus,</span> <span class='ocrx_word' id='word_1_38' title='bbox 1003 788 1045 845; x_wconf 92' lang='lat' dir='ltr'>sic</span> <span class='ocrx_word' id='word_1_39' title='bbox 1069 787 1106 845; x_wconf 95' lang='lat' dir='ltr'>ob</span> <span class='ocrx_word' id='word_1_40' title='bbox 1130 787 1158 844; x_wconf 90' lang='lat' dir='ltr'>id</span> <span class='ocrx_word' id='word_1_41' title='bbox 1182 789 1287 864; x_wconf 90' lang='lat' dir='ltr'>ipsum,</span> <span class='ocrx_word' id='word_1_42' title='bbox 1310 794 1343 846; x_wconf 90' lang='lat' dir='ltr'>ut</span> <span class='ocrx_word' id='word_1_43' title='bbox 1360 788 1501 867; x_wconf 88' lang='lat' dir='ltr'>planetae</span> <span class='ocrx_word' id='word_1_44' title='bbox 1525 789 1596 848; x_wconf 85' lang='lat' dir='ltr'>fiant</span> <span class='ocrx_word' id='word_1_45' title='bbox 1620 807 1656 850; x_wconf 89' lang='lat' dir='ltr'>ex</span> 
     </span>
    </p>
   </div>
   <div class='ocr_carea' id='block_1_3' title="bbox 210 873 1656 954">
    <p class='ocr_par' dir='ltr' id='par_1_3' title="bbox 210 873 1656 954">
     <span class='ocr_line' id='line_1_6' title="bbox 210 873 1656 954; baseline -0.003 -16"><span class='ocrx_word' id='word_1_46' title='bbox 210 925 212 930; x_wconf 89' lang='lat'><em>.</em></span> <span class='ocrx_word' id='word_1_47' title='bbox 307 878 457 940; x_wconf 76' lang='lat' dir='ltr'>altissimis</span> <span class='ocrx_word' id='word_1_48' title='bbox 480 874 649 950; x_wconf 86' lang='lat' dir='ltr'>humillimi,</span> <span class='ocrx_word' id='word_1_49' title='bbox 671 875 790 935; x_wconf 88' lang='lat' dir='ltr'>orbibus</span> <span class='ocrx_word' id='word_1_50' title='bbox 813 873 878 934; x_wconf 91' lang='lat' dir='ltr'>aliis</span> <span class='ocrx_word' id='word_1_51' title='bbox 902 887 976 951; x_wconf 91' lang='lat' dir='ltr'>opus</span> <span class='ocrx_word' id='word_1_52' title='bbox 999 881 1043 932; x_wconf 89' lang='lat' dir='ltr'>est</span> <span class='ocrx_word' id='word_1_53' title='bbox 1066 881 1094 932; x_wconf 90' lang='lat' dir='ltr'>et</span> <span class='ocrx_word' id='word_1_54' title='bbox 1116 883 1197 933; x_wconf 88' lang='lat' dir='ltr'>moin</span> <span class='ocrx_word' id='word_1_55' title='bbox 1220 893 1271 952; x_wconf 90' lang='lat' dir='ltr'>per</span> <span class='ocrx_word' id='word_1_56' title='bbox 1294 893 1344 935; x_wconf 86' lang='lat' dir='ltr'>eos</span> <span class='ocrx_word' id='word_1_57' title='bbox 1367 879 1455 952; x_wconf 85' lang='lat' dir='ltr'>inque</span> <span class='ocrx_word' id='word_1_58' title='bbox 1478 885 1575 954; x_wconf 86' lang='lat' dir='ltr'>partes</span> <span class='ocrx_word' id='word_1_59' title='bbox 1599 880 1656 934; x_wconf 89' lang='lat' dir='ltr'>cir-</span> 
     </span>
    </p>
   </div>
   <div class='ocr_carea' id='block_1_4' title="bbox 261 961 1715 2266">
    <p class='ocr_par' dir='ltr' id='par_1_4' title="bbox 307 961 1659 1128">
     <span class='ocr_line' id='line_1_7' title="bbox 308 961 1659 1041; baseline -0.003 -15"><span class='ocrx_word' id='word_1_60' title='bbox 308 966 439 1027; x_wconf 90' lang='lat' dir='ltr'>culorum</span> <span class='ocrx_word' id='word_1_61' title='bbox 462 965 622 1040; x_wconf 87' lang='lat' dir='ltr'>oppositas.</span> <span class='ocrx_word' id='word_1_62' title='bbox 654 963 691 1022; x_wconf 85' lang='lat' dir='ltr'>Et</span> <span class='ocrx_word' id='word_1_63' title='bbox 714 961 822 1022; x_wconf 89' lang='lat' dir='ltr'>dictum</span> <span class='ocrx_word' id='word_1_64' title='bbox 847 972 891 1022; x_wconf 88' lang='lat' dir='ltr'>est</span> <span class='ocrx_word' id='word_1_65' title='bbox 912 978 1009 1038; x_wconf 90' lang='lat' dir='ltr'>snpra,</span> <span class='ocrx_word' id='word_1_66' title='bbox 1033 963 1088 1021; x_wconf 91' lang='lat' dir='ltr'>tria</span> <span class='ocrx_word' id='word_1_67' title='bbox 1110 979 1218 1038; x_wconf 88' lang='lat' dir='ltr'>genera</span> <span class='ocrx_word' id='word_1_68' title='bbox 1241 971 1343 1023; x_wconf 91' lang='lat' dir='ltr'>cantus</span> <span class='ocrx_word' id='word_1_69' title='bbox 1367 963 1541 1041; x_wconf 85' lang='lat' dir='ltr'>respondere</span> <span class='ocrx_word' id='word_1_70' title='bbox 1565 965 1659 1034; x_wconf 83' lang='lat' dir='ltr'>trihus</span> 
     </span>
     <span class='ocr_line' id='line_1_8' title="bbox 307 1046 1007 1128; baseline -0.006 -17"><span class='ocrx_word' id='word_1_71' title='bbox 307 1051 526 1114; x_wconf 71' lang='lat' dir='ltr'>intervallorum</span> <span class='ocrx_word' id='word_1_72' title='bbox 548 1057 740 1128; x_wconf 87' lang='lat' dir='ltr'>motuumque</span> <span class='ocrx_word' id='word_1_73' title='bbox 762 1050 918 1126; x_wconf 87' lang='lat' dir='ltr'>generibus</span> <span class='ocrx_word' id='word_1_74' title='bbox 931 1046 1007 1126; x_wconf 82' lang='lat' dir='ltr'><strong>V¹¹¹).</strong></span> 
     </span>
    </p>

    <p class='ocr_par' dir='ltr' id='par_1_5' title="bbox 261 1135 1715 2266">
     <span class='ocr_line' id='line_1_9' title="bbox 393 1135 1658 1215; baseline -0.003 -15"><span class='ocrx_word' id='word_1_75' title='bbox 393 1139 431 1200; x_wconf 85' lang='lat' dir='ltr'>Et</span> <span class='ocrx_word' id='word_1_76' title='bbox 452 1143 563 1215; x_wconf 88' lang='lat' dir='ltr'>primae</span> <span class='ocrx_word' id='word_1_77' title='bbox 587 1137 704 1214; x_wconf 88' lang='lat' dir='ltr'>quidem</span> <span class='ocrx_word' id='word_1_78' title='bbox 726 1137 783 1197; x_wconf 91' lang='lat' dir='ltr'>hoc</span> <span class='ocrx_word' id='word_1_79' title='bbox 804 1146 892 1214; x_wconf 87' lang='lat' dir='ltr'>pacto</span> <span class='ocrx_word' id='word_1_80' title='bbox 916 1136 1025 1198; x_wconf 89' lang='lat' dir='ltr'>electae</span> <span class='ocrx_word' id='word_1_81' title='bbox 1039 1135 1183 1215; x_wconf 90' lang='lat' dir='ltr'>sphaerae</span> <span class='ocrx_word' id='word_1_82' title='bbox 1206 1145 1273 1196; x_wconf 92' lang='lat' dir='ltr'>sunt</span> <span class='ocrx_word' id='word_1_83' title='bbox 1292 1139 1384 1198; x_wconf 88' lang='lat' dir='ltr'>istae:</span> <span class='ocrx_word' id='word_1_84' title='bbox 1409 1137 1536 1213; x_wconf 88' lang='lat' dir='ltr'>Saturni,</span> <span class='ocrx_word' id='word_1_85' title='bbox 1559 1138 1658 1212; x_wconf 80' lang='lat' dir='ltr'>lovis,</span> 
     </span>
     <span class='ocr_line' id='line_1_10' title="bbox 308 1223 1660 1304; baseline -0.002 -16"><span class='ocrx_word' id='word_1_86' title='bbox 308 1227 426 1302; x_wconf 81' lang='lat' dir='ltr'>Martis,</span> <span class='ocrx_word' id='word_1_87' title='bbox 450 1226 544 1301; x_wconf 86' lang='lat' dir='ltr'>Solis,</span> <span class='ocrx_word' id='word_1_88' title='bbox 568 1225 709 1300; x_wconf 89' lang='lat' dir='ltr'>Veneris,</span> <span class='ocrx_word' id='word_1_89' title='bbox 732 1223 884 1300; x_wconf 83' lang='lat' dir='ltr'>Mercurii,</span> <span class='ocrx_word' id='word_1_90' title='bbox 913 1224 1025 1284; x_wconf 87' lang='lat' dir='ltr'>Lunae.</span> <span class='ocrx_word' id='word_1_91' title='bbox 1070 1223 1199 1285; x_wconf 89' lang='lat' dir='ltr'>Primum</span> <span class='ocrx_word' id='word_1_92' title='bbox 1223 1227 1299 1285; x_wconf 90' lang='lat' dir='ltr'>enim</span> <span class='ocrx_word' id='word_1_93' title='bbox 1321 1225 1430 1287; x_wconf 88' lang='lat' dir='ltr'>mobile</span> <span class='ocrx_word' id='word_1_94' title='bbox 1452 1244 1510 1286; x_wconf 91' lang='lat' dir='ltr'>non</span> <span class='ocrx_word' id='word_1_95' title='bbox 1533 1227 1660 1304; x_wconf 88' lang='lat' dir='ltr'>sphaera</span> 
     </span>
     <span class='ocr_line' id='line_1_11' title="bbox 307 1311 1659 1398; baseline -0.003 -22"><span class='ocrx_word' id='word_1_96' title='bbox 307 1319 336 1376; x_wconf 86' lang='lat' dir='ltr'>in</span> <span class='ocrx_word' id='word_1_97' title='bbox 359 1313 485 1388; x_wconf 89' lang='lat' dir='ltr'>mundo,</span> <span class='ocrx_word' id='word_1_98' title='bbox 517 1313 569 1372; x_wconf 89' lang='lat' dir='ltr'>sed</span> <span class='ocrx_word' id='word_1_99' title='bbox 592 1313 803 1391; x_wconf 87' lang='lat' dir='ltr'>muudus-ipse</span> <span class='ocrx_word' id='word_1_100' title='bbox 826 1321 871 1372; x_wconf 87' lang='lat' dir='ltr'>est</span> <span class='ocrx_word' id='word_1_101' title='bbox 892 1321 1047 1398; x_wconf 84' lang='lat' dir='ltr'>motusque</span> <span class='ocrx_word' id='word_1_102' title='bbox 1070 1312 1134 1388; x_wconf 87' lang='lat' dir='ltr'>ejus</span> <span class='ocrx_word' id='word_1_103' title='bbox 1157 1311 1260 1373; x_wconf 89' lang='lat' dir='ltr'>ceteris</span> <span class='ocrx_word' id='word_1_104' title='bbox 1283 1315 1418 1374; x_wconf 91' lang='lat' dir='ltr'>omnibus</span> <span class='ocrx_word' id='word_1_105' title='bbox 1441 1316 1603 1375; x_wconf 88' lang='lat' dir='ltr'>communis</span> <span class='ocrx_word' id='word_1_106' title='bbox 1628 1323 1659 1374; x_wconf 91' lang='lat' dir='ltr'>et</span> 
     </span>
     <span class='ocr_line' id='line_1_12' title="bbox 307 1398 1715 1480; baseline -0.001 -18"><span class='ocrx_word' id='word_1_107' title='bbox 307 1406 336 1462; x_wconf 90' lang='lat' dir='ltr'>in</span> <span class='ocrx_word' id='word_1_108' title='bbox 360 1401 478 1480; x_wconf 85' lang='lat' dir='ltr'>plagam</span> <span class='ocrx_word' id='word_1_109' title='bbox 501 1404 675 1462; x_wconf 89' lang='lat' dir='ltr'>contrariam</span> <span class='ocrx_word' id='word_1_110' title='bbox 698 1403 754 1476; x_wconf 89' lang='lat' dir='ltr'>eis,</span> <span class='ocrx_word' id='word_1_111' title='bbox 779 1416 854 1477; x_wconf 84' lang='lat' dir='ltr'>quos</span> <span class='ocrx_word' id='word_1_112' title='bbox 873 1399 937 1476; x_wconf 91' lang='lat' dir='ltr'>jam</span> <span class='ocrx_word' id='word_1_113' title='bbox 959 1398 1194 1473; x_wconf 81' lang='lat' dir='ltr'>consideramus,</span> <span class='ocrx_word' id='word_1_114' title='bbox 1225 1417 1279 1460; x_wconf 90' lang='lat' dir='ltr'>nec</span> <span class='ocrx_word' id='word_1_115' title='bbox 1300 1400 1476 1477; x_wconf 78' lang='lat' dir='ltr'>peculiarem</span> <span class='ocrx_word' id='word_1_116' title='bbox 1499 1401 1658 1478; x_wconf 85' lang='lat' dir='ltr'>planetam,</span> <span class='ocrx_word' id='word_1_117' title='bbox 1712 1405 1715 1412; x_wconf 93' lang='lat'>&#39;</span> 
     </span>
     <span class='ocr_line' id='line_1_13' title="bbox 308 1488 1659 1574; baseline -0.004 -24"><span class='ocrx_word' id='word_1_118' title='bbox 308 1489 360 1552; x_wconf 88' lang='lat' dir='ltr'>scd</span> <span class='ocrx_word' id='word_1_119' title='bbox 382 1488 522 1549; x_wconf 91' lang='lat' dir='ltr'>mnndum</span> <span class='ocrx_word' id='word_1_120' title='bbox 544 1489 639 1567; x_wconf 90' lang='lat' dir='ltr'>ipsum</span> <span class='ocrx_word' id='word_1_121' title='bbox 654 1488 746 1561; x_wconf 85' lang='lat' dir='ltr'>vehit,</span> <span class='ocrx_word' id='word_1_122' title='bbox 768 1505 822 1548; x_wconf 90' lang='lat' dir='ltr'>nec</span> <span class='ocrx_word' id='word_1_123' title='bbox 845 1489 939 1574; x_wconf 70' lang='lat' dir='ltr'>magis</span> <span class='ocrx_word' id='word_1_124' title='bbox 962 1489 990 1545; x_wconf 90' lang='lat' dir='ltr'>in</span> <span class='ocrx_word' id='word_1_125' title='bbox 1008 1503 1158 1548; x_wconf 70' lang='lat' dir='ltr'>strumarum</span> <span class='ocrx_word' id='word_1_126' title='bbox 1180 1489 1338 1564; x_wconf 86' lang='lat' dir='ltr'>primarum</span> <span class='ocrx_word' id='word_1_127' title='bbox 1352 1488 1542 1565; x_wconf 75' lang='lat' dir='ltr'>sphaerarum</span> <span class='ocrx_word' id='word_1_128' title='bbox 1558 1491 1659 1548; x_wconf 85' lang='lat' dir='ltr'>venire</span> 
     </span>
     <span class='ocr_line' id='line_1_14' title="bbox 308 1573 1660 1656; baseline -0.003 -18"><span class='ocrx_word' id='word_1_129' title='bbox 308 1578 404 1651; x_wconf 88' lang='lat' dir='ltr'>dehet,</span> <span class='ocrx_word' id='word_1_130' title='bbox 428 1593 515 1653; x_wconf 90' lang='lat' dir='ltr'>quam</span> <span class='ocrx_word' id='word_1_131' title='bbox 538 1583 632 1636; x_wconf 89' lang='lat' dir='ltr'>totum</span> <span class='ocrx_word' id='word_1_132' title='bbox 654 1583 789 1654; x_wconf 86' lang='lat' dir='ltr'>systema·</span> <span class='ocrx_word' id='word_1_133' title='bbox 808 1577 837 1634; x_wconf 93' lang='lat' dir='ltr'>in</span> <span class='ocrx_word' id='word_1_134' title='bbox 859 1589 1011 1634; x_wconf 75' lang='lat' dir='ltr'>lucanorum</span> <span class='ocrx_word' id='word_1_135' title='bbox 1027 1591 1145 1633; x_wconf 87' lang='lat' dir='ltr'>suarum</span> <span class='ocrx_word' id='word_1_136' title='bbox 1168 1574 1339 1635; x_wconf 85' lang='lat' dir='ltr'>chordarum</span> <span class='ocrx_word' id='word_1_137' title='bbox 1348 1573 1401 1656; x_wconf 76' lang='lat'>¹¹).</span> <span class='ocrx_word' id='word_1_138' title='bbox 1426 1577 1563 1636; x_wconf 78' lang='lat' dir='ltr'>liixarum</span> <span class='ocrx_word' id='word_1_139' title='bbox 1587 1593 1660 1636; x_wconf 82' lang='lat' dir='ltr'>vcro</span> 
     </span>
     <span class='ocr_line' id='line_1_15' title="bbox 308 1659 1661 1742; baseline -0.003 -17"><span class='ocrx_word' id='word_1_140' title='bbox 308 1666 433 1742; x_wconf 83' lang='lat' dir='ltr'>sphaera</span> <span class='ocrx_word' id='word_1_141' title='bbox 459 1666 513 1733; x_wconf 80' lang='lat' dir='ltr'>etsi</span> <span class='ocrx_word' id='word_1_142' title='bbox 545 1671 575 1723; x_wconf 88' lang='lat' dir='ltr'>st</span> <span class='ocrx_word' id='word_1_143' title='bbox 603 1659 668 1740; x_wconf 85' lang='lat' dir='ltr'>ipsa</span> <span class='ocrx_word' id='word_1_144' title='bbox 694 1669 829 1723; x_wconf 83' lang='lat' dir='ltr'>mouetur</span> <span class='ocrx_word' id='word_1_145' title='bbox 859 1665 888 1720; x_wconf 93' lang='lat' dir='ltr'>in</span> <span class='ocrx_word' id='word_1_146' title='bbox 917 1661 1039 1722; x_wconf 87' lang='lat' dir='ltr'>eandem</span> <span class='ocrx_word' id='word_1_147' title='bbox 1070 1661 1188 1738; x_wconf 85' lang='lat' dir='ltr'>plagam</span> <span class='ocrx_word' id='word_1_148' title='bbox 1217 1679 1282 1722; x_wconf 89' lang='lat' dir='ltr'>cum</span> <span class='ocrx_word' id='word_1_149' title='bbox 1305 1663 1363 1722; x_wconf 88' lang='lat' dir='ltr'>illis</span> <span class='ocrx_word' id='word_1_150' title='bbox 1386 1672 1497 1741; x_wconf 89' lang='lat' dir='ltr'>septem</span> <span class='ocrx_word' id='word_1_151' title='bbox 1520 1672 1549 1724; x_wconf 85' lang='lat' dir='ltr'>ct</span> <span class='ocrx_word' id='word_1_152' title='bbox 1571 1680 1661 1740; x_wconf 90' lang='lat' dir='ltr'>super</span> 
     </span>
     <span class='ocr_line' id='line_1_16' title="bbox 307 1749 1661 1830; baseline -0.002 -20"><span class='ocrx_word' id='word_1_153' title='bbox 307 1752 412 1812; x_wconf 90' lang='lat' dir='ltr'>iisdem</span> <span class='ocrx_word' id='word_1_154' title='bbox 435 1750 565 1827; x_wconf 78' lang='lat' dir='ltr'>signiferi</span> <span class='ocrx_word' id='word_1_155' title='bbox 587 1750 678 1830; x_wconf 90' lang='lat' dir='ltr'>polis,</span> <span class='ocrx_word' id='word_1_156' title='bbox 708 1757 806 1810; x_wconf 92' lang='lat' dir='ltr'>motus</span> <span class='ocrx_word' id='word_1_157' title='bbox 829 1757 926 1809; x_wconf 87' lang='lat' dir='ltr'>tamen</span> <span class='ocrx_word' id='word_1_158' title='bbox 958 1750 1166 1811; x_wconf 89' lang='lat' dir='ltr'>inobservabili</span> <span class='ocrx_word' id='word_1_159' title='bbox 1194 1749 1366 1812; x_wconf 90' lang='lat' dir='ltr'>lentitudine</span> <span class='ocrx_word' id='word_1_160' title='bbox 1388 1761 1588 1828; x_wconf 86' lang='lat' dir='ltr'>astrorumque</span> <span class='ocrx_word' id='word_1_161' title='bbox 1611 1753 1661 1808; x_wconf 93' lang='lat' dir='ltr'>in-</span> 
     </span>
     <span class='ocr_line' id='line_1_17' title="bbox 261 1837 1662 1922; baseline -0.001 -24"><span class='ocrx_word' id='word_1_162' title='bbox 261 1915 263 1922; x_wconf 29' lang='lat'>,</span> <span class='ocrx_word' id='word_1_163' title='bbox 308 1838 482 1900; x_wconf 90' lang='lat' dir='ltr'>numerabili</span> <span class='ocrx_word' id='word_1_164' title='bbox 504 1838 690 1897; x_wconf 89' lang='lat' dir='ltr'>multitudine</span> <span class='ocrx_word' id='word_1_165' title='bbox 712 1838 869 1916; x_wconf 89' lang='lat' dir='ltr'>plurimum</span> <span class='ocrx_word' id='word_1_166' title='bbox 892 1837 987 1897; x_wconf 81' lang='lat' dir='ltr'>differt</span> <span class='ocrx_word' id='word_1_167' title='bbox 1009 1857 1027 1896; x_wconf 91' lang='lat' dir='ltr'>a</span> <span class='ocrx_word' id='word_1_168' title='bbox 1052 1839 1155 1897; x_wconf 88' lang='lat' dir='ltr'>ceteris</span> <span class='ocrx_word' id='word_1_169' title='bbox 1183 1846 1284 1915; x_wconf 89' lang='lat' dir='ltr'>estque</span> <span class='ocrx_word' id='word_1_170' title='bbox 1308 1837 1405 1898; x_wconf 89' lang='lat' dir='ltr'>aliena</span> <span class='ocrx_word' id='word_1_171' title='bbox 1427 1840 1465 1900; x_wconf 91' lang='lat' dir='ltr'>ab</span> <span class='ocrx_word' id='word_1_172' title='bbox 1488 1839 1544 1898; x_wconf 92' lang='lat' dir='ltr'>hoc</span> <span class='ocrx_word' id='word_1_173' title='bbox 1566 1855 1662 1915; x_wconf 89' lang='lat' dir='ltr'>nego-</span> 
     </span>
     <span class='ocr_line' id='line_1_18' title="bbox 310 1919 1659 2002; baseline -0.003 -15"><span class='ocrx_word' id='word_1_174' title='bbox 310 1931 361 2002; x_wconf 88' lang='lat' dir='ltr'>tio,</span> <span class='ocrx_word' id='word_1_175' title='bbox 385 1933 420 1984; x_wconf 88' lang='lat' dir='ltr'>ut</span> <span class='ocrx_word' id='word_1_176' title='bbox 440 1928 585 1988; x_wconf 90' lang='lat' dir='ltr'>neminem</span> <span class='ocrx_word' id='word_1_177' title='bbox 608 1925 736 1985; x_wconf 80' lang='lat' dir='ltr'>futuram</span> <span class='ocrx_word' id='word_1_178' title='bbox 758 1927 930 1999; x_wconf 86' lang='lat' dir='ltr'>existimem,</span> <span class='ocrx_word' id='word_1_179' title='bbox 955 1927 1006 2000; x_wconf 89' lang='lat' dir='ltr'>qui</span> <span class='ocrx_word' id='word_1_180' title='bbox 1021 1924 1102 1984; x_wconf 90' lang='lat' dir='ltr'>illum</span> <span class='ocrx_word' id='word_1_181' title='bbox 1117 1919 1256 1984; x_wconf 79' lang='lat' dir='ltr'>extimum</span> <span class='ocrx_word' id='word_1_182' title='bbox 1272 1925 1310 1985; x_wconf 91' lang='lat' dir='ltr'>ad</span> <span class='ocrx_word' id='word_1_183' title='bbox 1327 1929 1421 1986; x_wconf 87' lang='lat' dir='ltr'>visum</span> <span class='ocrx_word' id='word_1_184' title='bbox 1443 1929 1534 1987; x_wconf 89' lang='lat' dir='ltr'>totius</span> <span class='ocrx_word' id='word_1_185' title='bbox 1556 1925 1659 1984; x_wconf 91' lang='lat' dir='ltr'>mundi</span> 
     </span>
     <span class='ocr_line' id='line_1_19' title="bbox 308 2011 1660 2092; baseline -0.002 -17"><span class='ocrx_word' id='word_1_186' title='bbox 308 2016 450 2092; x_wconf 88' lang='lat' dir='ltr'>parictem</span> <span class='ocrx_word' id='word_1_187' title='bbox 482 2015 511 2071; x_wconf 93' lang='lat' dir='ltr'>in</span> <span class='ocrx_word' id='word_1_188' title='bbox 542 2013 618 2073; x_wconf 89' lang='lat' dir='ltr'>hanc</span> <span class='ocrx_word' id='word_1_189' title='bbox 648 2012 910 2073; x_wconf 83' lang='lat' dir='ltr'>considerationem</span> <span class='ocrx_word' id='word_1_190' title='bbox 939 2019 1016 2072; x_wconf 89' lang='lat' dir='ltr'>recte</span> <span class='ocrx_word' id='word_1_191' title='bbox 1039 2015 1127 2072; x_wconf 89' lang='lat' dir='ltr'>inseri</span> <span class='ocrx_word' id='word_1_192' title='bbox 1157 2012 1330 2074; x_wconf 82' lang='lat' dir='ltr'>contendere</span> <span class='ocrx_word' id='word_1_193' title='bbox 1361 2011 1486 2092; x_wconf 75' lang='lat' dir='ltr'>veiit1).</span> <span class='ocrx_word' id='word_1_194' title='bbox 1538 2013 1660 2072; x_wconf 84' lang='lat' dir='ltr'>Habeat</span> 
     </span>
     <span class='ocr_line' id='line_1_20' title="bbox 284 2099 1661 2180; baseline -0.001 -20"><span class='ocrx_word' id='word_1_195' title='bbox 284 2169 287 2175; x_wconf 26' lang='lat'><strong>¹</strong></span> <span class='ocrx_word' id='word_1_196' title='bbox 309 2105 399 2180; x_wconf 86' lang='lat' dir='ltr'>igitur</span> <span class='ocrx_word' id='word_1_197' title='bbox 421 2118 487 2162; x_wconf 90' lang='lat' dir='ltr'>sese</span> <span class='ocrx_word' id='word_1_198' title='bbox 508 2102 596 2161; x_wconf 90' lang='lat' dir='ltr'>etiam</span> <span class='ocrx_word' id='word_1_199' title='bbox 619 2100 693 2162; x_wconf 90' lang='lat' dir='ltr'>haec</span> <span class='ocrx_word' id='word_1_200' title='bbox 714 2100 838 2160; x_wconf 84' lang='lat' dir='ltr'>lixarum</span> <span class='ocrx_word' id='word_1_201' title='bbox 860 2099 984 2178; x_wconf 87' lang='lat' dir='ltr'>sphaera</span> <span class='ocrx_word' id='word_1_202' title='bbox 998 2102 1030 2158; x_wconf 92' lang='lat' dir='ltr'>in</span> <span class='ocrx_word' id='word_1_203' title='bbox 1050 2100 1149 2160; x_wconf 89' lang='lat' dir='ltr'>ordine</span> <span class='ocrx_word' id='word_1_204' title='bbox 1172 2101 1211 2160; x_wconf 88' lang='lat' dir='ltr'>ad</span> <span class='ocrx_word' id='word_1_205' title='bbox 1226 2108 1347 2176; x_wconf 75' lang='lat' dir='ltr'>ceteras,</span> <span class='ocrx_word' id='word_1_206' title='bbox 1371 2111 1403 2160; x_wconf 93' lang='lat' dir='ltr'>nt</span> <span class='ocrx_word' id='word_1_207' title='bbox 1426 2121 1457 2162; x_wconf 89' lang='lat' dir='ltr'>se</span> <span class='ocrx_word' id='word_1_208' title='bbox 1480 2102 1568 2162; x_wconf 88' lang='lat' dir='ltr'>hahet</span> <span class='ocrx_word' id='word_1_209' title='bbox 1590 2119 1661 2177; x_wconf 91' lang='lat' dir='ltr'>per·</span> 
     </span>
     <span class='ocr_line' id='line_1_21' title="bbox 309 2187 1662 2266; baseline -0.003 -16"><span class='ocrx_word' id='word_1_210' title='bbox 309 2190 416 2262; x_wconf 82' lang='lat' dir='ltr'>tectum</span> <span class='ocrx_word' id='word_1_211' title='bbox 439 2195 569 2266; x_wconf 82' lang='lat' dir='ltr'>systema</span> <span class='ocrx_word' id='word_1_212' title='bbox 590 2187 630 2248; x_wconf 90' lang='lat' dir='ltr'>ad</span> <span class='ocrx_word' id='word_1_213' title='bbox 651 2205 740 2248; x_wconf 86' lang='lat' dir='ltr'>sonos</span> <span class='ocrx_word' id='word_1_214' title='bbox 762 2204 850 2248; x_wconf 88' lang='lat' dir='ltr'>snos:</span> <span class='ocrx_word' id='word_1_215' title='bbox 878 2196 911 2246; x_wconf 91' lang='lat' dir='ltr'>ut</span> <span class='ocrx_word' id='word_1_216' title='bbox 932 2190 1008 2246; x_wconf 89' lang='lat' dir='ltr'>sicat</span> <span class='ocrx_word' id='word_1_217' title='bbox 1031 2187 1088 2246; x_wconf 92' lang='lat' dir='ltr'>hoc</span> <span class='ocrx_word' id='word_1_218' title='bbox 1110 2197 1153 2247; x_wconf 89' lang='lat' dir='ltr'>est</span> <span class='ocrx_word' id='word_1_219' title='bbox 1177 2187 1322 2264; x_wconf 88' lang='lat' dir='ltr'>quaedam</span> <span class='ocrx_word' id='word_1_220' title='bbox 1351 2191 1443 2249; x_wconf 90' lang='lat' dir='ltr'>veluti</span> <span class='ocrx_word' id='word_1_221' title='bbox 1466 2190 1662 2250; x_wconf 86' lang='lat' dir='ltr'>consonantia</span> 
     </span>
    </p>
   </div>
   <div class='ocr_carea' id='block_1_5' title="bbox 184 2275 1663 2352">
    <p class='ocr_par' dir='ltr' id='par_1_6' title="bbox 184 2275 1663 2352">
     <span class='ocr_line' id='line_1_22' title="bbox 184 2275 1663 2352; baseline -0.003 -14"><span class='ocrx_word' id='word_1_222' title='bbox 184 2287 190 2302; x_wconf 96' lang='grc'><strong><em>’</em></strong></span> <span class='ocrx_word' id='word_1_223' title='bbox 310 2277 567 2338; x_wconf 88' lang='lat' dir='ltr'>consonantiarum</span> <span class='ocrx_word' id='word_1_224' title='bbox 589 2283 618 2334; x_wconf 92' lang='lat' dir='ltr'>et</span> <span class='ocrx_word' id='word_1_225' title='bbox 640 2293 730 2334; x_wconf 86' lang='lat' dir='ltr'>sonas</span> <span class='ocrx_word' id='word_1_226' title='bbox 745 2292 892 2348; x_wconf 89' lang='lat' dir='ltr'>sonoram,</span> <span class='ocrx_word' id='word_1_227' title='bbox 916 2277 958 2334; x_wconf 89' lang='lat' dir='ltr'>sic</span> <span class='ocrx_word' id='word_1_228' title='bbox 972 2277 1060 2336; x_wconf 88' lang='lat' dir='ltr'>etiam</span> <span class='ocrx_word' id='word_1_229' title='bbox 1074 2275 1196 2334; x_wconf 88' lang='lat' dir='ltr'>lixarum</span> <span class='ocrx_word' id='word_1_230' title='bbox 1218 2275 1342 2351; x_wconf 86' lang='lat' dir='ltr'>sphaera</span> <span class='ocrx_word' id='word_1_231' title='bbox 1364 2279 1402 2335; x_wconf 90' lang='lat' dir='ltr'>sit</span> <span class='ocrx_word' id='word_1_232' title='bbox 1422 2276 1513 2336; x_wconf 86' lang='lat' dir='ltr'>veluti</span> <span class='ocrx_word' id='word_1_233' title='bbox 1535 2275 1663 2352; x_wconf 88' lang='lat' dir='ltr'>sphaera</span> 
     </span>
    </p>
   </div>
   <div class='ocr_carea' id='block_1_6' title="bbox 232 2363 1694 4891">
    <p class='ocr_par' dir='ltr' id='par_1_7' title="bbox 310 2363 1661 2530">
     <span class='ocr_line' id='line_1_23' title="bbox 310 2363 1661 2442; baseline -0.002 -17"><span class='ocrx_word' id='word_1_234' title='bbox 310 2363 515 2442; x_wconf 86' lang='lat' dir='ltr'>sphaerarum,</span> <span class='ocrx_word' id='word_1_235' title='bbox 546 2365 717 2441; x_wconf 86' lang='lat' dir='ltr'>praesertim</span> <span class='ocrx_word' id='word_1_236' title='bbox 747 2379 814 2423; x_wconf 92' lang='lat' dir='ltr'>cum</span> <span class='ocrx_word' id='word_1_237' title='bbox 842 2378 976 2440; x_wconf 89' lang='lat' dir='ltr'>apogaea</span> <span class='ocrx_word' id='word_1_238' title='bbox 1006 2363 1172 2438; x_wconf 87' lang='lat' dir='ltr'>limitesque</span> <span class='ocrx_word' id='word_1_239' title='bbox 1201 2371 1360 2424; x_wconf 86' lang='lat' dir='ltr'>ceterarum</span> <span class='ocrx_word' id='word_1_240' title='bbox 1390 2381 1490 2424; x_wconf 88' lang='lat' dir='ltr'>seeum</span> <span class='ocrx_word' id='word_1_241' title='bbox 1518 2371 1661 2440; x_wconf 74' lang='lat' dir='ltr'>pemetuo</span> 
     </span>
     <span class='ocr_line' id='line_1_24' title="bbox 310 2447 1500 2530; baseline -0.003 -17"><span class='ocrx_word' id='word_1_242' title='bbox 310 2451 507 2513; x_wconf 88' lang='lat' dir='ltr'>circumducat</span> <span class='ocrx_word' id='word_1_243' title='bbox 522 2447 576 2530; x_wconf 81' lang='lat'>¹¹).</span> <span class='ocrx_word' id='word_1_244' title='bbox 1213 2515 1216 2522; x_wconf 52' lang='grc'><strong>,</strong></span> <span class='ocrx_word' id='word_1_245' title='bbox 1241 2513 1245 2528; x_wconf 62' lang='grc'>,</span> <span class='ocrx_word' id='word_1_246' title='bbox 1493 2476 1500 2484; x_wconf 90' lang='grc'>-</span> 
     </span>
    </p>

    <p class='ocr_par' dir='ltr' id='par_1_8' title="bbox 232 2535 1694 4541">
     <span class='ocr_line' id='line_1_25' title="bbox 397 2535 1662 2614; baseline 0 -18"><span class='ocrx_word' id='word_1_247' title='bbox 397 2538 562 2597; x_wconf 87' lang='lat' dir='ltr'>Primarnm</span> <span class='ocrx_word' id='word_1_248' title='bbox 583 2539 673 2614; x_wconf 86' lang='lat' dir='ltr'>igitur</span> <span class='ocrx_word' id='word_1_249' title='bbox 695 2537 884 2614; x_wconf 88' lang='lat' dir='ltr'>sphaerarum</span> <span class='ocrx_word' id='word_1_250' title='bbox 907 2539 936 2593; x_wconf 86' lang='lat' dir='ltr'>in</span> <span class='ocrx_word' id='word_1_251' title='bbox 959 2535 1067 2595; x_wconf 89' lang='lat' dir='ltr'>mundo</span> <span class='ocrx_word' id='word_1_252' title='bbox 1095 2543 1207 2613; x_wconf 89' lang='lat' dir='ltr'>septem</span> <span class='ocrx_word' id='word_1_253' title='bbox 1231 2548 1316 2601; x_wconf 86' lang='lat' dir='ltr'>sant.</span> <span class='ocrx_word' id='word_1_254' title='bbox 1346 2538 1495 2598; x_wconf 87' lang='lat' dir='ltr'>stabilium</span> <span class='ocrx_word' id='word_1_255' title='bbox 1524 2553 1662 2597; x_wconf 87' lang='lat' dir='ltr'>sonorum</span> 
     </span>
     <span class='ocr_line' id='line_1_26' title="bbox 311 2613 1661 2704; baseline -0.001 -18"><span class='ocrx_word' id='word_1_256' title='bbox 311 2629 341 2694; x_wconf 91' lang='lat' dir='ltr'>in</span> <span class='ocrx_word' id='word_1_257' title='bbox 362 2626 491 2702; x_wconf 87' lang='lat' dir='ltr'>perlecto</span> <span class='ocrx_word' id='word_1_258' title='bbox 514 2613 675 2704; x_wconf 78' lang='lat' dir='ltr'>systemata</span> <span class='ocrx_word' id='word_1_259' title='bbox 695 2624 797 2684; x_wconf 90' lang='lat' dir='ltr'>itidem</span> <span class='ocrx_word' id='word_1_260' title='bbox 819 2629 930 2700; x_wconf 86' lang='lat' dir='ltr'>septem</span> <span class='ocrx_word' id='word_1_261' title='bbox 951 2640 1039 2700; x_wconf 85' lang='lat' dir='ltr'>supra</span> <span class='ocrx_word' id='word_1_262' title='bbox 1053 2632 1121 2684; x_wconf 91' lang='lat' dir='ltr'>sunt</span> <span class='ocrx_word' id='word_1_263' title='bbox 1134 2625 1259 2684; x_wconf 86' lang='lat' dir='ltr'>inventi:</span> <span class='ocrx_word' id='word_1_264' title='bbox 1287 2627 1318 2700; x_wconf 88' lang='lat' dir='ltr'>i)</span> <span class='ocrx_word' id='word_1_265' title='bbox 1342 2626 1661 2702; x_wconf 86' lang='lat' dir='ltr'>proslambanomenos,</span> 
     </span>
     <span class='ocr_line' id='line_1_27' title="bbox 312 2709 1661 2794; baseline -0.002 -20"><span class='ocrx_word' id='word_1_266' title='bbox 312 2711 343 2794; x_wconf 73' lang='lat'>2)</span> <span class='ocrx_word' id='word_1_267' title='bbox 359 2714 468 2792; x_wconf 89' lang='lat' dir='ltr'>hypate</span> <span class='ocrx_word' id='word_1_268' title='bbox 491 2712 631 2791; x_wconf 90' lang='lat' dir='ltr'>hypaton,</span> <span class='ocrx_word' id='word_1_269' title='bbox 656 2709 686 2788; x_wconf 87' lang='grc'>3)</span> <span class='ocrx_word' id='word_1_270' title='bbox 701 2710 809 2789; x_wconf 86' lang='lat' dir='ltr'>hypate</span> <span class='ocrx_word' id='word_1_271' title='bbox 831 2725 943 2784; x_wconf 89' lang='lat' dir='ltr'>meson,</span> <span class='ocrx_word' id='word_1_272' title='bbox 966 2712 1000 2785; x_wconf 88' lang='grc'>4)</span> <span class='ocrx_word' id='word_1_273' title='bbox 1023 2729 1111 2784; x_wconf 86' lang='lat' dir='ltr'>mese,</span> <span class='ocrx_word' id='word_1_274' title='bbox 1137 2710 1167 2792; x_wconf 81' lang='lat'>5)</span> <span class='ocrx_word' id='word_1_275' title='bbox 1189 2729 1350 2789; x_wconf 87' lang='lat' dir='ltr'>paramese,</span> <span class='ocrx_word' id='word_1_276' title='bbox 1376 2714 1407 2790; x_wconf 89' lang='grc'>6)</span> <span class='ocrx_word' id='word_1_277' title='bbox 1430 2721 1496 2773; x_wconf 90' lang='lat' dir='ltr'>note</span> <span class='ocrx_word' id='word_1_278' title='bbox 1520 2711 1661 2789; x_wconf 84' lang='lat' dir='ltr'>diezeug-</span> 
     </span>
     <span class='ocr_line' id='line_1_28' title="bbox 310 2796 1661 2879; baseline -0.001 -19"><span class='ocrx_word' id='word_1_279' title='bbox 310 2817 433 2875; x_wconf 85' lang='lat' dir='ltr'>menon,</span> <span class='ocrx_word' id='word_1_280' title='bbox 468 2796 499 2879; x_wconf 81' lang='lat' dir='ltr'>i)</span> <span class='ocrx_word' id='word_1_281' title='bbox 528 2808 595 2860; x_wconf 86' lang='lat' dir='ltr'>aete</span> <span class='ocrx_word' id='word_1_282' title='bbox 623 2799 853 2878; x_wconf 88' lang='lat' dir='ltr'>hyperbolaeon.</span> <span class='ocrx_word' id='word_1_283' title='bbox 905 2798 948 2856; x_wconf 75' lang='lat' dir='ltr'>lix</span> <span class='ocrx_word' id='word_1_284' title='bbox 980 2801 1016 2856; x_wconf 92' lang='lat' dir='ltr'>iis</span> <span class='ocrx_word' id='word_1_285' title='bbox 1045 2815 1115 2858; x_wconf 89' lang='lat' dir='ltr'>vero</span> <span class='ocrx_word' id='word_1_286' title='bbox 1145 2799 1262 2859; x_wconf 89' lang='lat' dir='ltr'>Saturni</span> <span class='ocrx_word' id='word_1_287' title='bbox 1288 2800 1413 2878; x_wconf 86' lang='lat' dir='ltr'>sphaera</span> <span class='ocrx_word' id='word_1_288' title='bbox 1443 2802 1661 2877; x_wconf 87' lang='lat' dir='ltr'>comparabitur</span> 
     </span>
     <span class='ocr_line' id='line_1_29' title="bbox 311 2885 1694 2966; baseline 0.001 -20"><span class='ocrx_word' id='word_1_289' title='bbox 311 2887 615 2966; x_wconf 80' lang='lat' dir='ltr'>proslambanomene.</span> <span class='ocrx_word' id='word_1_290' title='bbox 661 2887 736 2949; x_wconf 89' lang='lat' dir='ltr'>Nam</span> <span class='ocrx_word' id='word_1_291' title='bbox 767 2894 796 2946; x_wconf 90' lang='lat' dir='ltr'>et</span> <span class='ocrx_word' id='word_1_292' title='bbox 821 2885 872 2945; x_wconf 90' lang='lat' dir='ltr'>ille</span> <span class='ocrx_word' id='word_1_293' title='bbox 902 2885 1084 2962; x_wconf 88' lang='lat' dir='ltr'>planetarum</span> <span class='ocrx_word' id='word_1_294' title='bbox 1113 2887 1275 2946; x_wconf 88' lang='lat' dir='ltr'>altissimus</span> <span class='ocrx_word' id='word_1_295' title='bbox 1304 2896 1349 2948; x_wconf 87' lang='lat' dir='ltr'>est</span> <span class='ocrx_word' id='word_1_296' title='bbox 1371 2897 1400 2948; x_wconf 91' lang='lat' dir='ltr'>et</span> <span class='ocrx_word' id='word_1_297' title='bbox 1422 2888 1495 2948; x_wconf 90' lang='lat' dir='ltr'>haec</span> <span class='ocrx_word' id='word_1_298' title='bbox 1516 2887 1662 2947; x_wconf 86' lang='lat' dir='ltr'>altissima</span> <span class='ocrx_word' id='word_1_299' title='bbox 1688 2903 1694 2910; x_wconf 91' lang='lat'><em>·</em></span> 
     </span>
     <span class='ocr_line' id='line_1_30' title="bbox 313 2973 1661 3054; baseline -0.001 -19"><span class='ocrx_word' id='word_1_300' title='bbox 313 2973 530 3052; x_wconf 87' lang='lat' dir='ltr'>quodammodo</span> <span class='ocrx_word' id='word_1_301' title='bbox 553 2975 665 3046; x_wconf 91' lang='lat' dir='ltr'>dicitur,</span> <span class='ocrx_word' id='word_1_302' title='bbox 689 2975 805 3050; x_wconf 85' lang='lat' dir='ltr'>quippe,</span> <span class='ocrx_word' id='word_1_303' title='bbox 829 2979 863 3032; x_wconf 90' lang='lat' dir='ltr'>nt</span> <span class='ocrx_word' id='word_1_304' title='bbox 877 2973 1115 3048; x_wconf 84' lang='lat' dir='ltr'>indicatnomen,</span> <span class='ocrx_word' id='word_1_305' title='bbox 1139 2975 1227 3034; x_wconf 90' lang='lat' dir='ltr'>altior</span> <span class='ocrx_word' id='word_1_306' title='bbox 1240 2983 1371 3036; x_wconf 84' lang='lat' dir='ltr'>assumta</span> <span class='ocrx_word' id='word_1_307' title='bbox 1393 2992 1481 3054; x_wconf 89' lang='lat' dir='ltr'>supra</span> <span class='ocrx_word' id='word_1_308' title='bbox 1495 2991 1661 3051; x_wconf 86' lang='lat' dir='ltr'>supremam</span> 
     </span>
     <span class='ocr_line' id='line_1_31' title="bbox 313 3058 1661 3144; baseline -0.001 -20"><span class='ocrx_word' id='word_1_309' title='bbox 313 3079 514 3140; x_wconf 83' lang='lat' dir='ltr'>supremarum</span> <span class='ocrx_word' id='word_1_310' title='bbox 529 3058 599 3144; x_wconf 84' lang='lat'>¹¹¹).</span> <span class='ocrx_word' id='word_1_311' title='bbox 644 3061 759 3121; x_wconf 88' lang='lat' dir='ltr'>Deinde</span> <span class='ocrx_word' id='word_1_312' title='bbox 782 3060 900 3121; x_wconf 81' lang='lat' dir='ltr'>Saturni</span> <span class='ocrx_word' id='word_1_313' title='bbox 922 3060 1048 3137; x_wconf 87' lang='lat' dir='ltr'>sphaera</span> <span class='ocrx_word' id='word_1_314' title='bbox 1070 3062 1108 3121; x_wconf 94' lang='lat' dir='ltr'>ob</span> <span class='ocrx_word' id='word_1_315' title='bbox 1131 3062 1160 3121; x_wconf 91' lang='lat' dir='ltr'>id</span> <span class='ocrx_word' id='word_1_316' title='bbox 1191 3066 1301 3140; x_wconf 88' lang='lat' dir='ltr'>ipsum,</span> <span class='ocrx_word' id='word_1_317' title='bbox 1333 3065 1403 3138; x_wconf 89' lang='lat' dir='ltr'>quia</span> <span class='ocrx_word' id='word_1_318' title='bbox 1425 3063 1585 3134; x_wconf 88' lang='lat' dir='ltr'>altissima,</span> <span class='ocrx_word' id='word_1_319' title='bbox 1616 3070 1661 3122; x_wconf 90' lang='lat' dir='ltr'>est</span> 
     </span>
     <span class='ocr_line' id='line_1_32' title="bbox 238 3142 1662 3226; baseline -0.002 -15"><span class='ocrx_word' id='word_1_320' title='bbox 238 3142 242 3151; x_wconf 78' lang='grc'>’</span> <span class='ocrx_word' id='word_1_321' title='bbox 312 3153 400 3212; x_wconf 84' lang='lat' dir='ltr'>etiam</span> <span class='ocrx_word' id='word_1_322' title='bbox 425 3152 553 3210; x_wconf 88' lang='lat' dir='ltr'>omnium</span> <span class='ocrx_word' id='word_1_323' title='bbox 575 3149 703 3208; x_wconf 86' lang='lat' dir='ltr'>maxinra</span> <span class='ocrx_word' id='word_1_324' title='bbox 725 3165 776 3209; x_wconf 91' lang='lat' dir='ltr'>seu</span> <span class='ocrx_word' id='word_1_325' title='bbox 799 3143 987 3225; x_wconf 87' lang='lat' dir='ltr'>amplissima,</span> <span class='ocrx_word' id='word_1_326' title='bbox 1011 3147 1184 3209; x_wconf 87' lang='lat' dir='ltr'>diametrum</span> <span class='ocrx_word' id='word_1_327' title='bbox 1208 3150 1319 3210; x_wconf 86' lang='lat' dir='ltr'>hahens</span> <span class='ocrx_word' id='word_1_328' title='bbox 1343 3150 1551 3226; x_wconf 86' lang='lat' dir='ltr'>longissimam,</span> <span class='ocrx_word' id='word_1_329' title='bbox 1575 3165 1662 3226; x_wconf 90' lang='lat' dir='ltr'>pros-</span> 
     </span>
     <span class='ocr_line' id='line_1_33' title="bbox 312 3235 1662 3314; baseline -0.002 -16"><span class='ocrx_word' id='word_1_330' title='bbox 312 3237 552 3298; x_wconf 86' lang='lat' dir='ltr'>lambanomenos</span> <span class='ocrx_word' id='word_1_331' title='bbox 576 3253 655 3310; x_wconf 82' lang='lat' dir='ltr'>vero,</span> <span class='ocrx_word' id='word_1_332' title='bbox 679 3238 749 3312; x_wconf 88' lang='lat' dir='ltr'>qaia</span> <span class='ocrx_word' id='word_1_333' title='bbox 770 3237 976 3312; x_wconf 84' lang='lat' dir='ltr'>gravissimum</span> <span class='ocrx_word' id='word_1_334' title='bbox 998 3235 1058 3295; x_wconf 88' lang='lat' dir='ltr'>edit</span> <span class='ocrx_word' id='word_1_335' title='bbox 1079 3237 1215 3311; x_wconf 88' lang='lat' dir='ltr'>sonitum,</span> <span class='ocrx_word' id='word_1_336' title='bbox 1239 3237 1411 3314; x_wconf 88' lang='lat' dir='ltr'>longissima</span> <span class='ocrx_word' id='word_1_337' title='bbox 1432 3236 1565 3297; x_wconf 90' lang='lat' dir='ltr'>similiter</span> <span class='ocrx_word' id='word_1_338' title='bbox 1588 3253 1662 3297; x_wconf 92' lang='lat' dir='ltr'>con-</span> 
     </span>
     <span class='ocr_line' id='line_1_34' title="bbox 311 3322 1662 3404; baseline -0.004 -18"><span class='ocrx_word' id='word_1_339' title='bbox 311 3327 444 3394; x_wconf 80' lang='lat' dir='ltr'>stituitur</span> <span class='ocrx_word' id='word_1_340' title='bbox 465 3342 517 3402; x_wconf 90' lang='lat' dir='ltr'>per</span> <span class='ocrx_word' id='word_1_341' title='bbox 540 3323 714 3384; x_wconf 84' lang='lat' dir='ltr'>divisionem</span> <span class='ocrx_word' id='word_1_342' title='bbox 737 3322 936 3385; x_wconf 81' lang='lat' dir='ltr'>monochordi.</span> <span class='ocrx_word' id='word_1_343' title='bbox 981 3323 1173 3384; x_wconf 82' lang='lat' dir='ltr'>Econtrario</span> <span class='ocrx_word' id='word_1_344' title='bbox 1197 3325 1298 3386; x_wconf 85' lang='lat' dir='ltr'>Lunae</span> <span class='ocrx_word' id='word_1_345' title='bbox 1330 3325 1455 3404; x_wconf 74' lang='lat' dir='ltr'>misera</span> <span class='ocrx_word' id='word_1_346' title='bbox 1477 3333 1662 3400; x_wconf 85' lang='lat' dir='ltr'>comparatur</span> 
     </span>
     <span class='ocr_line' id='line_1_35' title="bbox 232 3409 1663 3491; baseline -0.003 -19"><span class='ocrx_word' id='word_1_347' title='bbox 232 3465 239 3472; x_wconf 95' lang='lat'>.</span> <span class='ocrx_word' id='word_1_348' title='bbox 311 3417 384 3475; x_wconf 87' lang='lat' dir='ltr'>&#39;cum</span> <span class='ocrx_word' id='word_1_349' title='bbox 405 3419 473 3474; x_wconf 84' lang='lat' dir='ltr'>uste</span> <span class='ocrx_word' id='word_1_350' title='bbox 495 3410 731 3491; x_wconf 90' lang='lat' dir='ltr'>hyperbolaeon:</span> <span class='ocrx_word' id='word_1_351' title='bbox 754 3429 822 3472; x_wconf 88' lang='lat' dir='ltr'>nam</span> <span class='ocrx_word' id='word_1_352' title='bbox 845 3418 874 3470; x_wconf 89' lang='lat' dir='ltr'>ct</span> <span class='ocrx_word' id='word_1_353' title='bbox 896 3409 981 3470; x_wconf 88' lang='lat' dir='ltr'>Luna</span> <span class='ocrx_word' id='word_1_354' title='bbox 1004 3413 1132 3470; x_wconf 86' lang='lat' dir='ltr'>omniurn</span> <span class='ocrx_word' id='word_1_355' title='bbox 1155 3411 1337 3488; x_wconf 90' lang='lat' dir='ltr'>planetarum</span> <span class='ocrx_word' id='word_1_356' title='bbox 1360 3411 1522 3473; x_wconf 88' lang='lat' dir='ltr'>humillima</span> <span class='ocrx_word' id='word_1_357' title='bbox 1544 3414 1663 3471; x_wconf 87' lang='lat' dir='ltr'>inveni-</span> 
     </span>
     <span class='ocr_line' id='line_1_36' title="bbox 314 3497 1662 3578; baseline -0.002 -16"><span class='ocrx_word' id='word_1_358' title='bbox 314 3512 362 3562; x_wconf 90' lang='lat' dir='ltr'>tur</span> <span class='ocrx_word' id='word_1_359' title='bbox 383 3509 414 3562; x_wconf 88' lang='lat' dir='ltr'>et</span> <span class='ocrx_word' id='word_1_360' title='bbox 434 3500 548 3575; x_wconf 87' lang='lat' dir='ltr'>ultima,</span> <span class='ocrx_word' id='word_1_361' title='bbox 571 3501 680 3576; x_wconf 81' lang='lat' dir='ltr'>quippe</span> <span class='ocrx_word' id='word_1_362' title='bbox 700 3517 765 3559; x_wconf 91' lang='lat' dir='ltr'>cum</span> <span class='ocrx_word' id='word_1_363' title='bbox 788 3507 886 3576; x_wconf 84' lang='lat' dir='ltr'>tegere</span> <span class='ocrx_word' id='word_1_364' title='bbox 907 3498 1003 3558; x_wconf 88' lang='lat' dir='ltr'>soleat</span> <span class='ocrx_word' id='word_1_365' title='bbox 1024 3515 1127 3558; x_wconf 87' lang='lat' dir='ltr'>omues</span> <span class='ocrx_word' id='word_1_366' title='bbox 1146 3499 1288 3577; x_wconf 88' lang='lat' dir='ltr'>planetas,</span> <span class='ocrx_word' id='word_1_367' title='bbox 1314 3509 1342 3559; x_wconf 90' lang='lat' dir='ltr'>ct</span> <span class='ocrx_word' id='word_1_368' title='bbox 1364 3502 1460 3578; x_wconf 91' lang='lat' dir='ltr'>ipsum</span> <span class='ocrx_word' id='word_1_369' title='bbox 1483 3497 1662 3560; x_wconf 67' lang='lat' dir='ltr'>uocabulum</span> 
     </span>
     <span class='ocr_line' id='line_1_37' title="bbox 314 3585 1661 3664; baseline -0.002 -15"><span class='ocrx_word' id='word_1_370' title='bbox 314 3595 381 3651; x_wconf 88' lang='lat' dir='ltr'>nete</span> <span class='ocrx_word' id='word_1_371' title='bbox 403 3589 537 3649; x_wconf 88' lang='lat' dir='ltr'>ultimum</span> <span class='ocrx_word' id='word_1_372' title='bbox 564 3593 650 3647; x_wconf 87' lang='lat' dir='ltr'>sonat</span> <span class='ocrx_word' id='word_1_373' title='bbox 677 3586 825 3662; x_wconf 62' lang='lat' dir='ltr'>memque</span> <span class='ocrx_word' id='word_1_374' title='bbox 848 3587 876 3643; x_wconf 91' lang='lat' dir='ltr'>in</span> <span class='ocrx_word' id='word_1_375' title='bbox 905 3587 1105 3660; x_wconf 83' lang='lat' dir='ltr'>inshamento,</span> <span class='ocrx_word' id='word_1_376' title='bbox 1128 3585 1165 3646; x_wconf 91' lang='lat' dir='ltr'>ad</span> <span class='ocrx_word' id='word_1_377' title='bbox 1188 3585 1372 3664; x_wconf 89' lang='lat' dir='ltr'>psallendum</span> <span class='ocrx_word' id='word_1_378' title='bbox 1394 3586 1551 3664; x_wconf 91' lang='lat' dir='ltr'>applicato,</span> <span class='ocrx_word' id='word_1_379' title='bbox 1574 3589 1661 3646; x_wconf 90' lang='lat' dir='ltr'>sitnm</span> 
     </span>
     <span class='ocr_line' id='line_1_38' title="bbox 315 3673 1659 3754; baseline -0.004 -16"><span class='ocrx_word' id='word_1_380' title='bbox 315 3678 413 3738; x_wconf 87' lang='lat' dir='ltr'>hahet.</span> <span class='ocrx_word' id='word_1_381' title='bbox 430 3675 610 3754; x_wconf 85' lang='lat' dir='ltr'>Insuperque</span> <span class='ocrx_word' id='word_1_382' title='bbox 626 3673 751 3751; x_wconf 86' lang='lat' dir='ltr'>sphaera</span> <span class='ocrx_word' id='word_1_383' title='bbox 767 3673 875 3747; x_wconf 84' lang='lat' dir='ltr'>Lunae,</span> <span class='ocrx_word' id='word_1_384' title='bbox 890 3675 959 3750; x_wconf 88' lang='lat' dir='ltr'>quia</span> <span class='ocrx_word' id='word_1_385' title='bbox 975 3673 1139 3734; x_wconf 89' lang='lat' dir='ltr'>humillima</span> <span class='ocrx_word' id='word_1_386' title='bbox 1153 3684 1198 3734; x_wconf 90' lang='lat' dir='ltr'>est</span> <span class='ocrx_word' id='word_1_387' title='bbox 1210 3683 1239 3733; x_wconf 92' lang='lat' dir='ltr'>et</span> <span class='ocrx_word' id='word_1_388' title='bbox 1254 3675 1470 3752; x_wconf 85' lang='lat' dir='ltr'>angustissima,</span> <span class='ocrx_word' id='word_1_389' title='bbox 1486 3675 1659 3734; x_wconf 88' lang='lat' dir='ltr'>diametrum</span> 
     </span>
     <span class='ocr_line' id='line_1_39' title="bbox 315 3762 1661 3836; baseline -0.002 -12"><span class='ocrx_word' id='word_1_390' title='bbox 315 3765 426 3824; x_wconf 86' lang='lat' dir='ltr'>habens</span> <span class='ocrx_word' id='word_1_391' title='bbox 449 3763 662 3836; x_wconf 85' lang='lat' dir='ltr'>brevissimam,</span> <span class='ocrx_word' id='word_1_392' title='bbox 686 3769 751 3822; x_wconf 87' lang='lat' dir='ltr'>nete</span> <span class='ocrx_word' id='word_1_393' title='bbox 774 3777 854 3835; x_wconf 83' lang='lat' dir='ltr'>vero,</span> <span class='ocrx_word' id='word_1_394' title='bbox 879 3777 945 3819; x_wconf 90' lang='lat' dir='ltr'>cnm</span> <span class='ocrx_word' id='word_1_395' title='bbox 965 3777 1071 3820; x_wconf 89' lang='lat' dir='ltr'>sonum</span> <span class='ocrx_word' id='word_1_396' title='bbox 1094 3762 1163 3822; x_wconf 87' lang='lat' dir='ltr'>edat</span> <span class='ocrx_word' id='word_1_397' title='bbox 1186 3764 1393 3836; x_wconf 89' lang='lat' dir='ltr'>acutissimum,</span> <span class='ocrx_word' id='word_1_398' title='bbox 1418 3763 1620 3822; x_wconf 85' lang='lat' dir='ltr'>brevissimam</span> <span class='ocrx_word' id='word_1_399' title='bbox 1643 3781 1661 3821; x_wconf 93' lang='lat' dir='ltr'>a</span> 
     </span>
     <span class='ocr_line' id='line_1_40' title="bbox 316 3847 1662 3928; baseline -0.003 -17"><span class='ocrx_word' id='word_1_400' title='bbox 316 3850 461 3912; x_wconf 85' lang='lat' dir='ltr'>divisione</span> <span class='ocrx_word' id='word_1_401' title='bbox 483 3847 673 3910; x_wconf 90' lang='lat' dir='ltr'>monochordi</span> <span class='ocrx_word' id='word_1_402' title='bbox 696 3851 871 3910; x_wconf 88' lang='lat' dir='ltr'>nanciscitur</span> <span class='ocrx_word' id='word_1_403' title='bbox 885 3848 1107 3926; x_wconf 82' lang='lat' dir='ltr'>longitudinem.</span> <span class='ocrx_word' id='word_1_404' title='bbox 1143 3849 1285 3909; x_wconf 81' lang='lat' dir='ltr'>Extremis</span> <span class='ocrx_word' id='word_1_405' title='bbox 1308 3854 1446 3910; x_wconf 87' lang='lat' dir='ltr'>connexis</span> <span class='ocrx_word' id='word_1_406' title='bbox 1470 3851 1544 3909; x_wconf 89' lang='lat' dir='ltr'>inter</span> <span class='ocrx_word' id='word_1_407' title='bbox 1557 3867 1589 3909; x_wconf 90' lang='lat' dir='ltr'>se</span> <span class='ocrx_word' id='word_1_408' title='bbox 1611 3867 1662 3928; x_wconf 87' lang='lat' dir='ltr'>per</span> 
     </span>
     <span class='ocr_line' id='line_1_41' title="bbox 315 3933 1662 4014; baseline -0.003 -14"><span class='ocrx_word' id='word_1_409' title='bbox 315 3937 554 4000; x_wconf 82' lang='lat' dir='ltr'>assimilationem</span> <span class='ocrx_word' id='word_1_410' title='bbox 569 3939 709 4012; x_wconf 84' lang='lat' dir='ltr'>sequitur,</span> <span class='ocrx_word' id='word_1_411' title='bbox 726 3933 960 3996; x_wconf 89' lang='lat' dir='ltr'>intermediornm</span> <span class='ocrx_word' id='word_1_412' title='bbox 976 3935 1157 4014; x_wconf 86' lang='lat' dir='ltr'>planetarum</span> <span class='ocrx_word' id='word_1_413' title='bbox 1177 3937 1318 4014; x_wconf 86' lang='lat' dir='ltr'>sphaeras</span> <span class='ocrx_word' id='word_1_414' title='bbox 1334 3936 1371 3997; x_wconf 91' lang='lat' dir='ltr'>ad</span> <span class='ocrx_word' id='word_1_415' title='bbox 1386 3937 1574 3997; x_wconf 88' lang='lat' dir='ltr'>intermedias</span> <span class='ocrx_word' id='word_1_416' title='bbox 1590 3953 1662 3996; x_wconf 92' lang='lat' dir='ltr'>con·</span> 
     </span>
     <span class='ocr_line' id='line_1_42' title="bbox 316 4017 1661 4104; baseline -0.001 -18"><span class='ocrx_word' id='word_1_417' title='bbox 316 4043 419 4104; x_wconf 87' lang='lat' dir='ltr'>gruere</span> <span class='ocrx_word' id='word_1_418' title='bbox 435 4025 573 4086; x_wconf 86' lang='lat' dir='ltr'>chordas:</span> <span class='ocrx_word' id='word_1_419' title='bbox 596 4017 693 4098; x_wconf 78' lang='lat' dir='ltr'>Jovls,</span> <span class='ocrx_word' id='word_1_420' title='bbox 718 4022 843 4084; x_wconf 81' lang='lat' dir='ltr'>Satamo</span> <span class='ocrx_word' id='word_1_421' title='bbox 858 4025 982 4099; x_wconf 84' lang='lat' dir='ltr'>proximi</span> <span class='ocrx_word' id='word_1_422' title='bbox 998 4021 1088 4104; x_wconf 86' lang='lat' dir='ltr'>(quod</span> <span class='ocrx_word' id='word_1_423' title='bbox 1112 4022 1231 4084; x_wconf 88' lang='lat' dir='ltr'>tarditas</span> <span class='ocrx_word' id='word_1_424' title='bbox 1254 4025 1363 4084; x_wconf 89' lang='lat' dir='ltr'>reditus</span> <span class='ocrx_word' id='word_1_425' title='bbox 1386 4027 1519 4101; x_wconf 86' lang='lat' dir='ltr'>proxima</span> <span class='ocrx_word' id='word_1_426' title='bbox 1535 4025 1661 4084; x_wconf 87' lang='lat' dir='ltr'>Satunro</span> 
     </span>
     <span class='ocr_line' id='line_1_43' title="bbox 316 4109 1662 4194; baseline -0.002 -20"><span class='ocrx_word' id='word_1_427' title='bbox 316 4110 446 4194; x_wconf 84' lang='lat' dir='ltr'>indicat),</span> <span class='ocrx_word' id='word_1_428' title='bbox 470 4112 508 4172; x_wconf 88' lang='lat' dir='ltr'>ad</span> <span class='ocrx_word' id='word_1_429' title='bbox 523 4112 654 4190; x_wconf 88' lang='lat' dir='ltr'>hypaten</span> <span class='ocrx_word' id='word_1_430' title='bbox 670 4110 809 4189; x_wconf 78' lang='lat' dir='ltr'>hypaton,</span> <span class='ocrx_word' id='word_1_431' title='bbox 833 4109 946 4184; x_wconf 85' lang='lat' dir='ltr'>Martis,</span> <span class='ocrx_word' id='word_1_432' title='bbox 969 4112 1019 4188; x_wconf 88' lang='lat' dir='ltr'>qui</span> <span class='ocrx_word' id='word_1_433' title='bbox 1034 4110 1143 4172; x_wconf 86' lang='lat' dir='ltr'>Jovem</span> <span class='ocrx_word' id='word_1_434' title='bbox 1158 4119 1255 4189; x_wconf 89' lang='lat' dir='ltr'>tegere</span> <span class='ocrx_word' id='word_1_435' title='bbox 1272 4120 1301 4172; x_wconf 88' lang='lat' dir='ltr'>et</span> <span class='ocrx_word' id='word_1_436' title='bbox 1316 4116 1358 4172; x_wconf 90' lang='lat' dir='ltr'>sic</span> <span class='ocrx_word' id='word_1_437' title='bbox 1380 4129 1415 4174; x_wconf 91' lang='lat' dir='ltr'>eo</span> <span class='ocrx_word' id='word_1_438' title='bbox 1439 4112 1576 4171; x_wconf 87' lang='lat' dir='ltr'>humilior</span> <span class='ocrx_word' id='word_1_439' title='bbox 1598 4129 1662 4172; x_wconf 80' lang='lat' dir='ltr'>esse</span> 
     </span>
     <span class='ocr_line' id='line_1_44' title="bbox 294 4198 1664 4280; baseline -0.004 -17"><span class='ocrx_word' id='word_1_440' title='bbox 294 4199 550 4280; x_wconf 79' lang='lat' dir='ltr'>deprehenditur,</span> <span class='ocrx_word' id='word_1_441' title='bbox 574 4198 613 4260; x_wconf 91' lang='lat' dir='ltr'>ad</span> <span class='ocrx_word' id='word_1_442' title='bbox 637 4198 767 4276; x_wconf 88' lang='lat' dir='ltr'>hypaten</span> <span class='ocrx_word' id='word_1_443' title='bbox 789 4215 899 4270; x_wconf 88' lang='lat' dir='ltr'>meson,</span> <span class='ocrx_word' id='word_1_444' title='bbox 922 4198 1000 4258; x_wconf 87' lang='lat' dir='ltr'>Solis</span> <span class='ocrx_word' id='word_1_445' title='bbox 1022 4198 1061 4258; x_wconf 93' lang='lat' dir='ltr'>ad</span> <span class='ocrx_word' id='word_1_446' title='bbox 1083 4217 1190 4272; x_wconf 90' lang='lat' dir='ltr'>mesen,</span> <span class='ocrx_word' id='word_1_447' title='bbox 1214 4200 1347 4272; x_wconf 89' lang='lat' dir='ltr'>Veneris,</span> <span class='ocrx_word' id='word_1_448' title='bbox 1371 4215 1448 4276; x_wconf 85' lang='lat' dir='ltr'>quae</span> <span class='ocrx_word' id='word_1_449' title='bbox 1469 4199 1569 4259; x_wconf 86' lang='lat' dir='ltr'>Solem</span> <span class='ocrx_word' id='word_1_450' title='bbox 1592 4215 1664 4275; x_wconf 90' lang='lat' dir='ltr'>pro·</span> 
     </span>
     <span class='ocr_line' id='line_1_45' title="bbox 316 4284 1663 4364; baseline -0.003 -14"><span class='ocrx_word' id='word_1_451' title='bbox 316 4291 393 4350; x_wconf 90' lang='lat' dir='ltr'>xime</span> <span class='ocrx_word' id='word_1_452' title='bbox 407 4285 549 4364; x_wconf 76' lang='lat' dir='ltr'>sequitur,</span> <span class='ocrx_word' id='word_1_453' title='bbox 562 4284 676 4348; x_wconf 88' lang='lat' dir='ltr'>indicto</span> <span class='ocrx_word' id='word_1_454' title='bbox 692 4285 767 4346; x_wconf 90' lang='lat' dir='ltr'>tardi</span> <span class='ocrx_word' id='word_1_455' title='bbox 781 4287 827 4346; x_wconf 90' lang='lat' dir='ltr'>sui</span> <span class='ocrx_word' id='word_1_456' title='bbox 842 4285 952 4346; x_wconf 89' lang='lat' dir='ltr'>reditus</span> <span class='ocrx_word' id='word_1_457' title='bbox 966 4287 995 4344; x_wconf 89' lang='lat' dir='ltr'>ia</span> <span class='ocrx_word' id='word_1_458' title='bbox 1011 4285 1152 4364; x_wconf 89' lang='lat' dir='ltr'>epicyolo,</span> <span class='ocrx_word' id='word_1_459' title='bbox 1167 4287 1205 4346; x_wconf 86' lang='lat' dir='ltr'>ad</span> <span class='ocrx_word' id='word_1_460' title='bbox 1219 4303 1399 4364; x_wconf 86' lang='lat' dir='ltr'>paramesen,</span> <span class='ocrx_word' id='word_1_461' title='bbox 1415 4287 1562 4362; x_wconf 83' lang='lat' dir='ltr'>Mercurii,</span> <span class='ocrx_word' id='word_1_462' title='bbox 1578 4288 1663 4363; x_wconf 89' lang='lat' dir='ltr'>cujus</span> 
     </span>
     <span class='ocr_line' id='line_1_46' title="bbox 316 4373 1663 4453; baseline -0.001 -19"><span class='ocrx_word' id='word_1_463' title='bbox 316 4375 426 4437; x_wconf 91' lang='lat' dir='ltr'>reditus</span> <span class='ocrx_word' id='word_1_464' title='bbox 447 4379 477 4434; x_wconf 90' lang='lat' dir='ltr'>in</span> <span class='ocrx_word' id='word_1_465' title='bbox 500 4376 631 4453; x_wconf 89' lang='lat' dir='ltr'>epicyclo</span> <span class='ocrx_word' id='word_1_466' title='bbox 657 4373 787 4435; x_wconf 73' lang='lat' dir='ltr'>relodor</span> <span class='ocrx_word' id='word_1_467' title='bbox 809 4385 903 4449; x_wconf 85' lang='lat' dir='ltr'>eoque</span> <span class='ocrx_word' id='word_1_468' title='bbox 933 4373 1058 4451; x_wconf 88' lang='lat' dir='ltr'>sphaera</span> <span class='ocrx_word' id='word_1_469' title='bbox 1084 4373 1220 4434; x_wconf 91' lang='lat' dir='ltr'>humilior</span> <span class='ocrx_word' id='word_1_470' title='bbox 1249 4382 1280 4435; x_wconf 90' lang='lat' dir='ltr'>ct</span> <span class='ocrx_word' id='word_1_471' title='bbox 1307 4373 1483 4451; x_wconf 87' lang='lat' dir='ltr'>penultima,</span> <span class='ocrx_word' id='word_1_472' title='bbox 1515 4374 1553 4434; x_wconf 88' lang='lat' dir='ltr'>ad</span> <span class='ocrx_word' id='word_1_473' title='bbox 1575 4385 1663 4434; x_wconf 89' lang='lat' dir='ltr'>neten</span> 
     </span>
     <span class='ocr_line' id='line_1_47' title="bbox 318 4460 555 4541; baseline 0.008 -21"><span class='ocrx_word' id='word_1_474' title='bbox 318 4460 555 4541; x_wconf 73' lang='lat' dir='ltr'>diazeugmenon.</span> 
     </span>
    </p>

    <p class='ocr_par' dir='ltr' id='par_1_9' title="bbox 318 4547 1672 4891">
     <span class='ocr_line' id='line_1_48' title="bbox 405 4547 1662 4628; baseline 0 -20"><span class='ocrx_word' id='word_1_475' title='bbox 405 4549 597 4610; x_wconf 81' lang='lat' dir='ltr'>Confirmatnr</span> <span class='ocrx_word' id='word_1_476' title='bbox 626 4549 699 4610; x_wconf 86' lang='lat' dir='ltr'>liaeo</span> <span class='ocrx_word' id='word_1_477' title='bbox 726 4549 904 4608; x_wconf 84' lang='lat' dir='ltr'>consociatio</span> <span class='ocrx_word' id='word_1_478' title='bbox 938 4549 1025 4607; x_wconf 77' lang='lat' dir='ltr'>ethm</span> <span class='ocrx_word' id='word_1_479' title='bbox 1047 4565 1099 4628; x_wconf 84' lang='lat' dir='ltr'>per</span> <span class='ocrx_word' id='word_1_480' title='bbox 1121 4551 1192 4624; x_wconf 88' lang='lat' dir='ltr'>ista,</span> <span class='ocrx_word' id='word_1_481' title='bbox 1224 4549 1304 4627; x_wconf 88' lang='lat' dir='ltr'>qnod</span> <span class='ocrx_word' id='word_1_482' title='bbox 1334 4550 1363 4606; x_wconf 89' lang='lat' dir='ltr'>in</span> <span class='ocrx_word' id='word_1_483' title='bbox 1391 4547 1517 4626; x_wconf 87' lang='lat' dir='ltr'>planetis</span> <span class='ocrx_word' id='word_1_484' title='bbox 1544 4548 1662 4624; x_wconf 88' lang='lat' dir='ltr'>quidem</span> 
     </span>
     <span class='ocr_line' id='line_1_49' title="bbox 318 4634 1672 4714; baseline 0 -18"><span class='ocrx_word' id='word_1_485' title='bbox 318 4634 388 4708; x_wconf 80' lang='lat' dir='ltr'>Sol,</span> <span class='ocrx_word' id='word_1_486' title='bbox 410 4637 439 4692; x_wconf 86' lang='lat' dir='ltr'>in</span> <span class='ocrx_word' id='word_1_487' title='bbox 462 4637 577 4697; x_wconf 88' lang='lat' dir='ltr'>chordis</span> <span class='ocrx_word' id='word_1_488' title='bbox 600 4654 669 4700; x_wconf 85' lang='lat' dir='ltr'>vero</span> <span class='ocrx_word' id='word_1_489' title='bbox 692 4653 768 4713; x_wconf 83' lang='lat' dir='ltr'>quae</span> <span class='ocrx_word' id='word_1_490' title='bbox 790 4653 869 4696; x_wconf 87' lang='lat' dir='ltr'>mesa</span> <span class='ocrx_word' id='word_1_491' title='bbox 892 4635 1010 4712; x_wconf 85' lang='lat' dir='ltr'>dieitur,</span> <span class='ocrx_word' id='word_1_492' title='bbox 1041 4636 1114 4696; x_wconf 86' lang='lat' dir='ltr'>duas</span> <span class='ocrx_word' id='word_1_493' title='bbox 1137 4645 1258 4714; x_wconf 82' lang='lat' dir='ltr'>ntsrqne</span> <span class='ocrx_word' id='word_1_494' title='bbox 1281 4636 1390 4696; x_wconf 88' lang='lat' dir='ltr'>classes</span> <span class='ocrx_word' id='word_1_495' title='bbox 1420 4635 1602 4711; x_wconf 87' lang='lat' dir='ltr'>distinguunt</span> <span class='ocrx_word' id='word_1_496' title='bbox 1624 4636 1672 4696; x_wconf 83' lang='lat' dir='ltr'>ab·</span> 
     </span>
     <span class='ocr_line' id='line_1_50' title="bbox 319 4723 1663 4801; baseline 0.001 -21"><span class='ocrx_word' id='word_1_497' title='bbox 319 4723 454 4793; x_wconf 84' lang='lat' dir='ltr'>invioem,</span> <span class='ocrx_word' id='word_1_498' title='bbox 477 4725 526 4784; x_wconf 88' lang='lat' dir='ltr'>illc</span> <span class='ocrx_word' id='word_1_499' title='bbox 549 4727 731 4801; x_wconf 85' lang='lat' dir='ltr'>superiorum</span> <span class='ocrx_word' id='word_1_500' title='bbox 749 4723 901 4798; x_wconf 89' lang='lat' dir='ltr'>dictorum,</span> <span class='ocrx_word' id='word_1_501' title='bbox 925 4731 997 4800; x_wconf 82' lang='lat' dir='ltr'>puta</span> <span class='ocrx_word' id='word_1_502' title='bbox 1012 4723 1138 4798; x_wconf 83' lang='lat' dir='ltr'>Saturni,</span> <span class='ocrx_word' id='word_1_503' title='bbox 1162 4723 1258 4796; x_wconf 83' lang='lat' dir='ltr'>Jovis,</span> <span class='ocrx_word' id='word_1_504' title='bbox 1280 4724 1393 4798; x_wconf 80' lang='lat' dir='ltr'>Martis,</span> <span class='ocrx_word' id='word_1_505' title='bbox 1417 4723 1454 4783; x_wconf 85' lang='lat' dir='ltr'>ab</span> <span class='ocrx_word' id='word_1_506' title='bbox 1477 4723 1663 4782; x_wconf 89' lang='lat' dir='ltr'>interioribus</span> 
     </span>
     <span class='ocr_line' id='line_1_51' title="bbox 319 4809 1663 4891; baseline 0.001 -23"><span class='ocrx_word' id='word_1_507' title='bbox 319 4809 451 4888; x_wconf 79' lang='lat' dir='ltr'>Venere,</span> <span class='ocrx_word' id='word_1_508' title='bbox 474 4809 633 4890; x_wconf 78' lang='lat' dir='ltr'>Mercurio,</span> <span class='ocrx_word' id='word_1_509' title='bbox 656 4812 757 4890; x_wconf 73' lang='lat' dir='ltr'>banoy</span> <span class='ocrx_word' id='word_1_510' title='bbox 780 4813 837 4872; x_wconf 87' lang='lat' dir='ltr'>ista</span> <span class='ocrx_word' id='word_1_511' title='bbox 859 4811 1000 4874; x_wconf 72' lang='lat' dir='ltr'>asama</span> <span class='ocrx_word' id='word_1_512' title='bbox 1022 4811 1162 4891; x_wconf 87' lang='lat' dir='ltr'>hypaton,</span> <span class='ocrx_word' id='word_1_513' title='bbox 1186 4811 1266 4889; x_wconf 87' lang='lat' dir='ltr'>quod</span> <span class='ocrx_word' id='word_1_514' title='bbox 1288 4818 1375 4874; x_wconf 83' lang='lat' dir='ltr'>sonat</span> <span class='ocrx_word' id='word_1_515' title='bbox 1395 4827 1609 4890; x_wconf 77' lang='lat' dir='ltr'>supremarum,</span> <span class='ocrx_word' id='word_1_516' title='bbox 1633 4819 1663 4870; x_wconf 85' lang='lat' dir='ltr'>et</span> 
     </span>
    </p>
   </div>
   <div class='ocr_carea' id='block_1_7' title="bbox 0 0 1884 5528">
    <p class='ocr_par' dir='ltr' id='par_1_10' title="bbox 0 0 1884 5528">
     <span class='ocr_line' id='line_1_52' title="bbox 0 0 1884 5528; baseline 0 0"><span class='ocrx_word' id='word_1_517' title='bbox 0 0 1884 5528; x_wconf 95' lang='lat' dir='ltr'> </span> 
     </span>
    </p>
   </div>
  </div>
 </body>
</html>
