3676 5536
995 13 1005 42 h

284 263 346 352 216
694 255 736 310 De
754 251 1018 323 configurationibus
1035 251 1213 314 Harmonicis.

283 453 402 498 sensum
425 449 623 510 communem,
653 431 815 494 conduntur
837 448 887 508 par
908 432 1143 506 memoratiranr,
1173 441 1343 510 promuntur
1372 449 1422 510 pet
1443 434 1632 494 reminiscen-

285 528 365 596 tiam,
389 521 584 600 dijudicantur
606 539 657 598 pcr
679 521 856 596 superiorem
879 517 1064 598 facultatem,
1088 536 1163 595 qnae
1180 522 1277 580 omnia
1291 524 1351 598 pati
1373 520 1542 596 intelligitur
1556 538 1634 596 aqua

278 623 344 671 'non
367 612 397 668 iu
419 628 460 684 sc,
485 609 536 670 sed
560 612 588 667 in
611 609 672 670 suis
694 607 850 686 speciebus
872 605 1034 682 sensilibus¹
1052 613 1080 666 et
1097 604 1283 668 mentalibus.
1327 608 1411 668 Tunc
1433 610 1522 685 igitur
1545 611 1634 670 etiarn

286 716 422 777 suprema
444 697 568 757 incultas
591 697 715 767 animae,
739 711 814 768 qnae
837 709 958 754 numero
982 695 1305 771 comparationibusque
1328 703 1458 773 praeest,
1482 713 1522 754 ex
1541 695 1632 773 pluri·

286 789 341 846 bus
363 803 458 845 rernm
480 784 634 864 speciebus
657 780 832 852 mentalibus
863 797 950 840 unam
974 781 1029 838 sibi
1053 781 1176 840 fabricat
1203 782 1366 859 tormatque
1388 783 1556 863 relationis,
1586 799 1632 844 or·

287 873 363 934 diuis
387 872 672 951 comparationisque
695 870 821 948 speeiem
845 885 949 945 resque
971 867 1041 930 ioris
1057 869 1214 930 existentes
1233 871 1307 932 inter
1321 888 1354 930 se
1370 875 1535 948 comparatr
1559 885 1633 945 quae

288 960 477 1039 comparatio,
501 968 534 1018 ut
555 975 643 1035 supra
665 955 844 1030 dicebamus,
869 973 933 1014 cunr
951 955 1002 1016 liat
1023 971 1110 1030 super
1122 955 1209 1016 rebus
1225 958 1296 1036 ipsis
1310 959 1372 1018 sine
1388 959 1516 1036 ipsarum
1537 975 1633 1035 opera,

289 1051 386 1130 passio
410 1045 554 1129 quaedam
578 1045 691 1103 illarum
715 1061 778 1102 esse
801 1042 987 1119 intelligitur,
1021 1042 1125 1102 ecdem
1146 1043 1206 1102 tere
1227 1061 1339 1124 sensu,
1354 1051 1388 1118 ut
1410 1063 1483 1113 curn,
1499 1044 1535 1104 de
1557 1047 1635 1104 tama

288 1137 418 1198 absentis
441 1143 469 1195 et
492 1135 584 1211 ignari
608 1133 636 1190 in
657 1129 769 1208 judicio
792 1131 896 1208 agitur,
920 1137 971 1190 ant
993 1145 1058 1188 curn
1082 1131 1107 1190 is
1131 1133 1234 1207 capitis
1257 1131 1411 1193 damnatur
1434 1139 1492 1200 aut,
1508 1135 1634 1210 proscri-

287 1223 374 1284 bitur.
420 1219 545 1282 Omnino
568 1219 686 1296 qnidem
709 1226 779 1296 apta
802 1217 977 1292 similitudo;
1008 1217 1184 1278 sicutenim
1211 1219 1280 1278 talis
1302 1219 1425 1296 aliquis,
1458 1221 1512 1279 etsi
1535 1236 1634 1280 secum

200 1377 204 1390 ,
289 1314 351 1390 ipse
373 1317 443 1370 tnnc
465 1309 534 1368 tnali
558 1306 629 1368 rtittil
654 1308 742 1366 sentit
764 1303 898 1380 adeoque
921 1302 993 1362 nihil
1013 1306 1136 1381 patitur,
1159 1311 1256 1366 tamen
1279 1305 1368 1384 paulo
1391 1315 1458 1387 post
1480 1309 1539 1366 rint
1562 1308 1635 1384 ejus,

289 1397 368 1474 qnod
392 1414 495 1474 passus
519 1405 571 1466 est,
595 1412 625 1453 re
649 1397 713 1471 ipsa
735 1395 894 1472 experitur,
923 1394 965 1450 sie
986 1393 1074 1450 etiam
1099 1408 1186 1454 rocas
1209 1400 1238 1452 et
1261 1394 1400 1471 quiequid
1422 1395 1540 1453 omnino
1564 1411 1634 1454 con·

288 1486 441 1566 marotiae
464 1485 609 1562 particeps
632 1489 692 1554 cst,
726 1487 812 1558 prout
834 1481 923 1538 menti
947 1477 1109 1556 placuerint
1130 1481 1160 1538 in
1183 1478 1240 1540 boc
1262 1484 1493 1558 comparatione,
1523 1498 1575 1560 pro
1598 1499 1634 1542 ao

290 1573 336 1632 rel
359 1573 565 1631 continuantur
588 1570 634 1628 rel
658 1574 850 1646 respuuntur,
880 1566 1045 1642 fugiuntur,
1068 1566 1272 1643 prohibentur,
1303 1568 1511 1647 impediuntur,
1535 1571 1636 1646 oppri-

289 1667 418 1730 muntur,
455 1657 600 1718 finiuntur.
647 1655 709 1715 Etsi
736 1655 798 1730 jam
829 1670 886 1713 non
915 1653 971 1712 hoc
1002 1663 1125 1714 eventus
1154 1659 1517 1738 consequentis-respectu
1545 1672 1635 1718 sonos
1670 1729 1672 1733 Α

290 1749 351 1824 pati
374 1744 456 1815 dico,
489 1744 539 1804 sed
563 1745 614 1803 illo
637 1747 701 1820 ipso
724 1751 806 1815 actu,
836 1758 902 1801 cnm
927 1758 978 1802 cos
1006 1741 1080 1802 inter
1102 1759 1134 1802 se
1165 1760 1246 1802 mens
1274 1751 1437 1822 comparat,
1469 1742 1636 1820 sufficitque

290 1832 480 1914 perlongum
504 1831 674 1908 explicasse,
698 1847 757 1907 qno
780 1829 1000 1906 significationis
1023 1829 1205 1904 aequivocae
1227 1831 1319 1908 gradu
1342 1832 1416 1890 hane
1438 1833 1634 1910 comparatio-

289 1937 357 1980 nem
379 1916 534 1980 mentalem
557 1922 721 1996 passionem
746 1916 849 1976 dicnm.
894 1914 951 1976 Sed
976 1932 1035 1974 non
1057 1915 1163 1978 trustra
1185 1917 1315 1994 prolixus
1337 1918 1378 1978 lui
1401 1920 1429 1975 in
1451 1918 1636 1978 recensendis

291 2007 337 2066 bis
359 2005 636 2084 significationibus3
666 2005 722 2064 bac
743 2006 820 2064 enim
842 2021 931 2082 opera
953 2003 1019 2078 jarn
1041 2021 1127 2080 porro
1156 2003 1285 2065 mirifice·
1303 2005 1508 2082 adjuvabimur
1530 2007 1564 2064 in'
1582 2024 1637 2082 ag·-

291 2093 440 2154 noscendn
464 2101 567 2153 natura
589 2092 737 2170 facultatis
760 2092 956 2164 harmonicae,
979 2097 1009 2150 et
1032 2090 1205 2168 complenda
1229 2091 1285 2152 hac
1305 2101 1386 2171 parte
1409 2093 1637 2171 metaphysicac,

295 2199 383 2260 quam
408 2178 579 2258 Aristoteles
602 2197 638 2240 ne
660 2197 712 2258 per
735 2190 920 2238 trattsannnm
945 2177 1063 2254 quidem
1088 2177 1231 2256 adspexit.

296 2333 299 2340 ,
380 2269 424 2328 Ex
447 2268 525 2326 bisce
549 2283 665 2345 qnoque
689 2267 797 2326 clarum
820 2264 927 2340 estid,
950 2263 1029 2342 quod
1052 2273 1139 2326 antea
1162 2265 1381 2346 contendebam,
1405 2283 1446 2328 sc.
1466 2266 1545 2342 quod
1567 2266 1637 2328 har·

292 2349 409 2416 maniae
431 2354 546 2416 sensilis
569 2357 663 2430 ipsum
685 2353 814 2428 formala,
838 2371 897 2430 qua
912 2353 1074 2432 harmonia,
1096 2352 1210 2413 accidat
1223 2353 1387 2428 sensilibus,
1410 2356 1546 2414 nimirum
1562 2356 1638 2414 sicut

294 2443 404 2506 eisdem
426 2441 540 2515 accidit,
565 2440 656 2500 videri
679 2450 708 2500 et
731 2439 824 2500 audiri
847 2447 901 2502 ctc.
946 2439 1032 2500 Patet
1054 2440 1191 2514 secundo,
1216 2441 1382 2504 harmonias
1405 2443 1493 2501 etiam
1515 2443 1638 2503 sensiles

294 2547 358 2593 assa
381 2547 441 2600 res,
472 2529 510 2589 ab
533 2529 604 2605 ipsis
627 2525 842 2604 quodammodo
863 2527 951 2587 rebus
974 2527 1151 2600 abstractas,
1182 2537 1325 2604 qnatenus
1346 2530 1481 2588 nimirum
1511 2548 1570 2589 non
1593 2547 1637 2590 res

294 2615 377 2696 ipsae
405 2617 492 2688 ioris,
523 2613 576 2675 scd
605 2613 717 2692 species
745 2632 838 2674 rerum
866 2632 919 2691 per
945 2631 1048 2674 sensus
1078 2617 1224 2692 ingressae
1253 2615 1348 2692 adque
1370 2616 1495 2675 tribunal
1525 2619 1639 2676 animae

295 2703 454 2783 perductae
476 2703 549 2760 bunt
571 2703 685 2761 termini
708 2704 902 2778 proportionis
931 2700 1118 2762 harmonicae
1140 2704 1265 2765 sensilia.
1311 2704 1349 2762 At
1377 2705 1507 2766 vicissim
1530 2702 1638 2782 duplici

295 2793 412 2852 nomine
434 2789 604 2850 harmonias
627 2791 700 2848 istac
725 2805 791 2847 sntrt
804 2789 900 2849 adhuc
914 2795 1080 2849 concretae:
1104 2791 1237 2868 primurn,
1261 2791 1329 2866 qnia
1343 2792 1456 2867 species
1471 2791 1528 2850 baa
1545 2809 1640 2852 rerum

296 2875 445 2954 sensilium
467 2893 526 2937 non
548 2884 617 2935 snnt
639 2893 737 2936 aarum
761 2875 857 2934 nudae
879 2877 1051 2952 quantitatis
1075 2879 1196 2954 species,
1216 2867 1270 2940 'sed
1287 2879 1373 2938 etiam
1397 2879 1549 2954 qualitatis
1572 2896 1638 2938 sen-

297 2966 374 3040 silis,
403 2971 475 3040 puta
498 2966 563 3024 soni
586 2963 730 3024 telluris
754 2967 826 3036 etc.;
856 2961 959 3022 deinde
982 2966 1052 3040 quia
1073 2967 1185 3042 species
1207 2967 1262 3026 hae
1286 2965 1421 3039 sensiles,
1453 2975 1484 3024 ut
1506 2966 1638 3040 sensiles,

297 3055 376 3112 intus
399 3053 427 3109 in
450 3053 548 3131 animo
571 3055 721 3126 nequeunt
742 3047 884 3119 relucere,
915 3051 970 3108 nisi
992 3068 1039 3111 res
1062 3053 1159 3128 ipsae,
1190 3070 1309 3130 quarum
1333 3051 1403 3114 illae
1425 3061 1493 3114 sunt
1514 3055 1639 3131 speeies,

297 3141 367 3200 ioris
389 3141 477 3198 etiam
498 3146 617 3216 praesto
647 3138 705 3196 sint
727 3143 756 3196 at
779 3145 924 3199 maneant.
968 3137 1043 3197 Nam
1072 3141 1108 3198 iis
1136 3140 1241 3201 ablatis
1272 3139 1408 3200 desinunt
1430 3143 1517 3200 ctiam
1541 3159 1639 3202 carum

298 3228 411 3306 species
434 3228 525 3300 intus,
555 3224 629 3284 lucis
652 3221 783 3299 quidem,
814 3222 910 3298 quoad
933 3241 1016 3283 suam
1037 3225 1226 3286 sedictionem
1234 3272 1245 3306 ,
1273 3229 1389 3304 inipso
1413 3230 1547 3310 instanti,
1577 3231 1640 3288 soni

299 3332 369 3374 vero
391 3316 467 3375 intra
489 3313 693 3373 brevissimum
716 3313 854 3386 temporis
878 3320 1063 3382 tnomentum.
1109 3313 1292 3390 Relinquitur
1314 3315 1432 3390 quidem
1453 3319 1483 3374 in
1506 3318 1641 3376 censoriis

298 3401 508 3462 instrumentis,
527 3400 628 3478 aliqua
650 3399 816 3474 impressio,
847 3408 880 3458 ut
902 3400 929 3456 in
954 3399 1038 3458 oculo
1061 3399 1150 3474 lucis,
1180 3401 1229 3462 sed
1258 3401 1310 3461 illa
1331 3418 1389 3461 non
1412 3411 1458 3463 est
1487 3406 1528 3462 rei
1551 3405 1641 3464 lorin-

299 3505 393 3562 sccas,
418 3487 470 3548 sed
492 3490 590 3565 potius
614 3488 721 3564 speciei
745 3485 857 3562 species
880 3485 972 3546 altera
995 3489 1023 3544 in
1046 3504 1150 3565 corpus
1172 3490 1323 3566 impressa,
1343 3489 1405 3565 jam
1428 3493 1555 3568 corporis
1577 3509 1642 3550 mo-

299 3584 454 3637 mentanea
476 3575 604 3651 qualitas
620 3575 706 3648 iacta,
731 3571 976 3649 quemadmodum
999 3575 1028 3631 in
1051 3577 1154 3651 opticis
1177 3575 1286 3636 colores
1310 3577 1373 3636 lucc
1388 3577 1466 3641 Solis
1488 3595 1562 3654 pura
1585 3581 1639 3638 mi·

299 3666 434 3740 nimeqne
457 3662 587 3723 colorata
609 3664 669 3720 vim
692 3661 859 3738 concipiunt
880 3659 1011 3720 radiandi
1035 3677 1268 3739 quaquaversum
1283 3664 1421 3725 colorata.
1466 3665 1502 3724 Et
1517 3665 1575 3726 hoc
1589 3674 1640 3740 est,

300 3748 379 3828 quod
403 3751 486 3808 initio
510 3767 626 3825 quoqne
650 3747 906 3820 contendebamus,
930 3756 1062 3824 oportere
1077 3755 1213 3812 terminos
1226 3751 1347 3812 sensiles
1369 3759 1399 3812 et
1413 3753 1540 3812 animam
1556 3771 1641 3830 prae·

300 3846 397 3900 sentes
426 3855 490 3898 esse
513 3843 687 3911 mutuasque
711 3834 824 3894 tradere
847 3852 966 3912 operas,
1000 3836 1130 3915 agendo,
1161 3839 1312 3914 patiendo,
1343 3839 1409 3900 illos
1435 3857 1476 3900 sc.
1497 3839 1641 3902 movendo

300 3943 420 4000 sensus,
444 3920 520 3984 hanc
543 3921 757 4001 comparando,
782 3933 813 3980 ut
836 3924 1028 3992 constituatur
1050 3927 1176 3984 essentia
1198 3927 1364 3986 barmoniae
1386 3927 1510 3988 sensilis.

388 4010 518 4090 Objiciat
539 4011 587 4069 hic
610 4011 728 4086 aliquis,
763 4013 887 4068 animam
911 4009 1106 4087 comparando
1130 4029 1185 4071 non
1209 4014 1319 4086 secere,
1347 4013 1401 4075 scd
1422 4017 1552 4074 invenire
1576 4015 1640 4076 ido-

301 4101 641 4178 neamproportionem,
674 4095 753 4172 qnod
776 4104 910 4172 quartum
932 4115 1020 4174 snpra
1043 4106 1072 4158 et
1095 4098 1213 4159 formale
1244 4103 1415 4177 principium
1441 4109 1503 4162 erat
1523 4102 1642 4164 harmo-

301 4189 367 4246 niae
394 4186 525 4247 ssnsilis:
563 4202 632 4261 crgo
663 4184 756 4244 videri
785 4187 911 4244 animam
940 4185 1044 4246 abesse
1074 4202 1160 4262 posse
1198 4196 1281 4248 satra
1310 4191 1437 4250 essentia
1462 4189 1641 4252 harmoniae.

302 4273 476 4350 Respondeo
499 4291 550 4352 por
571 4273 779 4336 inversionem:
802 4271 937 4332 idoneam
959 4275 1089 4332 invenire
1119 4275 1323 4336 insensilibus
1345 4278 1576 4354 proportionem,
1600 4285 1643 4338 est

304 4357 438 4434 detegere
460 4370 489 4424 et
510 4377 670 4438 agnoscere
692 4365 722 4420 et
743 4361 772 4418 in
795 4358 888 4420 lucem
907 4353 1036 4437 'prolerre
1058 4361 1276 4423 similitudinem
1299 4363 1376 4421 illius
1396 4367 1591 4440 proportionis
1613 4369 1641 4424 in

306 4444 460 4506 sensilibus
483 4463 549 4508 curn
570 4457 649 4509 carto
671 4445 771 4522 aliquo
795 4448 961 4508 verissimae
984 4447 1153 4508 barmoniae
1174 4449 1348 4527 archetypo,
1372 4453 1423 4527 qni
1445 4453 1525 4511 intus
1547 4460 1592 4514 est
1613 4454 1641 4512 in

305 4533 413 4594 anima.
462 4531 711 4608 Quemadmodum
740 4536 828 4614 igitur
857 4533 1050 4595 Athenienses
1083 4537 1217 4597 virtutem
1227 4555 1234 4614 j
1248 4537 1378 4613 aliquam
1412 4539 1584 4600 invenerunt
1612 4541 1639 4597 in

306 4619 432 4692 Zenone,
455 4617 591 4697 Prytsnai
621 4624 666 4682 sui
695 4622 745 4698 jus
771 4625 801 4680 in
824 4639 859 4682 eo
887 4638 945 4681 non
969 4624 1154 4697 invenerunt,
1186 4625 1237 4684 sed
1267 4624 1308 4684 illi
1332 4624 1533 4700 contulertnrt,
1564 4625 1641 4704 qnod

307 4707 387 4776 Zeno
408 4707 471 4768 sine
496 4705 719 4786 Atheniensibus
742 4712 880 4788 consequi
901 4725 958 4770 non
981 4717 1112 4788 poterat,
1133 4711 1177 4772 sic
1198 4713 1295 4778 anima
1318 4710 1448 4778 ordinem
1469 4721 1499 4774 ct
1520 4732 1641 4793 proper·
