3676 5536
310 413 370 473 tta
833 409 874 464 De
891 405 1114 480 Propontionihus

392 585 433 645 X.
457 587 491 645 In
513 603 619 664 genere
642 603 726 646 omna
749 595 873 648 octavae
895 595 1023 665 systema
1046 596 1090 648 est
1111 589 1330 662 inconcinnum,
1359 588 1441 663 quod
1462 605 1521 647 non
1547 589 1650 648 statuit

307 683 337 735 et
357 673 537 734 diatessaron
560 683 590 734 et
612 674 749 750 diapente
771 675 853 734 inira

392 761 505 822 Harum
526 762 623 839 legum
645 762 834 838 pleraeque
821 779 884 837 Jam
906 762 990 822 nobie
1013 763 1171 821 servient
1162 779 1191 818 ιιι
1210 760 1412 870 constituendo
1428 771 1547 822 humero
1564 767 1650 820 tono·

306 867 370 911 rum
393 867 456 926 cap.
480 852 622 926 sequenti.

391 935 491 997 Sexto.
514 937 661 1012 Quantum
674 937 779 995 attinet
801 935 839 994 ad
850 935 922 994 illud
934 936 1094 995 membrum
1107 935 1290 1010 definitionis,
1313 934 1434 994 durana
1447 937 1559 993 curam
1578 952 1652 1008 pet·-

306 1025 449 1098 volt'tonr,
477 1015 871 1103 incommemoratos,
900 1027 953 1082 etsi
975 1040 1033 1081 non
1057 1031 1100 1083 est
1123 1025 1247 1082 instituti
1269 1025 1326 1082 mei
1349 1025 1377 1079 in
1401 1039 1488 1098 opere
1510 1026 1583 1094 isto,
1616 1022 1651 1080 de

305 1114 447 1170 mensuris
478 1111 641 1188 disputare,
670 1109 744 1169 illud
766 1118 861 1170 tamen
891 1113 919 1168 in
942 1119 1048 1186 genere
1070 1126 1188 1184 moneo,
1220 1111 1406 1186 praecipuam
1431 1127 1495 1169 esse
1525 1113 1651 1186 gratiam

307 1207 408 1258 cantus
430 1199 588 1257 harmonici
610 1202 639 1256 in
663 1201 887 1258 mensuratione.
931 1198 1006 1258 Nam
1029 1197 1108 1274 quod
1130 1200 1349 1274 generalissima
1373 1197 1565 1269 dictumest,
1588 1197 1652 1256 dia-

305 1302 381 1345 tono
409 1289 522 1344 curam
544 1295 616 1360 etc,
645 1285 674 1343 id
703 1288 732 1344 in
762 1288 859 1361 specie
890 1287 932 1343 sic
963 1303 1062 1345 verum
1091 1285 1222 1346 efficitur.
1268 1285 1397 1343 Primum
1422 1283 1518 1342 Latini
1541 1285 1653 1345 habent

310 1373 526 1432 distinctionem
548 1377 622 1432 inter
644 1372 762 1449 longam
785 1383 814 1431 et
837 1373 954 1433 brevem
978 1365 1137 1449 syllabam,
1167 1390 1289 1449 quarum
1320 1372 1395 1431 hanc
1417 1374 1527 1430 iaciunt
1556 1375 1654 1449 unius,

306 1460 388 1518 illam
398 1459 521 1520 duorum
532 1468 694 1536 temporum
707 1467 736 1519 et
746 1461 788 1518 sic
800 1459 991 1535 longitudinis
1002 1459 1118 1536 duplae.
1155 1459 1329 1540 Quanquam
1345 1454 1433 1519 hodie
1449 1457 1508 1518 non
1525 1461 1656 1519 carmina

307 1554 428 1621 tantum,
451 1548 502 1607 sed
525 1550 613 1607 etiam
635 1563 722 1623 prosa
745 1549 870 1620 canitur,
901 1550 929 1606 in
953 1565 1012 1624 qna
1034 1549 1156 1623 penitus*
1171 1548 1328 1624 negligitur
1354 1547 1392 1606 ab
1417 1547 1563 1607 hodiernis
1585 1565 1653 1605 mu-

307 1637 375 1695 sicis
398 1634 545 1694 distinctio
568 1633 672 1711 longae
695 1645 725 1695 et
747 1636 843 1694 breuis
865 1634 1006 1712 syllabae,
1030 1637 1182 1712 respicitur
1205 1653 1273 1695 vero
1291 1637 1373 1694 unice
1398 1635 1561 1694 admoram
1583 1651 1655 1710 pro-

305 1721 472 1796 nunciandi,
496 1726 629 1798 quamvis
653 1725 677 1780 ie
693 1721 780 1782 hodic
803 1725 841 1780 sit
854 1732 1015 1798 corruptus,
1039 1723 1221 1799 habeturque
1237 1739 1289 1798 pro
1305 1723 1394 1798 longa
1409 1721 1534 1798 syllaba,
1558 1739 1655 1798 quae-

309 1825 423 1886 cunque
446 1826 512 1869 cum
534 1817 656 1870 accentu
679 1821 766 1868 acuto
789 1809 864 1868 solet
885 1811 1013 1886 proferri,
1037 1829 1089 1886 pro
1113 1812 1203 1882 brevi,
1227 1827 1303 1886 quae
1327 1827 1391 1868 cum
1414 1811 1506 1884 gravi.

392 1896 427 1954 Id
449 1914 507 1957 non
530 1900 635 1964 mirum
657 1901 686 1954 in
709 1895 801 1955 latina
823 1897 930 1972 lingua
946 1897 1021 1970 fieri,
1053 1915 1117 1956 cum
1141 1897 1218 1956 idem
1241 1900 1328 1956 etiam
1349 1897 1454 1956 Graeci
1477 1897 1654 1972 posteriores

308 1985 443 2056 iecerint,
474 1987 525 2061 qui
555 1988 688 2060 quamvls
716 2002 787 2061 pure
817 1987 991 2063 scriberent,
1019 1987 1284 2060 pronuntiationem
1312 1992 1409 2044 tamen
1432 1987 1654 2043 vitiosissimam

308 2081 375 2129 sunt
397 2073 597 2147 amplexi,·in
621 2089 680 2150 qua
711 2072 790 2130 nulla
813 2071 937 2148 amplius
966 2081 1010 2131 cet
1033 2073 1179 2132 distinctio
1208 2082 1344 2154 accentus
1368 2074 1446 2131 acuti
1478 2071 1655 2148 asyllabae

230 2219 235 2236 ‚
307 2157 497 2234 longitudine,
520 2162 619 2236 gravis
642 2179 660 2216 a
683 2161 833 2230 brevitate,
858 2177 922 2217 curn
938 2167 1032 2217 tamen
1056 2159 1093 2218 ad
1110 2161 1166 2218 hoc
1188 2163 1278 2236 signis
1294 2160 1450 2228 abundent,
1475 2175 1551 2234 quae
1574 2155 1653 2234 apud

309 2245 430 2305 Latinos
460 2263 518 2306 non
549 2257 610 2306 tam
637 2249 779 2323 frequenti
811 2249 837 2303 in
869 2263 922 2304 usu
947 2248 1096 2307 habentur.
1141 2247 1245 2323 Itaque
1268 2245 1373 2306 Graeci
1403 2248 1546 2322 abrogato
1574 2263 1655 2304 more

307 2333 454 2416 pangendi
485 2351 600 2394 carmen
629 2335 667 2393 ab
691 2333 803 2409 aliquot
828 2335 890 2408 jam
913 2335 1019 2393 seculis
1042 2347 1199 2410 coeperunt
1222 2336 1346 2394 scrihere
1375 2351 1494 2406 versus,
1517 2332 1654 2410 politicos

309 2420 419 2494 dictos,
452 2423 610 2498 inquibus
641 2421 774 2498 syllabae
796 2431 998 2495 numerantur,
1028 2439 1084 2479 non
1108 2429 1324 2495 merrsurantur,
1358 2421 1529 2496 obtinetque
1554 2437 1655 2480 versus

310 2508 508 2584 penultimam,
532 2525 588 2568 non
612 2526 687 2583 quae
711 2515 814 2567 natura
837 2509 925 2584 longa
948 2517 1000 2582 est,
1024 2509 1074 2568 sed
1097 2525 1173 2584 quae
1197 2517 1317 2569 accentu
1334 2512 1449 2568 acuitur
1470 2511 1500 2565 in
1522 2522 1655 2567 sermone

310 2596 455 2672 populari.
500 2595 535 2654 Id
559 2597 645 2672 igitur
668 2598 815 2653 imitantur
839 2597 926 2654 etiam
956 2599 985 2653 in
1008 2595 1100 2655 latina
1122 2601 1211 2655 trostri
1234 2599 1353 2669 musici,
1380 2595 1454 2655 adeo
1478 2603 1510 2656 ut
1533 2613 1570 2655 ne
1590 2611 1656 2654 car-

308 2684 435 2742 minibus
464 2683 598 2758 quidem‚
630 2684 684 2739 nisi
714 2699 828 2757 perraro
858 2699 912 2742 nec
941 2699 1071 2759 unquam
1098 2686 1127 2741 in
1158 2691 1266 2757 totum,
1299 2691 1437 2761 parcant3
1467 2680 1564 2742 eredo
1585 2683 1657 2758 quia

312 2768 402 2844 dupla
424 2779 453 2828 et
477 2769 563 2845 tripla
584 2778 726 2846 perpetua
749 2773 776 2826 in
801 2759 932 2828 cantibus
956 2780 1001 2829 est
1023 2778 1152 2849 recepta,
1176 2788 1240 2829 cum
1264 2773 1392 2830 carmina
1414 2771 1467 2830 has
1490 2769 1656 2846 inaequall-

311 2864 355 2915 ter
376 2859 531 2930 misceant,
562 2867 684 2932 excepto
707 2857 891 2928 hexametro,
923 2857 1000 2934 quod
1024 2861 1209 2935 proportione
1232 2859 1452 2934 aequalitatis
1444 2875 1473 2916 ιι
1496 2857 1655 2936 spondaeo,

311 2951 341 3002 et
363 2942 451 3020 dupla
473 2944 628 3020 perfecta'
622 2963 650 3000 ιι
675 2943 791 3022 dactylo
815 2952 981 3004 contentum
1005 2955 1056 3004 est
1101 2945 1247 3006 Brevem'
1240 2949 1328 3022 rgitur
1344 2946 1488 3022 syllabam
1510 2954 1563 3004 aut
1580 2959 1656 3020 quae

312 3039 357 3090 eet
379 3029 445 3090 loco
469 3032 574 3104 brevis,
598 3031 715 3108 quando
739 3031 904 3135 spondaeus
928 3033 1057 3091 succedit
1075 3033 1186 3108 jambo,
1211 3041 1240 3091 et
1257 3037 1286 3091 in
1302 3051 1408 3109 genere
1422 3031 1568 3112 syllabam
1591 3048 1656 3092 cum

311 3125 432 3176 accentu
455 3117 654 3194 proferendam
676 3121 781 3177 musici
803 3117 944 3220 deputant
967 3119 1083 3179 dissono
1106 3137 1194 3192 sono,
1218 3124 1242 3179 si
1265 3138 1317 3196 par
1339 3119 1419 3178 illum
1442 3119 1656 3180 sit'traneeun-

312 3204 380 3262 dum
388 3205 535 3282 ,longam
558 3208 692 3266 consonis
715 3206 762 3265 vel
785 3209 893 3294 quasi.

397 3290 532 3353 Secundo
554 3293 672 3368 linguae
689 3293 822 3366 Jonicae,
846 3310 922 3369 quae
946 3293 1080 3397 rhythmo
1102 3299 1231 3366 utuntur,
1255 3293 1425 3368 Teutonico,
1453 3292 1578 3368 Gallica,
1600 3293 1657 3352 Hl-

312 3381 442 3457 spanica,
466 3379 569 3440 Italica
591 3382 701 3440 iaciunt
723 3381 770 3440 vel
793 3381 924 3439 ultimam
949 3382 1082 3440 carminis
1105 3391 1220 3441 acutam
1245 3381 1292 3440 vel
1306 3381 1497 3458 penultimam
1520 3381 1657 3442 efferunt-

313 3483 391 3542 que
393 3473 486 3525 totum
509 3485 624 3527 versum
647 3471 704 3541 sic,
736 3485 771 3526 ac
793 3470 818 3527 si
841 3467 958 3528 alternis
989 3476 1076 3526 acuta
1098 3469 1145 3528 vel
1167 3470 1266 3544 gravis
1294 3469 1410 3548 syllaba
1435 3487 1467 3529 se
1489 3478 1591 3529 mutuo
1613 3471 1659 3526 in-

313 3562 480 3628 sequantur,
505 3558 566 3614 sive
590 3556 722 3630 sithoc,
746 3559 828 3614 utin
852 3565 921 3632 apto
945 3555 1105 3615 Teutonico
1128 3574 1231 3628 versu,
1256 3559 1319 3616 slve
1342 3574 1399 3615 non
1422 3560 1477 3630 sit,
1503 3556 1658 3617 uterehro

312 3643 341 3698 ln
365 3639 498 3700 Gallicis.
544 3643 647 3718 ltaque
672 3645 765 3702 omnis
788 3643 902 3701 illorum
926 3625 1027 3702 ver'sus
1057 3656 1109 3702 ant
1135 3643 1281 3704 trochaico
1309 3644 1411 3702 similis
1435 3653 1479 3704 est
1510 3653 1562 3703 aut
1579 3643 1659 3719 jam·

312 3729 418 3825 hicn·
411 3730 505 3805 risque
527 3741 577 3787 aut
601 3732 785 3790 acatalectis:
819 3728 968 3812 Cdpbplltt
989 3727 1136 3814 §pinnatis
1163 3731 1265 3794 unbh
1268 3745 1296 3793 tt
1250 3727 1421 3794 b.b·tbtn
1466 3723 1540 3794 aaa
1571 3727 1659 3794 hillen

312 3810 368 3878 tait
390 3815 442 3878 ban
463 3813 557 3899 5221qu
559 3830 592 3878 ut
616 3813 713 3899 (lietb,
744 3828 796 3876 aot
818 3819 980 3878 catalenus.
1010 3815 1078 3899 ilci
1105 3815 1155 3900 stab
1184 3815 1657 3896 autumniautumni

311 3903 359 3966 btt
381 3899 608 3986 ffllotqtttltttttt
653 3906 746 3981 Igitur
767 3909 869 3964 musici
893 3909 973 3966 sonis
995 3906 1121 3966 dissonis
1143 3905 1242 3966 sedem
1265 3906 1448 3990 inmanibus
1471 3906 1518 3967 vel
1541 3923 1656 3982 correp

313 3991 351 4048 tis
374 3990 496 4066 syllabis
510 3987 624 4066 figunt,
650 3995 784 4051 consonis
809 3995 836 4050 in
860 3997 962 4055 acutis.

400 4077 508 4151 Tertio,
532 4095 597 4137 cum
620 4097 689 4138 vero
713 4085 815 4138 cantus
837 4084 943 4157 accipit
965 4098 1130 4140 mensuram
1158 4097 1216 4138 non
1239 4099 1257 4138 a
1279 4079 1401 4158 syllabis
1424 4087 1534 4154 textus,
1566 4081 1619 4140 sed
1640 4097 1657 4138 a

312 4170 406 4238 tactu,
437 4169 556 4240 atque
549 4183 574 4223 rs
597 4167 643 4225 vel
668 4165 785 4244 duplant
814 4171 945 4243 seqnitur
967 4171 1182 4246 proportionem
1214 4168 1260 4227 vel
1285 4168 1413 4245 triplam,
1444 4171 1567 4245 primam
1591 4167 1656 4244 qni·

314 4249 380 4307 dem
402 4258 497 4311 tactus
519 4259 631 4328 partem
654 4257 804 4326 consonis,
834 4259 1021 4330 posteriorem
1045 4259 1123 4314 etin
1147 4254 1233 4332 tripla
1261 4256 1435 4330 breviorem,
1465 4273 1543 4331 qnae
1564 4258 1656 4332 signi-

221 4361 225 4374 ·
313 4335 415 4394 ficator
431 4337 594 4398 elevatione
609 4357 722 4412 manus,
750 4341 873 4402 dissonis
890 4345 1073 4420 potissimum
1088 4351 1236 4402 reservant
1251 4350 1422 4419 caveantque,
1439 4351 1582 4419 quantum
1597 4342 1656 4401 heri

313 4429 418 4496 potest,
442 4441 477 4484 ne
498 4428 622 4503 primurn
646 4435 740 4486 tactus
763 4431 910 4488 tenuissem
934 4429 993 4489 alia
1015 4437 1137 4506 occupet
1160 4429 1283 4508 syllaba,
1308 4447 1395 4506 quam
1414 4440 1551 4506 quaeest
1572 4437 1656 4490 acute

312 4507 499 4585 proterenda,
522 4531 596 4575 neve
620 4513 725 4591 longae
748 4515 864 4576 binae
858 4535 886 4574 ιιι
909 4518 1040 4576 ultimam
1063 4525 1158 4578 tactus
1180 4525 1291 4594 partem
1314 4518 1505 4577 intrudantur.
