3676 5536
520 465 523 472 Ι
621 383 798 440 Harmonicis.
834 385 975 444 Liberlll.
995 389 1082 460 Caput
1093 389 1142 445 XI.
1491 395 1551 458 tii

208 575 271 634 nus,
295 566 326 620 ut
349 565 455 624 octava
475 570 593 641 propter
615 563 797 630 identitatem
818 574 1083 645 repraesentaretur
1105 587 1124 629 a
1144 571 1238 648 prima
1260 569 1377 648 syllaba
1392 568 1459 649 Bc,
1481 565 1553 645 qnid

208 664 318 724 quaeso
338 647 486 794 {desideret
508 651 537 708 in
559 650 651 712 literis
674 672 708 728 a,
741 653 776 733 d,
805 672 836 729 c,
867 655 904 729 d,
927 675 957 731 c,
977 655 1010 735 f,
1037 675 1075 735 p,
1100 655 1161 733 J'am
1184 656 1292 717 dudum
1314 661 1344 717 in
1368 657 1445 717 hunc
1467 673 1553 716 usum

207 738 330 812 receptis

294 821 367 882 Cum
395 825 483 900 igitur
511 824 568 886 hoc
590 827 677 888 modo
705 829 765 889 sint
792 835 880 890 ustae
907 847 959 890 sex
981 828 1114 907 syllabae
1145 831 1263 908 propter
1294 830 1438 909 triplicem
1460 825 1553 892 tetra-

208 909 306 969 chordi
335 911 473 991 termam,
504 911 571 973 inde
600 922 670 976 nata
700 923 745 976 est
772 915 904 976 doctrina
931 919 1127 978 mutationum
1162 935 1215 997 per
1246 918 1355 979 scalam
1383 918 1554 980 musicalem

207 997 383 1072 modcmam‚
410 1017 491 1076 quae,
509 1001 642 1063 doctrina
663 1002 845 1063 solummodo
868 1007 945 1064 circa
967 1004 1098 1083 syllabas
1121 1005 1194 1083 hes,
1223 1005 1314 1066 literis
1343 1009 1476 1085 superius
1500 1023 1553 1067 ex·

208 1085 324 1162 plicatis
347 1087 506 1166 aptandas,
541 1097 717 1170 occupetur,
742 1091 926 1169 ostenditque
954 1093 1115 1170 superfluas
1137 1092 1361 1171 syllabas-Sol,
1389 1096 1422 1154 ln
1451 1073 1555 1169 adqui-

206 1172 317 1249 pollcre
339 1174 483 1246 interdum
504 1178 605 1254 primis
626 1185 678 1252 at,
707 1195 754 1254 rc,
788 1179 933 1240 interdum
963 1178 1205 1254 succedentibus,
1236 1197 1286 1255 se,
1315 1184 1372 1254 mi,
1402 1188 1435 1240 nt
1460 1183 1552 1260 possit

205 1261 349 1322 interdum
372 1270 453 1324 extra
476 1264 606 1326 ordinem
629 1273 658 1326 et
679 1267 741 1326 sine
764 1269 926 1330 mutatione
948 1275 1015 1345 post
1037 1269 1097 1343 sol,
1121 1269 1153 1328 la
1175 1267 1273 1328 inierri
1293 1267 1311 1346 f
1331 1312 1340 1330 .

1140 1387 1166 1426 nt
1197 1395 1222 1426 rs
1254 1385 1284 1425 mi
1310 1383 1333 1426 ia
1358 1385 1388 1426 ml

369 1453 395 1505 i.
439 1451 466 1507 2.
501 1452 528 1508 8.
569 1453 595 1508 4.
631 1455 656 1509 5.
692 1454 719 1510 6.
763 1453 789 1508 7.
838 1455 862 1509 6.
966 1465 1246 1508 *-··-·;;·.

362 1522 535 1591 Ut,se,sss',
552 1524 597 1592 fu,
617 1525 666 1590 sol,
692 1525 733 1592 ic,
756 1524 803 1592 fu,
835 1525 871 1580 ln.
1180 1479 1409 1582 ,Σὲ-Ξ

362 1589 412 1660 Ut,
430 1608 475 1662 re,
494 1595 544 1663 mi,
562 1601 606 1662 set,
628 1610 670 1662 re,
689 1595 742 1664 mi,
764 1595 807 1663 fc,
831 1595 875 1649 ssi.
911 1589 1018 1639 -Θ

412 1713 413 1718 ,
789 1728 792 1738 Ι
983 1667 1379 1712 utrsmiiasoilaiala

242 1745 249 1752 ”
289 1751 343 1812 Est
365 1769 436 1814 sero
459 1761 489 1814 et
510 1753 570 1816 alia
592 1755 737 1834 quaedam
754 1753 903 1816 dissimilis
917 1760 1076 1822 similitudo
1098 1759 1357 1836 tetrachordorum,
1381 1757 1557 1819 tundamen-

201 1847 265 1898 tum
288 1840 510 1902 assimilationis
534 1842 714 1904 diverserum
736 1841 969 1908 modulationum
991 1850 1066 1910 inter
1079 1865 1112 1908 se
1133 1850 1356 1922 concinentium,
1380 1864 1455 1925 quas
1469 1845 1556 1923 iuges
1584 1863 1588 1874 ¹

203 1936 233 1987 st
254 1925 429 2005 phantasias
451 1929 547 1990 solent
569 1931 727 2010 appellare.
772 1931 847 1990 Nam
870 1934 896 1992 si
918 1952 1017 1996 sumas
1041 1935 1225 1996 tetrachorda
1248 1937 1389 2010 contigua
1416 1933 1557 2010 nulloque

204 2014 361 2076 intervallo
383 2035 403 2077 a
424 2033 456 2077 se
478 2019 604 2079 invicem
627 2019 791 2098 disjuncta,
821 2020 863 2078 sic
884 2027 918 2079 nt
940 2030 1026 2083 tonus
1049 2024 1143 2100 major
1171 2027 1297 2100 supersit
1319 2023 1357 2083 ad
1380 2021 1557 2101 implendam

204 2111 342 2162 ocmvaru
363 2121 453 2183 supra
474 2105 524 2166 vel
546 2108 633 2182 inira,
664 2113 795 2168 occurret
827 2108 855 2163 in
881 2113 966 2170 certis
990 2109 1166 2187 quibusdam
1196 2119 1319 2172 octavae
1347 2110 1557 2188 systematibus

684 2223 813 2258 -e-e-
858 2200 991 2275 utrinque
1014 2201 1103 2260 series
1126 2197 1229 2258 eadem
1255 2197 1474 2258 intervallorum
1496 2195 1558 2256 ele·

857 2289 1046 2359 monterium,
1073 2286 1131 2346 hoo
1156 2292 1201 2346 est
1227 2286 1462 2358 semitoniorum,
1494 2282 1558 2344 die·

746 2393 751 2404 ¹
858 2375 934 2432 sium
956 2381 986 2434 et
1007 2373 1190 2450 lemmatum
1220 2380 1250 2434 et
1273 2374 1430 2433 assumitur
1452 2370 1490 2430 nd
1511 2369 1558 2429 al·
1630 2402 1634 2410 ·

859 2467 951 2520 teram
979 2470 1066 2521 tourrs
1088 2461 1195 2537 major,
1227 2467 1260 2520 nt
1287 2475 1341 2536 pro
1365 2465 1471 2536 quarta
1493 2457 1557 2518 eiti-

859 2548 951 2607 ciat'ur
966 2551 1077 2626 quinta,
1102 2556 1223 2626 quartae
1238 2547 1322 2608 alteri
1342 2542 1558 2623 quodammodo

294 2693 310 2718 ο
513 2631 602 2670 ΜΝ·
656 2607 679 2734 Ξ
807 2685 809 2690 .
858 2637 978 2710 similis,
1010 2645 1040 2698 et
1067 2635 1211 2696 melodiae
1240 2636 1330 2709 drree,
1360 2634 1452 2695 altera
1478 2635 1557 2710 prior

294 2721 501 2804 desultoriam.
568 2795 572 2804 ὓ
655 2737 671 2798 ε
858 2731 1004 2801 tempore,
1036 2724 1221 2784 intervalium
1252 2723 1388 2798 diapente
1415 2722 1557 2797 superins,

294 2769 497 2892 {⁸⁰⁰¹¹‘⁰'³·'t·.
517 2827 606 2892 mejor.
655 2797 661 2810 ⁸
859 2811 951 2872 altera
972 2814 1116 2889 posterior
1131 2819 1268 2890 tempore,
1292 2805 1478 2870 intervallum
1493 2807 1559 2867 dia·

264 2983 268 2990 ¹
295 2858 467 2985 ξ-ζζωζῖᾖ*
860 2905 992 2959 tessaron
1029 2899 1150 2960 interius
1186 2905 1372 2978 percurrunt,
1416 2897 1559 2974 posterior

296 3019 319 3061 2
332 3003 424 3053 utesis.

295 3066 319 3136 Ε,
330 3073 503 3124 semitonium.

469 2967 497 3018 Τ.
517 2969 605 3018 minor.

648 2953 680 3058 ἓ
859 2988 986 3066 priorem
1013 2989 1186 3065 insequens,
1217 2994 1247 3048 et
1277 3003 1336 3062 que
1364 2984 1448 3059 licet,
1480 2982 1559 3044 illius

655 3061 678 3131 Ξ
859 3084 963 3152 typum
984 3075 1067 3135 velut
1089 3074 1168 3136 illius
1189 3071 1308 3136 aemula
1323 3071 1469 3149 quaedam
1491 3072 1560 3128 imi·
1662 3140 1667 3150 ι

296 3137 496 3278 amam&
518 3183 606 3243 major.
655 3137 672 3196 Ξ
859 3170 935 3223 istis.

778 3508 920 3582 CAPUT
946 3506 999 3579 xi.

587 3653 633 3708 De
660 3661 890 3724 systematum
917 3651 1179 3722 compositione.

294 3830 357 3890 Etsi
380 3833 469 3892 unius
491 3831 618 3892 hominis
641 3850 700 3893 vox
723 3833 893 3912 plerumque
915 3835 991 3894 inter
1013 3835 1101 3893 unius
1125 3838 1249 3892 octavae
1271 3840 1402 3911 systema
1429 3833 1559 3904 vertitur,

206 3917 345 3996 plurium
358 3928 456 3979 tamen
479 3919 678 3981 melodiarum
694 3931 851 3982 concentus
874 3921 960 3981 docet
981 3928 1104 3981 octavas
1126 3920 1223 4000 plures
1240 3923 1393 3995 contiguas
1416 3917 1559 3979 ordinare.

207 4005 330 4066 Veteres
361 4009 462 4084 igitur,
492 4025 678 4070 numerorum
706 4010 910 4070 affectionibus
934 4012 1033 4069 omnia
1054 4008 1239 4079 definientes,
1271 4005 1412 4084 diapason
1445 4006 1561 4085 epidia·

207 4099 295 4171 pente
317 4097 445 4155 numeris
471 4098 502 4166 1,
526 4099 563 4168 2,
588 4099 606 4156 3
631 4103 760 4174 systema
783 4098 942 4175 perlectum
966 4097 1174 4173 definiveruut;
1197 4096 1283 4157 nobis
1305 4113 1393 4172 supra
1416 4096 1560 4158 sectiones

206 4180 394 4242 harmonicae
425 4182 559 4259 singulae
590 4183 720 4260 singula¹
735 4184 923 4244 reddiderunt
951 4191 1125 4263 systemata,
1157 4199 1280 4260 qnorum
1312 4189 1374 4242 crat
1402 4183 1559 4242 maximum

208 4267 593 4348 disdiapasouepidiapentc,
617 4273 744 4330 numeris
770 4276 800 4346 l,
826 4274 861 4344 5,
888 4275 923 4345 e,
947 4275 1001 4330 etsi
1025 4275 1132 4332 nostris
1155 4271 1359 4348 componistis,
1387 4279 1420 4328 ut
1441 4279 1560 4350 vocant,

207 4355 291 4415 limes
313 4357 412 4416 nullus
435 4365 480 4417 est
502 4360 628 4434 positus,
660 4359 730 4418 dum
753 4359 896 4419 melodias
918 4362 1105 4418 concinentes
1128 4357 1340 4434 multiplicant;
1369 4355 1448 4432 qnod
1471 4361 1560 4418 etiam

209 4443 329 4502 Creator
350 4445 433 4504 Deus
455 4447 485 4502 in
509 4447 775 4524 contemperatione
797 4454 930 4507 motuum
953 4445 1123 4507 coelestium
1145 4446 1279 4524 praeivit,
1303 4453 1461 4521 systemate
1482 4445 1559 4506 iacto

209 4547 245 4590 ex
266 4539 379 4611 septem
403 4532 546 4608 diapason
577 4541 607 4595 et
634 4549 670 4596 eo
701 4533 836 4610 amplius.
882 4534 1083 4594 Veruntamen
1114 4535 1184 4612 quia
1205 4533 1254 4590 hic
1277 4536 1477 4610 componimus
1507 4553 1559 4611 sy-

208 4624 317 4694 stema,
340 4628 373 4680 nt
395 4636 497 4682 omues
519 4623 636 4682 omnino
660 4623 867 4682 consonantias
889 4620 1089 4698 speculemur,
1118 4620 1278 4700 periectas,
1301 4622 1498 4698 inperfectae,
1521 4621 1559 4701 ad

209 4704 266 4764 hoc
288 4724 368 4786 epus
384 4707 532 4768 sufficiunt
554 4711 640 4770 nobis
663 4709 722 4772 duo
746 4707 889 4786 diapason
911 4710 941 4766 in
964 4726 1053 4770 nuum
1077 4711 1240 4788 composita
1262 4708 1457 4781 intervallum,
1480 4708 1560 4783 quod

205 4797 296 4854 etiam
318 4795 504 4857 Ptolemaeus
526 4797 686 4874 periectum
701 4803 830 4878 systema
843 4794 1014 4876 appellavit,
1038 4798 1068 4855 in
1089 4797 1176 4872 hunc,
1200 4797 1250 4875 qui
1265 4798 1405 4873 sequitur,
1429 4793 1558 4855 modum.
