<?xml version="1.0" encoding="UTF-8"?>
<!DOCTYPE html PUBLIC "-//W3C//DTD XHTML 1.0 Transitional//EN"
    "http://www.w3.org/TR/xhtml1/DTD/xhtml1-transitional.dtd">
<html xmlns="http://www.w3.org/1999/xhtml" xml:lang="en" lang="en">
 <head>
  <title>
</title>
<meta http-equiv="Content-Type" content="text/html;charset=utf-8" />
  <meta name='ocr-system' content='tesseract 3.04.00' />
  <meta name='ocr-capabilities' content='ocr_page ocr_carea ocr_par ocr_line ocrx_word'/>
</head>
<body>
  <div class='ocr_page' id='page_1' title='image "./joanniskepleria26frisgoog_0429.png"; bbox 0 0 3732 5528; ppageno 0'>
   <div class='ocr_carea' id='block_1_1' title="bbox 338 301 1176 428">
    <p class='ocr_par' dir='ltr' id='par_1_1' title="bbox 338 301 1176 428">
     <span class='ocr_line' id='line_1_1' title="bbox 338 301 1176 428; baseline -0.002 -38"><span class='ocrx_word' id='word_1_1' title='bbox 338 343 401 402; x_wconf 69' lang='lat' dir='ltr'><strong>aaa</strong></span> <span class='ocrx_word' id='word_1_2' title='bbox 837 301 1002 390; x_wconf 68' lang='lat' dir='ltr'><strong>&#39;surmus</strong></span> <span class='ocrx_word' id='word_1_3' title='bbox 1023 331 1176 428; x_wconf 67' lang='lat' dir='ltr'><strong>nemone.</strong></span> 
     </span>
    </p>
   </div>
   <div class='ocr_carea' id='block_1_2' title="bbox 280 483 1682 770">
    <p class='ocr_par' dir='ltr' id='par_1_2' title="bbox 280 483 1682 770">
     <span class='ocr_line' id='line_1_2' title="bbox 280 483 1680 598; baseline 0.003 -20"><span class='ocrx_word' id='word_1_4' title='bbox 280 551 287 556; x_wconf 97' lang='lat'>-</span> <span class='ocrx_word' id='word_1_5' title='bbox 338 533 435 594; x_wconf 89' lang='lat' dir='ltr'><strong>neque</strong></span> <span class='ocrx_word' id='word_1_6' title='bbox 458 517 506 577; x_wconf 90' lang='lat' dir='ltr'><strong>hio</strong></span> <span class='ocrx_word' id='word_1_7' title='bbox 528 515 627 594; x_wconf 87' lang='lat' dir='ltr'><strong>aliqua</strong></span> <span class='ocrx_word' id='word_1_8' title='bbox 648 516 782 577; x_wconf 72' lang='lat' dir='ltr'><strong>mmsitio</strong></span> <span class='ocrx_word' id='word_1_9' title='bbox 805 483 924 576; x_wconf 77' lang='lat' dir='ltr'><strong>omniuo</strong></span> <span class='ocrx_word' id='word_1_10' title='bbox 944 514 978 574; x_wconf 91' lang='lat' dir='ltr'><strong>tit</strong></span> <span class='ocrx_word' id='word_1_11' title='bbox 992 513 1030 576; x_wconf 90' lang='lat' dir='ltr'><strong>do</strong></span> <span class='ocrx_word' id='word_1_12' title='bbox 1052 531 1158 592; x_wconf 79' lang='lat' dir='ltr'>genere</span> <span class='ocrx_word' id='word_1_13' title='bbox 1174 517 1203 574; x_wconf 90' lang='lat' dir='ltr'><strong>iu</strong></span> <span class='ocrx_word' id='word_1_14' title='bbox 1226 531 1317 592; x_wconf 75' lang='lat' dir='ltr'><strong>genus</strong></span> <span class='ocrx_word' id='word_1_15' title='bbox 1332 513 1384 598; x_wconf 80' lang='lat'><strong>¹1¹)</strong></span> <span class='ocrx_word' id='word_1_16' title='bbox 1408 527 1527 596; x_wconf 91' lang='lat' dir='ltr'><strong>propter</strong></span> <span class='ocrx_word' id='word_1_17' title='bbox 1549 527 1680 582; x_wconf 78' lang='lat' dir='ltr'><strong>tonamm</strong></span> 
     </span>
     <span class='ocr_line' id='line_1_3' title="bbox 336 602 1680 687; baseline 0.003 -23"><span class='ocrx_word' id='word_1_18' title='bbox 336 607 593 687; x_wconf 67' lang='lat' dir='ltr'>permutationem,</span> <span class='ocrx_word' id='word_1_19' title='bbox 623 621 717 680; x_wconf 89' lang='lat' dir='ltr'><strong>neque</strong></span> <span class='ocrx_word' id='word_1_20' title='bbox 749 603 810 662; x_wconf 88' lang='lat' dir='ltr'><strong>illic</strong></span> <span class='ocrx_word' id='word_1_21' title='bbox 838 605 997 681; x_wconf 78' lang='lat' dir='ltr'><strong>percipitur</strong></span> <span class='ocrx_word' id='word_1_22' title='bbox 1025 602 1125 680; x_wconf 89' lang='lat' dir='ltr'><strong>aliqua</strong></span> <span class='ocrx_word' id='word_1_23' title='bbox 1154 603 1301 664; x_wconf 89' lang='lat' dir='ltr'><strong>sensibilis</strong></span> <span class='ocrx_word' id='word_1_24' title='bbox 1328 606 1680 682; x_wconf 82' lang='lat' dir='ltr'><strong>inaequalitascurannu</strong></span> 
     </span>
     <span class='ocr_line' id='line_1_4' title="bbox 336 687 1682 770; baseline 0.003 -19"><span class='ocrx_word' id='word_1_25' title='bbox 336 701 454 770; x_wconf 90' lang='lat' dir='ltr'><strong>proptor</strong></span> <span class='ocrx_word' id='word_1_26' title='bbox 475 695 655 754; x_wconf 87' lang='lat' dir='ltr'><strong>secessiones</strong></span> <span class='ocrx_word' id='word_1_27' title='bbox 678 693 707 750; x_wconf 92' lang='lat' dir='ltr'><strong>in</strong></span> <span class='ocrx_word' id='word_1_28' title='bbox 730 690 916 752; x_wconf 87' lang='lat' dir='ltr'><strong>latitudinem</strong></span> <span class='ocrx_word' id='word_1_29' title='bbox 930 687 983 770; x_wconf 72' lang='lat' dir='ltr'><strong>1l).</strong></span> <span class='ocrx_word' id='word_1_30' title='bbox 1029 690 1251 767; x_wconf 82' lang='lat' dir='ltr'><strong>comparandus</strong></span> <span class='ocrx_word' id='word_1_31' title='bbox 1282 699 1381 753; x_wconf 89' lang='lat' dir='ltr'><strong>autem</strong></span> <span class='ocrx_word' id='word_1_32' title='bbox 1412 709 1448 752; x_wconf 88' lang='lat' dir='ltr'><strong>ex</strong></span> <span class='ocrx_word' id='word_1_33' title='bbox 1480 694 1559 755; x_wconf 91' lang='lat' dir='ltr'><strong>hisce</strong></span> <span class='ocrx_word' id='word_1_34' title='bbox 1587 694 1682 755; x_wconf 86' lang='lat' dir='ltr'><strong>dorim</strong></span> 
     </span>
    </p>
   </div>
   <div class='ocr_carea' id='block_1_3' title="bbox 225 778 1682 860">
    <p class='ocr_par' dir='ltr' id='par_1_3' title="bbox 225 778 1682 860">
     <span class='ocr_line' id='line_1_5' title="bbox 225 778 1682 860; baseline 0.004 -26"><span class='ocrx_word' id='word_1_35' title='bbox 225 815 232 834; x_wconf 89' lang='lat'><strong>.</strong></span> <span class='ocrx_word' id='word_1_36' title='bbox 336 789 434 859; x_wconf 86' lang='lat' dir='ltr'><strong>tanus,</strong></span> <span class='ocrx_word' id='word_1_37' title='bbox 457 782 506 857; x_wconf 91' lang='lat' dir='ltr'><strong>qai</strong></span> <span class='ocrx_word' id='word_1_38' title='bbox 530 778 617 858; x_wconf 89' lang='lat' dir='ltr'><strong>plane</strong></span> <span class='ocrx_word' id='word_1_39' title='bbox 640 778 754 838; x_wconf 90' lang='lat' dir='ltr'><strong>medius</strong></span> <span class='ocrx_word' id='word_1_40' title='bbox 777 785 835 852; x_wconf 88' lang='lat' dir='ltr'><strong>est,</strong></span> <span class='ocrx_word' id='word_1_41' title='bbox 869 778 972 838; x_wconf 89' lang='lat' dir='ltr'><strong>mediis</strong></span> <span class='ocrx_word' id='word_1_42' title='bbox 996 780 1162 838; x_wconf 74' lang='lat' dir='ltr'><strong>accessibus</strong></span> <span class='ocrx_word' id='word_1_43' title='bbox 1186 795 1277 838; x_wconf 89' lang='lat' dir='ltr'><strong>eausa</strong></span> <span class='ocrx_word' id='word_1_44' title='bbox 1299 779 1478 854; x_wconf 87' lang='lat' dir='ltr'><strong>latitudinis,</strong></span> <span class='ocrx_word' id='word_1_45' title='bbox 1507 789 1536 840; x_wconf 89' lang='lat' dir='ltr'><strong>et</strong></span> <span class='ocrx_word' id='word_1_46' title='bbox 1558 784 1610 855; x_wconf 90' lang='lat' dir='ltr'><strong>iis,</strong></span> <span class='ocrx_word' id='word_1_47' title='bbox 1634 785 1682 860; x_wconf 84' lang='lat' dir='ltr'><strong>qni</strong></span> 
     </span>
    </p>
   </div>
   <div class='ocr_carea' id='block_1_4' title="bbox 333 865 1683 2344">
    <p class='ocr_par' dir='ltr' id='par_1_4' title="bbox 333 865 1683 2344">
     <span class='ocr_line' id='line_1_6' title="bbox 335 865 1681 949; baseline 0.004 -25"><span class='ocrx_word' id='word_1_48' title='bbox 335 866 498 926; x_wconf 89' lang='lat' dir='ltr'><strong>secundum</strong></span> <span class='ocrx_word' id='word_1_49' title='bbox 517 865 760 943; x_wconf 77' lang='lat' dir='ltr'><strong>aequinoctialem</strong></span> <span class='ocrx_word' id='word_1_50' title='bbox 790 868 817 924; x_wconf 93' lang='lat' dir='ltr'><strong>in</strong></span> <span class='ocrx_word' id='word_1_51' title='bbox 849 865 1039 943; x_wconf 90' lang='lat' dir='ltr'><strong>unaqualibet</strong></span> <span class='ocrx_word' id='word_1_52' title='bbox 1071 865 1259 942; x_wconf 78' lang='lat' dir='ltr'><strong>sphaerarum</strong></span> <span class='ocrx_word' id='word_1_53' title='bbox 1283 877 1350 926; x_wconf 90' lang='lat' dir='ltr'><strong>sunt</strong></span> <span class='ocrx_word' id='word_1_54' title='bbox 1373 867 1516 944; x_wconf 89' lang='lat' dir='ltr'><strong>ordinati;</strong></span> <span class='ocrx_word' id='word_1_55' title='bbox 1549 871 1681 949; x_wconf 82' lang='lat' dir='ltr'><strong>mixtily-</strong></span> 
     </span>
     <span class='ocr_line' id='line_1_7' title="bbox 336 951 1682 1032; baseline 0.004 -20"><span class='ocrx_word' id='word_1_56' title='bbox 336 953 401 1013; x_wconf 92' lang='lat' dir='ltr'><strong>dius</strong></span> <span class='ocrx_word' id='word_1_57' title='bbox 426 970 494 1015; x_wconf 85' lang='lat' dir='ltr'><strong>sera</strong></span> <span class='ocrx_word' id='word_1_58' title='bbox 518 963 548 1014; x_wconf 87' lang='lat' dir='ltr'><strong>et</strong></span> <span class='ocrx_word' id='word_1_59' title='bbox 569 952 758 1032; x_wconf 82' lang='lat' dir='ltr'><strong>hypodorius,</strong></span> <span class='ocrx_word' id='word_1_60' title='bbox 782 963 814 1013; x_wconf 90' lang='lat' dir='ltr'><strong>ut</strong></span> <span class='ocrx_word' id='word_1_61' title='bbox 837 956 972 1023; x_wconf 77' lang='lat' dir='ltr'><strong>extremi,</strong></span> <span class='ocrx_word' id='word_1_62' title='bbox 996 951 1205 1013; x_wconf 90' lang='lat' dir='ltr'><strong>borealissimis</strong></span> <span class='ocrx_word' id='word_1_63' title='bbox 1228 963 1258 1014; x_wconf 87' lang='lat' dir='ltr'><strong>et</strong></span> <span class='ocrx_word' id='word_1_64' title='bbox 1279 955 1509 1029; x_wconf 67' lang='lat' dir='ltr'><strong>rusticissimis,</strong></span> <span class='ocrx_word' id='word_1_65' title='bbox 1534 973 1607 1032; x_wconf 91' lang='lat' dir='ltr'><strong>quos</strong></span> <span class='ocrx_word' id='word_1_66' title='bbox 1630 973 1682 1018; x_wconf 85' lang='lat' dir='ltr'><strong>ve·</strong></span> 
     </span>
     <span class='ocr_line' id='line_1_8' title="bbox 335 1040 1682 1119; baseline 0.003 -19"><span class='ocrx_word' id='word_1_67' title='bbox 335 1041 388 1100; x_wconf 93' lang='lat' dir='ltr'><strong>luti</strong></span> <span class='ocrx_word' id='word_1_68' title='bbox 412 1041 571 1104; x_wconf 82' lang='lat' dir='ltr'><strong>secundum</strong></span> <span class='ocrx_word' id='word_1_69' title='bbox 594 1043 721 1118; x_wconf 92' lang='lat' dir='ltr'><strong>tropicos</strong></span> <span class='ocrx_word' id='word_1_70' title='bbox 744 1042 942 1117; x_wconf 84' lang='lat' dir='ltr'><strong>concipimus3</strong></span> <span class='ocrx_word' id='word_1_71' title='bbox 967 1050 1093 1117; x_wconf 89' lang='lat' dir='ltr'><strong>quatuor</strong></span> <span class='ocrx_word' id='word_1_72' title='bbox 1116 1057 1186 1100; x_wconf 90' lang='lat' dir='ltr'><strong>vero</strong></span> <span class='ocrx_word' id='word_1_73' title='bbox 1209 1040 1331 1116; x_wconf 86' lang='lat' dir='ltr'><strong>reliqui,</strong></span> <span class='ocrx_word' id='word_1_74' title='bbox 1355 1044 1405 1119; x_wconf 90' lang='lat' dir='ltr'><strong>qui</strong></span> <span class='ocrx_word' id='word_1_75' title='bbox 1429 1051 1497 1102; x_wconf 90' lang='lat' dir='ltr'><strong>sunt</strong></span> <span class='ocrx_word' id='word_1_76' title='bbox 1521 1045 1594 1104; x_wconf 90' lang='lat' dir='ltr'><strong>inter</strong></span> <span class='ocrx_word' id='word_1_77' title='bbox 1618 1044 1682 1105; x_wconf 91' lang='lat' dir='ltr'><strong>dio-</strong></span> 
     </span>
     <span class='ocr_line' id='line_1_9' title="bbox 335 1128 1682 1206; baseline 0 -16"><span class='ocrx_word' id='word_1_78' title='bbox 335 1139 390 1201; x_wconf 89' lang='lat' dir='ltr'><strong>tas,</strong></span> <span class='ocrx_word' id='word_1_79' title='bbox 413 1129 554 1189; x_wconf 80' lang='lat' dir='ltr'><strong>reiciendi</strong></span> <span class='ocrx_word' id='word_1_80' title='bbox 578 1128 707 1190; x_wconf 89' lang='lat' dir='ltr'><strong>suntad</strong></span> <span class='ocrx_word' id='word_1_81' title='bbox 729 1137 842 1200; x_wconf 87' lang='lat' dir='ltr'><strong>motus,</strong></span> <span class='ocrx_word' id='word_1_82' title='bbox 867 1131 918 1204; x_wconf 90' lang='lat' dir='ltr'><strong>qui</strong></span> <span class='ocrx_word' id='word_1_83' title='bbox 941 1137 1010 1187; x_wconf 87' lang='lat' dir='ltr'><strong>sunt</strong></span> <span class='ocrx_word' id='word_1_84' title='bbox 1032 1129 1192 1188; x_wconf 90' lang='lat' dir='ltr'><strong>secundum</strong></span> <span class='ocrx_word' id='word_1_85' title='bbox 1214 1128 1372 1206; x_wconf 89' lang='lat' dir='ltr'><strong>parallelos</strong></span> <span class='ocrx_word' id='word_1_86' title='bbox 1395 1130 1582 1192; x_wconf 87' lang='lat' dir='ltr'><strong>intennedias</strong></span> <span class='ocrx_word' id='word_1_87' title='bbox 1608 1135 1682 1192; x_wconf 90' lang='lat' dir='ltr'><strong>inter</strong></span> 
     </span>
     <span class='ocr_line' id='line_1_10' title="bbox 335 1207 1681 1302; baseline 0.003 -26"><span class='ocrx_word' id='word_1_88' title='bbox 335 1219 474 1293; x_wconf 87' lang='lat' dir='ltr'><strong>tropicas.</strong></span> <span class='ocrx_word' id='word_1_89' title='bbox 492 1228 521 1276; x_wconf 90' lang='lat' dir='ltr'><strong>et</strong></span> <span class='ocrx_word' id='word_1_90' title='bbox 550 1217 795 1293; x_wconf 82' lang='lat' dir='ltr'><strong>aequinoctialem</strong></span> <span class='ocrx_word' id='word_1_91' title='bbox 821 1207 861 1296; x_wconf 72' lang='lat' dir='ltr'><strong>V).</strong></span> <span class='ocrx_word' id='word_1_92' title='bbox 906 1215 981 1275; x_wconf 86' lang='lat' dir='ltr'><strong>Nam</strong></span> <span class='ocrx_word' id='word_1_93' title='bbox 1012 1226 1042 1274; x_wconf 89' lang='lat' dir='ltr'><strong>st</strong></span> <span class='ocrx_word' id='word_1_94' title='bbox 1069 1216 1171 1302; x_wconf 80' lang='lat' dir='ltr'><strong>harum</strong></span> <span class='ocrx_word' id='word_1_95' title='bbox 1200 1224 1269 1276; x_wconf 90' lang='lat' dir='ltr'><strong>snat</strong></span> <span class='ocrx_word' id='word_1_96' title='bbox 1292 1220 1326 1290; x_wconf 81' lang='lat' dir='ltr'><strong>t,</strong></span> <span class='ocrx_word' id='word_1_97' title='bbox 1359 1225 1477 1295; x_wconf 90' lang='lat' dir='ltr'><strong>propter</strong></span> <span class='ocrx_word' id='word_1_98' title='bbox 1505 1218 1681 1280; x_wconf 83' lang='lat' dir='ltr'><strong>divisionem</strong></span> 
     </span>
     <span class='ocr_line' id='line_1_11' title="bbox 334 1302 1679 1384; baseline 0.003 -22"><span class='ocrx_word' id='word_1_99' title='bbox 334 1302 507 1383; x_wconf 84' lang='lat' dir='ltr'><strong>circulorum</strong></span> <span class='ocrx_word' id='word_1_100' title='bbox 531 1302 716 1380; x_wconf 89' lang='lat' dir='ltr'><strong>obliquorum</strong></span> <span class='ocrx_word' id='word_1_101' title='bbox 748 1307 775 1362; x_wconf 92' lang='lat' dir='ltr'><strong>in</strong></span> <span class='ocrx_word' id='word_1_102' title='bbox 799 1311 897 1380; x_wconf 89' lang='lat' dir='ltr'><strong>partes</strong></span> <span class='ocrx_word' id='word_1_103' title='bbox 923 1307 975 1376; x_wconf 74' lang='lat' dir='ltr'><strong>tl,</strong></span> <span class='ocrx_word' id='word_1_104' title='bbox 1012 1311 1223 1379; x_wconf 86' lang='lat' dir='ltr'><strong>consequenter</strong></span> <span class='ocrx_word' id='word_1_105' title='bbox 1256 1305 1347 1380; x_wconf 91' lang='lat' dir='ltr'><strong>ipsius</strong></span> <span class='ocrx_word' id='word_1_106' title='bbox 1376 1304 1488 1368; x_wconf 72' lang='lat' dir='ltr'><strong>zodiaci</strong></span> <span class='ocrx_word' id='word_1_107' title='bbox 1515 1309 1552 1364; x_wconf 74' lang='lat'><strong>12</strong></span> <span class='ocrx_word' id='word_1_108' title='bbox 1577 1308 1679 1384; x_wconf 77' lang='lat' dir='ltr'><strong>signis.</strong></span> 
     </span>
     <span class='ocr_line' id='line_1_12' title="bbox 333 1391 1680 1470; baseline 0.001 -20"><span class='ocrx_word' id='word_1_109' title='bbox 333 1391 408 1451; x_wconf 85' lang='lat' dir='ltr'><strong>Nam</strong></span> <span class='ocrx_word' id='word_1_110' title='bbox 430 1395 606 1470; x_wconf 83' lang='lat' dir='ltr'><strong>tropicarum</strong></span> <span class='ocrx_word' id='word_1_111' title='bbox 629 1391 720 1451; x_wconf 84' lang='lat' dir='ltr'><strong>veluti</strong></span> <span class='ocrx_word' id='word_1_112' title='bbox 743 1395 891 1468; x_wconf 80' lang='lat' dir='ltr'><strong>signorum</strong></span> <span class='ocrx_word' id='word_1_113' title='bbox 914 1392 1058 1450; x_wconf 86' lang='lat' dir='ltr'><strong>utmmvis</strong></span> <span class='ocrx_word' id='word_1_114' title='bbox 1081 1407 1170 1450; x_wconf 88' lang='lat' dir='ltr'><strong>unum</strong></span> <span class='ocrx_word' id='word_1_115' title='bbox 1190 1392 1278 1452; x_wconf 86' lang='lat' dir='ltr'><strong>iaaiet</strong></span> <span class='ocrx_word' id='word_1_116' title='bbox 1300 1391 1488 1469; x_wconf 71' lang='lat' dir='ltr'><strong>parallelum,</strong></span> <span class='ocrx_word' id='word_1_117' title='bbox 1511 1409 1588 1469; x_wconf 88' lang='lat' dir='ltr'><strong>quac</strong></span> <span class='ocrx_word' id='word_1_118' title='bbox 1611 1411 1680 1455; x_wconf 80' lang='lat' dir='ltr'><strong>raro</strong></span> 
     </span>
     <span class='ocr_line' id='line_1_13' title="bbox 333 1471 1681 1573; baseline 0.001 -35"><span class='ocrx_word' id='word_1_119' title='bbox 333 1478 495 1556; x_wconf 87' lang='lat' dir='ltr'><strong>aequaliter</strong></span> <span class='ocrx_word' id='word_1_120' title='bbox 524 1480 563 1539; x_wconf 90' lang='lat' dir='ltr'><strong>ab</strong></span> <span class='ocrx_word' id='word_1_121' title='bbox 593 1478 732 1539; x_wconf 88' lang='lat' dir='ltr'><strong>altemtra</strong></span> <span class='ocrx_word' id='word_1_122' title='bbox 762 1480 865 1538; x_wconf 91' lang='lat' dir='ltr'><strong>horum</strong></span> <span class='ocrx_word' id='word_1_123' title='bbox 898 1495 1000 1538; x_wconf 84' lang='lat' dir='ltr'><strong>rcrsns</strong></span> <span class='ocrx_word' id='word_1_124' title='bbox 1023 1471 1315 1573; x_wconf 72' lang='lat' dir='ltr'><strong>altemnp&#39;absistunt</strong></span> <span class='ocrx_word' id='word_1_125' title='bbox 1337 1479 1407 1538; x_wconf 89' lang='lat' dir='ltr'><strong>bina</strong></span> <span class='ocrx_word' id='word_1_126' title='bbox 1429 1489 1545 1558; x_wconf 88' lang='lat' dir='ltr'><strong>puncta,</strong></span> <span class='ocrx_word' id='word_1_127' title='bbox 1568 1497 1681 1540; x_wconf 83' lang='lat' dir='ltr'><strong>reusam</strong></span> 
     </span>
     <span class='ocr_line' id='line_1_14' title="bbox 334 1565 1681 1644; baseline 0.001 -18"><span class='ocrx_word' id='word_1_128' title='bbox 334 1585 424 1628; x_wconf 90' lang='lat' dir='ltr'><strong>unum</strong></span> <span class='ocrx_word' id='word_1_129' title='bbox 447 1575 477 1628; x_wconf 89' lang='lat' dir='ltr'><strong>et</strong></span> <span class='ocrx_word' id='word_1_130' title='bbox 499 1565 623 1627; x_wconf 89' lang='lat' dir='ltr'><strong>eundem</strong></span> <span class='ocrx_word' id='word_1_131' title='bbox 644 1566 817 1644; x_wconf 84' lang='lat' dir='ltr'><strong>parallelum</strong></span> <span class='ocrx_word' id='word_1_132' title='bbox 840 1565 960 1640; x_wconf 89' lang='lat' dir='ltr'><strong>dabunt,</strong></span> <span class='ocrx_word' id='word_1_133' title='bbox 983 1574 1016 1624; x_wconf 88' lang='lat' dir='ltr'><strong>ut</strong></span> <span class='ocrx_word' id='word_1_134' title='bbox 1039 1566 1080 1624; x_wconf 89' lang='lat' dir='ltr'><strong>ita</strong></span> <span class='ocrx_word' id='word_1_135' title='bbox 1104 1568 1121 1624; x_wconf 78' lang='lat'>5</span> <span class='ocrx_word' id='word_1_136' title='bbox 1146 1567 1359 1626; x_wconf 90' lang='lat' dir='ltr'><strong>constituantur</strong></span> <span class='ocrx_word' id='word_1_137' title='bbox 1381 1566 1503 1644; x_wconf 89' lang='lat' dir='ltr'><strong>copulae</strong></span> <span class='ocrx_word' id='word_1_138' title='bbox 1523 1567 1681 1628; x_wconf 90' lang='lat' dir='ltr'><strong>secundnm</strong></span> 
     </span>
     <span class='ocr_line' id='line_1_15' title="bbox 334 1652 1681 1729; baseline 0.002 -15"><span class='ocrx_word' id='word_1_139' title='bbox 334 1657 481 1716; x_wconf 81' lang='lat' dir='ltr'><strong>unciariae</strong></span> <span class='ocrx_word' id='word_1_140' title='bbox 503 1653 656 1714; x_wconf 88' lang='lat' dir='ltr'><strong>distantias</strong></span> <span class='ocrx_word' id='word_1_141' title='bbox 678 1661 708 1713; x_wconf 90' lang='lat' dir='ltr'><strong>et</strong></span> <span class='ocrx_word' id='word_1_142' title='bbox 728 1652 888 1714; x_wconf 87' lang='lat' dir='ltr'><strong>secundum</strong></span> <span class='ocrx_word' id='word_1_143' title='bbox 912 1669 962 1712; x_wconf 91' lang='lat' dir='ltr'><strong>sas</strong></span> <span class='ocrx_word' id='word_1_144' title='bbox 989 1653 1006 1709; x_wconf 81' lang='lat'><strong>5</strong></span> <span class='ocrx_word' id='word_1_145' title='bbox 1030 1655 1118 1712; x_wconf 89' lang='lat' dir='ltr'><strong>etiam</strong></span> <span class='ocrx_word' id='word_1_146' title='bbox 1140 1652 1283 1729; x_wconf 89' lang='lat' dir='ltr'><strong>paralleli,</strong></span> <span class='ocrx_word' id='word_1_147' title='bbox 1306 1661 1335 1712; x_wconf 88' lang='lat' dir='ltr'><strong>st</strong></span> <span class='ocrx_word' id='word_1_148' title='bbox 1357 1658 1572 1714; x_wconf 87' lang='lat' dir='ltr'><strong>connumeratis</strong></span> <span class='ocrx_word' id='word_1_149' title='bbox 1595 1658 1681 1716; x_wconf 85' lang='lat' dir='ltr'><strong>etiam</strong></span> 
     </span>
     <span class='ocr_line' id='line_1_16' title="bbox 335 1739 1683 1820; baseline 0.001 -18"><span class='ocrx_word' id='word_1_150' title='bbox 335 1743 412 1803; x_wconf 89' lang='lat' dir='ltr'><strong>binis</strong></span> <span class='ocrx_word' id='word_1_151' title='bbox 434 1744 553 1820; x_wconf 91' lang='lat' dir='ltr'><strong>tropicis</strong></span> <span class='ocrx_word' id='word_1_152' title='bbox 578 1745 610 1815; x_wconf 84' lang='lat' dir='ltr'><strong>i,</strong></span> <span class='ocrx_word' id='word_1_153' title='bbox 642 1758 761 1802; x_wconf 88' lang='lat' dir='ltr'><strong>nunrora</strong></span> <span class='ocrx_word' id='word_1_154' title='bbox 792 1739 894 1803; x_wconf 88' lang='lat' dir='ltr'><strong>eodem</strong></span> <span class='ocrx_word' id='word_1_155' title='bbox 926 1757 992 1800; x_wconf 89' lang='lat' dir='ltr'><strong>aum</strong></span> <span class='ocrx_word' id='word_1_156' title='bbox 1021 1745 1155 1800; x_wconf 90' lang='lat' dir='ltr'><strong>tonorum</strong></span> <span class='ocrx_word' id='word_1_157' title='bbox 1185 1742 1403 1800; x_wconf 84' lang='lat' dir='ltr'><strong>mutationibus.</strong></span> <span class='ocrx_word' id='word_1_158' title='bbox 1452 1743 1683 1803; x_wconf 78' lang='lat' dir='ltr'><strong>Arsaciabuntar</strong></span> 
     </span>
     <span class='ocr_line' id='line_1_17' title="bbox 336 1827 1682 1906; baseline -0.002 -16"><span class='ocrx_word' id='word_1_159' title='bbox 336 1838 434 1892; x_wconf 85' lang='lat' dir='ltr'><strong>autem</strong></span> <span class='ocrx_word' id='word_1_160' title='bbox 458 1832 492 1904; x_wconf 94' lang='lat' dir='ltr'><strong>ii,</strong></span> <span class='ocrx_word' id='word_1_161' title='bbox 525 1831 663 1906; x_wconf 91' lang='lat' dir='ltr'><strong>quisunt</strong></span> <span class='ocrx_word' id='word_1_162' title='bbox 691 1831 837 1890; x_wconf 86' lang='lat' dir='ltr'><strong>acutiores</strong></span> <span class='ocrx_word' id='word_1_163' title='bbox 866 1827 964 1891; x_wconf 84' lang='lat' dir='ltr'><strong>dario.</strong></span> <span class='ocrx_word' id='word_1_164' title='bbox 994 1835 1111 1906; x_wconf 86' lang='lat' dir='ltr'><strong>propter</strong></span> <span class='ocrx_word' id='word_1_165' title='bbox 1133 1837 1235 1888; x_wconf 89' lang='lat' dir='ltr'><strong>cantus</strong></span> <span class='ocrx_word' id='word_1_166' title='bbox 1258 1827 1441 1888; x_wconf 87' lang='lat' dir='ltr'><strong>altitudinem</strong></span> <span class='ocrx_word' id='word_1_167' title='bbox 1465 1845 1529 1889; x_wconf 92' lang='lat' dir='ltr'><strong>cum</strong></span> <span class='ocrx_word' id='word_1_168' title='bbox 1553 1832 1682 1891; x_wconf 87' lang='lat' dir='ltr'><strong>motibus</strong></span> 
     </span>
     <span class='ocr_line' id='line_1_18' title="bbox 335 1915 1680 1996; baseline 0 -18"><span class='ocrx_word' id='word_1_169' title='bbox 335 1917 374 1978; x_wconf 84' lang='lat' dir='ltr'><strong>od</strong></span> <span class='ocrx_word' id='word_1_170' title='bbox 396 1919 496 1996; x_wconf 88' lang='lat' dir='ltr'><strong>palum</strong></span> <span class='ocrx_word' id='word_1_171' title='bbox 520 1918 667 1978; x_wconf 83' lang='lat' dir='ltr'><strong>elevatum</strong></span> <span class='ocrx_word' id='word_1_172' title='bbox 692 1925 720 1977; x_wconf 90' lang='lat' dir='ltr'><strong>et</strong></span> <span class='ocrx_word' id='word_1_173' title='bbox 743 1917 834 1977; x_wconf 86' lang='lat' dir='ltr'><strong>veluti</strong></span> <span class='ocrx_word' id='word_1_174' title='bbox 857 1917 987 1990; x_wconf 85' lang='lat' dir='ltr'><strong>aestivis,</strong></span> <span class='ocrx_word' id='word_1_175' title='bbox 1012 1915 1039 1978; x_wconf 83' lang='lat' dir='ltr'><strong>lt.</strong></span> <span class='ocrx_word' id='word_1_176' title='bbox 1064 1935 1088 1975; x_wconf 92' lang='lat' dir='ltr'><strong>e.</strong></span> <span class='ocrx_word' id='word_1_177' title='bbox 1113 1917 1163 1976; x_wconf 92' lang='lat' dir='ltr'><strong>ubi</strong></span> <span class='ocrx_word' id='word_1_178' title='bbox 1186 1917 1271 1996; x_wconf 91' lang='lat' dir='ltr'><strong>polus</strong></span> <span class='ocrx_word' id='word_1_179' title='bbox 1295 1917 1400 1976; x_wconf 90' lang='lat' dir='ltr'><strong>boreus</strong></span> <span class='ocrx_word' id='word_1_180' title='bbox 1423 1917 1567 1990; x_wconf 86' lang='lat' dir='ltr'><strong>elevatur,</strong></span> <span class='ocrx_word' id='word_1_181' title='bbox 1593 1922 1680 1980; x_wconf 92' lang='lat' dir='ltr'><strong>moti-</strong></span> 
     </span>
     <span class='ocr_line' id='line_1_19' title="bbox 336 2003 1682 2084; baseline 0.001 -19"><span class='ocrx_word' id='word_1_182' title='bbox 336 2006 390 2066; x_wconf 86' lang='lat' dir='ltr'><strong>bus</strong></span> <span class='ocrx_word' id='word_1_183' title='bbox 411 2003 706 2084; x_wconf 78' lang='lat' dir='ltr'><strong>septentrionalibus,</strong></span> <span class='ocrx_word' id='word_1_184' title='bbox 730 2006 780 2065; x_wconf 91' lang='lat' dir='ltr'><strong>ubi</strong></span> <span class='ocrx_word' id='word_1_185' title='bbox 804 2003 957 2072; x_wconf 79' lang='lat' dir='ltr'><strong>annualis,</strong></span> <span class='ocrx_word' id='word_1_186' title='bbox 980 2003 1138 2081; x_wconf 83' lang='lat' dir='ltr'><strong>oppositis3</strong></span> <span class='ocrx_word' id='word_1_187' title='bbox 1165 2006 1315 2082; x_wconf 79' lang='lat' dir='ltr'><strong>graviores</strong></span> <span class='ocrx_word' id='word_1_188' title='bbox 1339 2021 1407 2064; x_wconf 88' lang='lat' dir='ltr'><strong>vero</strong></span> <span class='ocrx_word' id='word_1_189' title='bbox 1430 2007 1492 2068; x_wconf 89' lang='lat' dir='ltr'><strong>tani</strong></span> <span class='ocrx_word' id='word_1_190' title='bbox 1516 2023 1604 2082; x_wconf 87' lang='lat' dir='ltr'><strong>quam</strong></span> <span class='ocrx_word' id='word_1_191' title='bbox 1629 2006 1682 2066; x_wconf 94' lang='lat' dir='ltr'><strong>da·</strong></span> 
     </span>
     <span class='ocr_line' id='line_1_20' title="bbox 333 2089 1681 2172; baseline 0.001 -21"><span class='ocrx_word' id='word_1_192' title='bbox 333 2095 394 2154; x_wconf 89' lang='lat' dir='ltr'><strong>rins</strong></span> <span class='ocrx_word' id='word_1_193' title='bbox 428 2099 546 2172; x_wconf 90' lang='lat' dir='ltr'><strong>propter</strong></span> <span class='ocrx_word' id='word_1_194' title='bbox 567 2091 672 2153; x_wconf 83' lang='lat' dir='ltr'><strong>cantus</strong></span> <span class='ocrx_word' id='word_1_195' title='bbox 695 2091 888 2154; x_wconf 87' lang='lat' dir='ltr'><strong>humilitatem</strong></span> <span class='ocrx_word' id='word_1_196' title='bbox 912 2092 1038 2152; x_wconf 88' lang='lat' dir='ltr'><strong>motibus</strong></span> <span class='ocrx_word' id='word_1_197' title='bbox 1063 2089 1120 2150; x_wconf 92' lang='lat' dir='ltr'><strong>illis</strong></span> <span class='ocrx_word' id='word_1_198' title='bbox 1143 2091 1380 2169; x_wconf 89' lang='lat' dir='ltr'><strong>applicabuntur,</strong></span> <span class='ocrx_word' id='word_1_199' title='bbox 1412 2093 1554 2168; x_wconf 90' lang='lat' dir='ltr'><strong>quisunt</strong></span> <span class='ocrx_word' id='word_1_200' title='bbox 1578 2112 1681 2156; x_wconf 85' lang='lat' dir='ltr'><strong>versus</strong></span> 
     </span>
     <span class='ocr_line' id='line_1_21' title="bbox 334 2178 1682 2258; baseline 0 -17"><span class='ocrx_word' id='word_1_201' title='bbox 334 2181 434 2258; x_wconf 91' lang='lat' dir='ltr'><strong>polum</strong></span> <span class='ocrx_word' id='word_1_202' title='bbox 457 2182 676 2258; x_wconf 88' lang='lat' dir='ltr'><strong>inconspicuum</strong></span> <span class='ocrx_word' id='word_1_203' title='bbox 699 2187 729 2241; x_wconf 92' lang='lat' dir='ltr'><strong>et</strong></span> <span class='ocrx_word' id='word_1_204' title='bbox 751 2179 843 2241; x_wconf 86' lang='lat' dir='ltr'><strong>veluti</strong></span> <span class='ocrx_word' id='word_1_205' title='bbox 857 2180 995 2253; x_wconf 90' lang='lat' dir='ltr'><strong>hibernis,</strong></span> <span class='ocrx_word' id='word_1_206' title='bbox 1019 2178 1047 2239; x_wconf 90' lang='lat' dir='ltr'><strong>h.</strong></span> <span class='ocrx_word' id='word_1_207' title='bbox 1061 2197 1085 2240; x_wconf 85' lang='lat' dir='ltr'><strong>a.</strong></span> <span class='ocrx_word' id='word_1_208' title='bbox 1100 2179 1150 2247; x_wconf 86' lang='lat' dir='ltr'><strong>ubi</strong></span> <span class='ocrx_word' id='word_1_209' title='bbox 1164 2181 1271 2239; x_wconf 90' lang='lat' dir='ltr'><strong>boreus</strong></span> <span class='ocrx_word' id='word_1_210' title='bbox 1288 2179 1372 2258; x_wconf 88' lang='lat' dir='ltr'><strong>polus</strong></span> <span class='ocrx_word' id='word_1_211' title='bbox 1387 2178 1541 2254; x_wconf 89' lang='lat' dir='ltr'><strong>attollitur,</strong></span> <span class='ocrx_word' id='word_1_212' title='bbox 1565 2191 1682 2242; x_wconf 71' lang='lat' dir='ltr'><strong>ausua-</strong></span> 
     </span>
     <span class='ocr_line' id='line_1_22' title="bbox 338 2266 1636 2344; baseline -0.002 -18"><span class='ocrx_word' id='word_1_213' title='bbox 338 2268 468 2342; x_wconf 89' lang='lat' dir='ltr'><strong>liaribus,</strong></span> <span class='ocrx_word' id='word_1_214' title='bbox 492 2269 541 2328; x_wconf 91' lang='lat' dir='ltr'><strong>ubi</strong></span> <span class='ocrx_word' id='word_1_215' title='bbox 565 2268 712 2342; x_wconf 79' lang='lat' dir='ltr'><strong>maana,</strong></span> <span class='ocrx_word' id='word_1_216' title='bbox 735 2266 1065 2344; x_wconf 89' lang='lat' dir='ltr'><strong>septentrionalioribus.</strong></span> <span class='ocrx_word' id='word_1_217' title='bbox 1632 2291 1636 2300; x_wconf 93' lang='lat'><strong>·</strong></span> 
     </span>
    </p>
   </div>
   <div class='ocr_carea' id='block_1_5' title="bbox 332 2365 1683 2990">
    <p class='ocr_par' dir='ltr' id='par_1_5' title="bbox 332 2365 1683 2990">
     <span class='ocr_line' id='line_1_23' title="bbox 420 2365 1681 2439; baseline 0.001 -15"><span class='ocrx_word' id='word_1_218' title='bbox 420 2369 493 2424; x_wconf 87' lang='lat' dir='ltr'><strong>Nota</strong></span> <span class='ocrx_word' id='word_1_219' title='bbox 510 2369 532 2422; x_wconf 93' lang='lat'><strong>1.</strong></span> <span class='ocrx_word' id='word_1_220' title='bbox 568 2369 610 2424; x_wconf 89' lang='lat' dir='ltr'><strong>Ne</strong></span> <span class='ocrx_word' id='word_1_221' title='bbox 629 2385 701 2424; x_wconf 88' lang='lat' dir='ltr'><strong>nnnc</strong></span> <span class='ocrx_word' id='word_1_222' title='bbox 719 2368 827 2438; x_wconf 88' lang='lat' dir='ltr'><strong>quidem</strong></span> <span class='ocrx_word' id='word_1_223' title='bbox 847 2383 876 2422; x_wconf 86' lang='lat' dir='ltr'><strong>se</strong></span> <span class='ocrx_word' id='word_1_224' title='bbox 894 2366 1005 2436; x_wconf 87' lang='lat' dir='ltr'><strong>respicit</strong></span> <span class='ocrx_word' id='word_1_225' title='bbox 1022 2365 1200 2420; x_wconf 87' lang='lat' dir='ltr'><strong>Ptolemaeus.</strong></span> <span class='ocrx_word' id='word_1_226' title='bbox 1225 2366 1344 2424; x_wconf 75' lang='lat' dir='ltr'><strong>&#39;t&#39;ertiam</strong></span> <span class='ocrx_word' id='word_1_227' title='bbox 1363 2377 1483 2424; x_wconf 87' lang='lat' dir='ltr'><strong>motuum</strong></span> <span class='ocrx_word' id='word_1_228' title='bbox 1501 2369 1633 2439; x_wconf 89' lang='lat' dir='ltr'><strong>speciem,</strong></span> <span class='ocrx_word' id='word_1_229' title='bbox 1656 2371 1681 2425; x_wconf 90' lang='lat' dir='ltr'><strong>in</strong></span> 
     </span>
     <span class='ocr_line' id='line_1_24' title="bbox 332 2442 1683 2519; baseline 0.001 -17"><span class='ocrx_word' id='word_1_230' title='bbox 332 2449 431 2517; x_wconf 84' lang='lat' dir='ltr'><strong>latum,</strong></span> <span class='ocrx_word' id='word_1_231' title='bbox 458 2448 497 2503; x_wconf 86' lang='lat' dir='ltr'><strong>sia</strong></span> <span class='ocrx_word' id='word_1_232' title='bbox 515 2447 648 2516; x_wconf 88' lang='lat' dir='ltr'><strong>nominat,</strong></span> <span class='ocrx_word' id='word_1_233' title='bbox 676 2465 709 2503; x_wconf 91' lang='lat' dir='ltr'><strong>ac</strong></span> <span class='ocrx_word' id='word_1_234' title='bbox 726 2447 748 2502; x_wconf 91' lang='lat' dir='ltr'><strong>si</strong></span> <span class='ocrx_word' id='word_1_235' title='bbox 765 2465 821 2502; x_wconf 91' lang='lat' dir='ltr'><strong>non</strong></span> <span class='ocrx_word' id='word_1_236' title='bbox 839 2445 951 2515; x_wconf 87' lang='lat' dir='ltr'><strong>primam</strong></span> <span class='ocrx_word' id='word_1_237' title='bbox 969 2449 1089 2508; x_wconf 73' lang='lat' dir='ltr'><strong>matum,</strong></span> <span class='ocrx_word' id='word_1_238' title='bbox 1116 2442 1164 2498; x_wconf 89' lang='lat' dir='ltr'><strong>sed</strong></span> <span class='ocrx_word' id='word_1_239' title='bbox 1182 2453 1209 2498; x_wconf 90' lang='lat' dir='ltr'><strong>et</strong></span> <span class='ocrx_word' id='word_1_240' title='bbox 1237 2443 1382 2502; x_wconf 87' lang='lat' dir='ltr'><strong>secundam</strong></span> <span class='ocrx_word' id='word_1_241' title='bbox 1409 2463 1442 2502; x_wconf 87' lang='lat' dir='ltr'><strong>ex</strong></span> <span class='ocrx_word' id='word_1_242' title='bbox 1462 2447 1556 2502; x_wconf 84' lang='lat' dir='ltr'><strong>eodem</strong></span> <span class='ocrx_word' id='word_1_243' title='bbox 1585 2465 1683 2519; x_wconf 72' lang='lat' dir='ltr'><strong>genere</strong></span> 
     </span>
     <span class='ocr_line' id='line_1_25' title="bbox 332 2520 1682 2599; baseline 0 -17"><span class='ocrx_word' id='word_1_244' title='bbox 332 2535 422 2582; x_wconf 83' lang='lat' dir='ltr'><strong>motus</strong></span> <span class='ocrx_word' id='word_1_245' title='bbox 440 2525 518 2596; x_wconf 85' lang='lat' dir='ltr'><strong>primi</strong></span> <span class='ocrx_word' id='word_1_246' title='bbox 537 2525 725 2590; x_wconf 90' lang='lat' dir='ltr'><strong>desumsissot,</strong></span> <span class='ocrx_word' id='word_1_247' title='bbox 750 2541 811 2580; x_wconf 90' lang='lat' dir='ltr'><strong>curn</strong></span> <span class='ocrx_word' id='word_1_248' title='bbox 837 2532 927 2580; x_wconf 71' lang='lat' dir='ltr'><strong>umen</strong></span> <span class='ocrx_word' id='word_1_249' title='bbox 955 2522 1076 2578; x_wconf 71' lang='lat' dir='ltr'><strong>emunda</strong></span> <span class='ocrx_word' id='word_1_250' title='bbox 1102 2520 1184 2578; x_wconf 83' lang='lat' dir='ltr'><strong>luerit</strong></span> <span class='ocrx_word' id='word_1_251' title='bbox 1203 2539 1236 2577; x_wconf 90' lang='lat' dir='ltr'><strong>ex</strong></span> <span class='ocrx_word' id='word_1_252' title='bbox 1255 2525 1372 2582; x_wconf 89' lang='lat' dir='ltr'><strong>motibus</strong></span> <span class='ocrx_word' id='word_1_253' title='bbox 1391 2526 1530 2591; x_wconf 89' lang='lat' dir='ltr'><strong>secundis,</strong></span> <span class='ocrx_word' id='word_1_254' title='bbox 1558 2535 1587 2582; x_wconf 87' lang='lat' dir='ltr'><strong>et</strong></span> <span class='ocrx_word' id='word_1_255' title='bbox 1605 2529 1682 2599; x_wconf 88' lang='lat' dir='ltr'><strong>plane</strong></span> 
     </span>
     <span class='ocr_line' id='line_1_26' title="bbox 332 2603 1682 2676; baseline -0.003 -14"><span class='ocrx_word' id='word_1_256' title='bbox 332 2606 448 2663; x_wconf 88' lang='lat' dir='ltr'><strong>multum</strong></span> <span class='ocrx_word' id='word_1_257' title='bbox 466 2605 568 2660; x_wconf 80' lang='lat' dir='ltr'><strong>referat</strong></span> <span class='ocrx_word' id='word_1_258' title='bbox 585 2605 619 2661; x_wconf 88' lang='lat' dir='ltr'><strong>ad</strong></span> <span class='ocrx_word' id='word_1_259' title='bbox 639 2607 855 2676; x_wconf 90' lang='lat' dir='ltr'><strong>comparationes</strong></span> <span class='ocrx_word' id='word_1_260' title='bbox 873 2603 971 2674; x_wconf 89' lang='lat' dir='ltr'><strong>capitis</strong></span> <span class='ocrx_word' id='word_1_261' title='bbox 992 2605 1037 2672; x_wconf 83' lang='lat' dir='ltr'><strong>til,</strong></span> <span class='ocrx_word' id='word_1_262' title='bbox 1065 2605 1168 2657; x_wconf 87' lang='lat' dir='ltr'><strong>maneri</strong></span> <span class='ocrx_word' id='word_1_263' title='bbox 1184 2603 1212 2656; x_wconf 88' lang='lat' dir='ltr'><strong>in</strong></span> <span class='ocrx_word' id='word_1_264' title='bbox 1230 2603 1325 2660; x_wconf 91' lang='lat' dir='ltr'><strong>eadem</strong></span> <span class='ocrx_word' id='word_1_265' title='bbox 1343 2621 1454 2674; x_wconf 75' lang='lat' dir='ltr'><strong>genere,</strong></span> <span class='ocrx_word' id='word_1_266' title='bbox 1477 2608 1542 2676; x_wconf 88' lang='lat' dir='ltr'><strong>quia</strong></span> <span class='ocrx_word' id='word_1_267' title='bbox 1559 2623 1630 2675; x_wconf 88' lang='lat' dir='ltr'><strong>quas</strong></span> <span class='ocrx_word' id='word_1_268' title='bbox 1647 2608 1682 2660; x_wconf 90' lang='lat' dir='ltr'><strong>ihi</strong></span> 
     </span>
     <span class='ocr_line' id='line_1_27' title="bbox 333 2682 1683 2754; baseline -0.003 -14"><span class='ocrx_word' id='word_1_269' title='bbox 333 2685 551 2740; x_wconf 86' lang='lat' dir='ltr'><strong>consideraverat</strong></span> <span class='ocrx_word' id='word_1_270' title='bbox 568 2684 760 2752; x_wconf 76' lang='lat' dir='ltr'><strong>longitudines,</strong></span> <span class='ocrx_word' id='word_1_271' title='bbox 780 2682 844 2740; x_wconf 91' lang='lat' dir='ltr'><strong>illae</strong></span> <span class='ocrx_word' id='word_1_272' title='bbox 860 2693 939 2739; x_wconf 89' lang='lat' dir='ltr'><strong>erant</strong></span> <span class='ocrx_word' id='word_1_273' title='bbox 955 2692 1082 2754; x_wconf 88' lang='lat' dir='ltr'><strong>respectu</strong></span> <span class='ocrx_word' id='word_1_274' title='bbox 1100 2683 1257 2748; x_wconf 86' lang='lat' dir='ltr'><strong>horizontis,</strong></span> <span class='ocrx_word' id='word_1_275' title='bbox 1276 2691 1307 2738; x_wconf 93' lang='lat' dir='ltr'><strong>ut</strong></span> <span class='ocrx_word' id='word_1_276' title='bbox 1324 2691 1352 2738; x_wconf 83' lang='lat' dir='ltr'><strong>et</strong></span> <span class='ocrx_word' id='word_1_277' title='bbox 1368 2683 1534 2752; x_wconf 79' lang='lat' dir='ltr'><strong>ladtndines,</strong></span> <span class='ocrx_word' id='word_1_278' title='bbox 1553 2701 1624 2753; x_wconf 88' lang='lat' dir='ltr'><strong>quas</strong></span> <span class='ocrx_word' id='word_1_279' title='bbox 1642 2685 1683 2738; x_wconf 89' lang='lat' dir='ltr'><strong>hic</strong></span> 
     </span>
     <span class='ocr_line' id='line_1_28' title="bbox 332 2761 1682 2832; baseline -0.004 -11"><span class='ocrx_word' id='word_1_280' title='bbox 332 2763 501 2832; x_wconf 87' lang='lat' dir='ltr'><strong>considerat,</strong></span> <span class='ocrx_word' id='word_1_281' title='bbox 529 2770 594 2818; x_wconf 88' lang='lat' dir='ltr'><strong>sunt</strong></span> <span class='ocrx_word' id='word_1_282' title='bbox 611 2770 738 2832; x_wconf 88' lang='lat' dir='ltr'><strong>respectu</strong></span> <span class='ocrx_word' id='word_1_283' title='bbox 756 2765 878 2832; x_wconf 85' lang='lat' dir='ltr'><strong>ejusdem</strong></span> <span class='ocrx_word' id='word_1_284' title='bbox 897 2763 1044 2819; x_wconf 76' lang='lat' dir='ltr'><strong>horizontis</strong></span> <span class='ocrx_word' id='word_1_285' title='bbox 1062 2769 1090 2816; x_wconf 90' lang='lat' dir='ltr'><strong>at</strong></span> <span class='ocrx_word' id='word_1_286' title='bbox 1114 2762 1170 2831; x_wconf 92' lang='lat' dir='ltr'><strong>poli</strong></span> <span class='ocrx_word' id='word_1_287' title='bbox 1187 2761 1280 2816; x_wconf 90' lang='lat' dir='ltr'><strong>mundi</strong></span> <span class='ocrx_word' id='word_1_288' title='bbox 1298 2769 1326 2816; x_wconf 88' lang='lat' dir='ltr'><strong>et</strong></span> <span class='ocrx_word' id='word_1_289' title='bbox 1343 2761 1477 2832; x_wconf 82' lang='lat' dir='ltr'><strong>sphaerae</strong></span> <span class='ocrx_word' id='word_1_290' title='bbox 1494 2763 1578 2817; x_wconf 90' lang='lat' dir='ltr'><strong>metui</strong></span> <span class='ocrx_word' id='word_1_291' title='bbox 1599 2763 1682 2832; x_wconf 88' lang='lat' dir='ltr'><strong>primo</strong></span> 
     </span>
     <span class='ocr_line' id='line_1_29' title="bbox 332 2839 1682 2912; baseline -0.004 -14"><span class='ocrx_word' id='word_1_292' title='bbox 332 2841 497 2908; x_wconf 67' lang='lat' dir='ltr'><strong>destinatam</strong></span> <span class='ocrx_word' id='word_1_293' title='bbox 533 2849 629 2896; x_wconf 80' lang='lat' dir='ltr'><strong>aontm</strong></span> <span class='ocrx_word' id='word_1_294' title='bbox 655 2841 813 2898; x_wconf 88' lang='lat' dir='ltr'><strong>altitudines</strong></span> <span class='ocrx_word' id='word_1_295' title='bbox 840 2843 937 2912; x_wconf 88' lang='lat' dir='ltr'><strong>capitis</strong></span> <span class='ocrx_word' id='word_1_296' title='bbox 965 2843 1007 2896; x_wconf 94' lang='grc'><strong>11.</strong></span> <span class='ocrx_word' id='word_1_297' title='bbox 1033 2857 1087 2895; x_wconf 94' lang='lat' dir='ltr'><strong>non</strong></span> <span class='ocrx_word' id='word_1_298' title='bbox 1115 2847 1192 2896; x_wconf 90' lang='lat' dir='ltr'><strong>eraut</strong></span> <span class='ocrx_word' id='word_1_299' title='bbox 1218 2846 1345 2909; x_wconf 88' lang='lat' dir='ltr'><strong>respectu</strong></span> <span class='ocrx_word' id='word_1_300' title='bbox 1376 2839 1525 2896; x_wconf 84' lang='lat' dir='ltr'><strong>horizontis</strong></span> <span class='ocrx_word' id='word_1_301' title='bbox 1552 2851 1603 2896; x_wconf 90' lang='lat' dir='ltr'><strong>aut</strong></span> <span class='ocrx_word' id='word_1_302' title='bbox 1630 2839 1682 2910; x_wconf 92' lang='lat' dir='ltr'><strong>poli</strong></span> 
     </span>
     <span class='ocr_line' id='line_1_30' title="bbox 333 2919 919 2990; baseline -0.005 -14"><span class='ocrx_word' id='word_1_303' title='bbox 333 2921 474 2989; x_wconf 83' lang='lat' dir='ltr'><strong>sphaerae,</strong></span> <span class='ocrx_word' id='word_1_304' title='bbox 493 2919 540 2975; x_wconf 93' lang='lat' dir='ltr'><strong>sed</strong></span> <span class='ocrx_word' id='word_1_305' title='bbox 560 2927 687 2990; x_wconf 88' lang='lat' dir='ltr'><strong>respectu</strong></span> <span class='ocrx_word' id='word_1_306' title='bbox 705 2920 792 2975; x_wconf 82' lang='lat' dir='ltr'><strong>canni</strong></span> <span class='ocrx_word' id='word_1_307' title='bbox 810 2921 919 2976; x_wconf 87' lang='lat' dir='ltr'><strong>Terrae.</strong></span> 
     </span>
    </p>
   </div>
   <div class='ocr_carea' id='block_1_6' title="bbox 329 3012 1682 4908">
    <p class='ocr_par' dir='ltr' id='par_1_6' title="bbox 329 3012 1682 4276">
     <span class='ocr_line' id='line_1_31' title="bbox 418 3012 1680 3088; baseline -0.003 -14"><span class='ocrx_word' id='word_1_308' title='bbox 418 3019 491 3074; x_wconf 86' lang='lat' dir='ltr'><strong>Nota</strong></span> <span class='ocrx_word' id='word_1_309' title='bbox 508 3017 542 3072; x_wconf 92' lang='lat' dir='ltr'><strong>il.</strong></span> <span class='ocrx_word' id='word_1_310' title='bbox 578 3017 773 3088; x_wconf 75' lang='lat' dir='ltr'><strong>Argumentum</strong></span> <span class='ocrx_word' id='word_1_311' title='bbox 793 3019 844 3072; x_wconf 92' lang='lat' dir='ltr'><strong>hoc</strong></span> <span class='ocrx_word' id='word_1_312' title='bbox 862 3013 1071 3085; x_wconf 68' lang='lat' dir='ltr'><strong>comparationis</strong></span> <span class='ocrx_word' id='word_1_313' title='bbox 1083 3012 1162 3070; x_wconf 82' lang='lat' dir='ltr'><strong>valde</strong></span> <span class='ocrx_word' id='word_1_314' title='bbox 1175 3023 1217 3070; x_wconf 88' lang='lat' dir='ltr'><strong>est</strong></span> <span class='ocrx_word' id='word_1_315' title='bbox 1234 3016 1369 3085; x_wconf 74' lang='lat' dir='ltr'><strong>generale,</strong></span> <span class='ocrx_word' id='word_1_316' title='bbox 1389 3031 1438 3071; x_wconf 91' lang='lat' dir='ltr'><strong>nee</strong></span> <span class='ocrx_word' id='word_1_317' title='bbox 1451 3017 1558 3074; x_wconf 87' lang='lat' dir='ltr'><strong>serium.</strong></span> <span class='ocrx_word' id='word_1_318' title='bbox 1578 3017 1680 3082; x_wconf 88' lang='lat' dir='ltr'><strong>Dicam,</strong></span> 
     </span>
     <span class='ocr_line' id='line_1_32' title="bbox 332 3093 1681 3169; baseline -0.003 -15"><span class='ocrx_word' id='word_1_319' title='bbox 332 3096 405 3166; x_wconf 88' lang='lat' dir='ltr'><strong>quad</strong></span> <span class='ocrx_word' id='word_1_320' title='bbox 423 3097 549 3152; x_wconf 88' lang='lat' dir='ltr'><strong>habuerit</strong></span> <span class='ocrx_word' id='word_1_321' title='bbox 568 3095 642 3152; x_wconf 88' lang='lat' dir='ltr'><strong>aliud</strong></span> <span class='ocrx_word' id='word_1_322' title='bbox 660 3095 869 3166; x_wconf 88' lang='lat' dir='ltr'><strong>comparationis</strong></span> <span class='ocrx_word' id='word_1_323' title='bbox 888 3100 1075 3163; x_wconf 78' lang='lat' dir='ltr'><strong>argumentum</strong></span> <span class='ocrx_word' id='word_1_324' title='bbox 1094 3095 1121 3148; x_wconf 91' lang='lat' dir='ltr'><strong>in</strong></span> <span class='ocrx_word' id='word_1_325' title='bbox 1141 3093 1259 3160; x_wconf 84' lang='lat' dir='ltr'><strong>occulto,</strong></span> <span class='ocrx_word' id='word_1_326' title='bbox 1278 3095 1330 3150; x_wconf 89' lang='lat' dir='ltr'><strong>lroc</strong></span> <span class='ocrx_word' id='word_1_327' title='bbox 1349 3113 1400 3163; x_wconf 84' lang='lat' dir='ltr'><strong>sc,</strong></span> <span class='ocrx_word' id='word_1_328' title='bbox 1420 3104 1449 3149; x_wconf 91' lang='lat' dir='ltr'><strong>ut</strong></span> <span class='ocrx_word' id='word_1_329' title='bbox 1468 3096 1543 3152; x_wconf 87' lang='lat' dir='ltr'><strong>nulla</strong></span> <span class='ocrx_word' id='word_1_330' title='bbox 1561 3096 1601 3152; x_wconf 91' lang='lat' dir='ltr'><strong>ilii</strong></span> <span class='ocrx_word' id='word_1_331' title='bbox 1620 3113 1681 3169; x_wconf 87' lang='lat' dir='ltr'><strong>pars</strong></span> 
     </span>
     <span class='ocr_line' id='line_1_33' title="bbox 331 3171 1681 3246; baseline -0.001 -16"><span class='ocrx_word' id='word_1_332' title='bbox 331 3177 447 3232; x_wconf 88' lang='lat' dir='ltr'><strong>musices</strong></span> <span class='ocrx_word' id='word_1_333' title='bbox 466 3175 592 3244; x_wconf 84' lang='lat' dir='ltr'><strong>supersit,</strong></span> <span class='ocrx_word' id='word_1_334' title='bbox 611 3191 681 3245; x_wconf 89' lang='lat' dir='ltr'><strong>qaae</strong></span> <span class='ocrx_word' id='word_1_335' title='bbox 700 3193 754 3230; x_wconf 92' lang='lat' dir='ltr'><strong>non</strong></span> <span class='ocrx_word' id='word_1_336' title='bbox 773 3175 925 3245; x_wconf 87' lang='lat' dir='ltr'><strong>reperiatur</strong></span> <span class='ocrx_word' id='word_1_337' title='bbox 943 3173 970 3227; x_wconf 93' lang='lat' dir='ltr'><strong>in</strong></span> <span class='ocrx_word' id='word_1_338' title='bbox 990 3171 1081 3241; x_wconf 87' lang='lat' dir='ltr'><strong>coelo,</strong></span> <span class='ocrx_word' id='word_1_339' title='bbox 1100 3173 1172 3243; x_wconf 90' lang='lat' dir='ltr'><strong>quad</strong></span> <span class='ocrx_word' id='word_1_340' title='bbox 1190 3175 1311 3229; x_wconf 88' lang='lat' dir='ltr'><strong>insinuat</strong></span> <span class='ocrx_word' id='word_1_341' title='bbox 1327 3189 1393 3229; x_wconf 88' lang='lat' dir='ltr'><strong>racc</strong></span> <span class='ocrx_word' id='word_1_342' title='bbox 1414 3175 1563 3230; x_wconf 81' lang='lat' dir='ltr'><strong>«residue».</strong></span> <span class='ocrx_word' id='word_1_343' title='bbox 1601 3175 1681 3246; x_wconf 83' lang='lat' dir='ltr'><strong>Atqui</strong></span> 
     </span>
     <span class='ocr_line' id='line_1_34' title="bbox 331 3253 1682 3324; baseline -0.002 -13"><span class='ocrx_word' id='word_1_344' title='bbox 331 3255 355 3311; x_wconf 91' lang='lat' dir='ltr'><strong>si</strong></span> <span class='ocrx_word' id='word_1_345' title='bbox 372 3262 498 3310; x_wconf 86' lang='lat' dir='ltr'><strong>tonorum</strong></span> <span class='ocrx_word' id='word_1_346' title='bbox 519 3253 702 3308; x_wconf 83' lang='lat' dir='ltr'><strong>definitionem</strong></span> <span class='ocrx_word' id='word_1_347' title='bbox 720 3262 839 3324; x_wconf 80' lang='lat' dir='ltr'><strong>spectes,</strong></span> <span class='ocrx_word' id='word_1_348' title='bbox 869 3269 901 3308; x_wconf 87' lang='lat' dir='ltr'><strong>ea</strong></span> <span class='ocrx_word' id='word_1_349' title='bbox 919 3260 976 3308; x_wconf 90' lang='lat' dir='ltr'><strong>tate</strong></span> <span class='ocrx_word' id='word_1_350' title='bbox 995 3269 1012 3307; x_wconf 89' lang='lat' dir='ltr'><strong>a</strong></span> <span class='ocrx_word' id='word_1_351' title='bbox 1030 3261 1125 3323; x_wconf 87' lang='lat' dir='ltr'><strong>cantu,</strong></span> <span class='ocrx_word' id='word_1_352' title='bbox 1151 3261 1181 3308; x_wconf 92' lang='lat' dir='ltr'><strong>ut</strong></span> <span class='ocrx_word' id='word_1_353' title='bbox 1200 3263 1295 3308; x_wconf 87' lang='lat' dir='ltr'><strong>cantus</strong></span> <span class='ocrx_word' id='word_1_354' title='bbox 1313 3261 1369 3324; x_wconf 86' lang='lat' dir='ltr'><strong>ert,</strong></span> <span class='ocrx_word' id='word_1_355' title='bbox 1389 3255 1535 3323; x_wconf 84' lang='lat' dir='ltr'><strong>dependet,</strong></span> <span class='ocrx_word' id='word_1_356' title='bbox 1556 3272 1572 3308; x_wconf 89' lang='lat' dir='ltr'><strong>a</strong></span> <span class='ocrx_word' id='word_1_357' title='bbox 1591 3255 1682 3309; x_wconf 87' lang='lat' dir='ltr'><strong>circuli</strong></span> 
     </span>
     <span class='ocr_line' id='line_1_35' title="bbox 331 3331 1681 3402; baseline -0.001 -14"><span class='ocrx_word' id='word_1_358' title='bbox 331 3349 394 3390; x_wconf 79' lang='lat' dir='ltr'><strong>aera</strong></span> <span class='ocrx_word' id='word_1_359' title='bbox 413 3341 511 3389; x_wconf 88' lang='lat' dir='ltr'><strong>natura</strong></span> <span class='ocrx_word' id='word_1_360' title='bbox 530 3349 578 3387; x_wconf 87' lang='lat' dir='ltr'><strong>sen</strong></span> <span class='ocrx_word' id='word_1_361' title='bbox 597 3349 613 3386; x_wconf 94' lang='lat' dir='ltr'><strong>a</strong></span> <span class='ocrx_word' id='word_1_362' title='bbox 630 3334 800 3402; x_wconf 87' lang='lat' dir='ltr'><strong>planetamm</strong></span> <span class='ocrx_word' id='word_1_363' title='bbox 819 3331 1035 3402; x_wconf 81' lang='lat' dir='ltr'><strong>separationibus</strong></span> <span class='ocrx_word' id='word_1_364' title='bbox 1054 3339 1097 3386; x_wconf 89' lang='lat' dir='ltr'><strong>est</strong></span> <span class='ocrx_word' id='word_1_365' title='bbox 1115 3331 1286 3387; x_wconf 87' lang='lat' dir='ltr'><strong>alienissima.</strong></span> <span class='ocrx_word' id='word_1_366' title='bbox 1323 3333 1407 3400; x_wconf 75' lang='lat' dir='ltr'><strong>Quasi</strong></span> <span class='ocrx_word' id='word_1_367' title='bbox 1427 3350 1490 3386; x_wconf 84' lang='lat' dir='ltr'><strong>vera</strong></span> <span class='ocrx_word' id='word_1_368' title='bbox 1509 3331 1578 3387; x_wconf 92' lang='lat' dir='ltr'><strong>nihil</strong></span> <span class='ocrx_word' id='word_1_369' title='bbox 1597 3333 1681 3402; x_wconf 87' lang='lat' dir='ltr'><strong>possit</strong></span> 
     </span>
     <span class='ocr_line' id='line_1_36' title="bbox 330 3411 1681 3483; baseline -0.001 -15"><span class='ocrx_word' id='word_1_370' title='bbox 330 3413 461 3469; x_wconf 84' lang='lat' dir='ltr'><strong>accedere</strong></span> <span class='ocrx_word' id='word_1_371' title='bbox 479 3413 573 3467; x_wconf 74' lang='lat' dir='ltr'><strong>cantori</strong></span> <span class='ocrx_word' id='word_1_372' title='bbox 590 3421 653 3482; x_wconf 89' lang='lat' dir='ltr'><strong>post</strong></span> <span class='ocrx_word' id='word_1_373' title='bbox 672 3413 803 3483; x_wconf 84' lang='lat' dir='ltr'><strong>principia</strong></span> <span class='ocrx_word' id='word_1_374' title='bbox 823 3413 958 3466; x_wconf 91' lang='lat' dir='ltr'><strong>ratianum</strong></span> <span class='ocrx_word' id='word_1_375' title='bbox 977 3427 1010 3466; x_wconf 85' lang='lat' dir='ltr'><strong>ex</strong></span> <span class='ocrx_word' id='word_1_376' title='bbox 1030 3412 1131 3466; x_wconf 90' lang='lat' dir='ltr'><strong>circulo</strong></span> <span class='ocrx_word' id='word_1_377' title='bbox 1150 3411 1285 3481; x_wconf 84' lang='lat' dir='ltr'><strong>desumto,</strong></span> <span class='ocrx_word' id='word_1_378' title='bbox 1305 3413 1377 3482; x_wconf 90' lang='lat' dir='ltr'><strong>quad</strong></span> <span class='ocrx_word' id='word_1_379' title='bbox 1397 3431 1450 3468; x_wconf 91' lang='lat' dir='ltr'><strong>non</strong></span> <span class='ocrx_word' id='word_1_380' title='bbox 1468 3413 1560 3470; x_wconf 88' lang='lat' dir='ltr'><strong>itidem</strong></span> <span class='ocrx_word' id='word_1_381' title='bbox 1580 3428 1615 3468; x_wconf 87' lang='lat' dir='ltr'><strong>ex</strong></span> <span class='ocrx_word' id='word_1_382' title='bbox 1634 3413 1681 3467; x_wconf 90' lang='lat' dir='ltr'><strong>cir-</strong></span> 
     </span>
     <span class='ocr_line' id='line_1_37' title="bbox 330 3490 1680 3563; baseline -0.003 -15"><span class='ocrx_word' id='word_1_383' title='bbox 330 3493 392 3552; x_wconf 87' lang='lat' dir='ltr'><strong>culo</strong></span> <span class='ocrx_word' id='word_1_384' title='bbox 410 3491 575 3548; x_wconf 87' lang='lat' dir='ltr'><strong>desumatur.</strong></span> <span class='ocrx_word' id='word_1_385' title='bbox 617 3493 750 3562; x_wconf 79' lang='lat' dir='ltr'><strong>Quaeram</strong></span> <span class='ocrx_word' id='word_1_386' title='bbox 769 3493 862 3563; x_wconf 78' lang='lat' dir='ltr'><strong>igitar,</strong></span> <span class='ocrx_word' id='word_1_387' title='bbox 881 3508 936 3561; x_wconf 87' lang='lat' dir='ltr'><strong>qua</strong></span> <span class='ocrx_word' id='word_1_388' title='bbox 954 3492 1070 3561; x_wconf 79' lang='lat' dir='ltr'><strong>imagine</strong></span> <span class='ocrx_word' id='word_1_389' title='bbox 1088 3497 1192 3555; x_wconf 81' lang='lat' dir='ltr'><strong>textus,</strong></span> <span class='ocrx_word' id='word_1_390' title='bbox 1218 3494 1264 3561; x_wconf 90' lang='lat' dir='ltr'><strong>qui</strong></span> <span class='ocrx_word' id='word_1_391' title='bbox 1283 3493 1317 3548; x_wconf 91' lang='lat' dir='ltr'><strong>ad</strong></span> <span class='ocrx_word' id='word_1_392' title='bbox 1336 3493 1479 3549; x_wconf 84' lang='lat' dir='ltr'><strong>melodiam</strong></span> <span class='ocrx_word' id='word_1_393' title='bbox 1498 3493 1619 3556; x_wconf 85' lang='lat' dir='ltr'><strong>canitur,</strong></span> <span class='ocrx_word' id='word_1_394' title='bbox 1637 3490 1680 3544; x_wconf 91' lang='lat' dir='ltr'><strong>de·</strong></span> 
     </span>
     <span class='ocr_line' id='line_1_38' title="bbox 331 3565 1680 3642; baseline -0.001 -17"><span class='ocrx_word' id='word_1_395' title='bbox 331 3571 450 3642; x_wconf 89' lang='lat' dir='ltr'><strong>scriptus</strong></span> <span class='ocrx_word' id='word_1_396' title='bbox 468 3575 504 3626; x_wconf 90' lang='lat' dir='ltr'><strong>sit</strong></span> <span class='ocrx_word' id='word_1_397' title='bbox 521 3571 548 3626; x_wconf 90' lang='lat' dir='ltr'><strong>in</strong></span> <span class='ocrx_word' id='word_1_398' title='bbox 567 3565 702 3627; x_wconf 76' lang='lat' dir='ltr'><strong>zodiaco?</strong></span> <span class='ocrx_word' id='word_1_399' title='bbox 739 3573 808 3628; x_wconf 87' lang='lat' dir='ltr'><strong>Toni</strong></span> <span class='ocrx_word' id='word_1_400' title='bbox 826 3571 929 3628; x_wconf 70' lang='lat' dir='ltr'><strong>sanant</strong></span> <span class='ocrx_word' id='word_1_401' title='bbox 948 3573 1043 3628; x_wconf 87' lang='lat' dir='ltr'><strong>urdine</strong></span> <span class='ocrx_word' id='word_1_402' title='bbox 1062 3572 1252 3626; x_wconf 83' lang='lat' dir='ltr'><strong>cancianorum</strong></span> <span class='ocrx_word' id='word_1_403' title='bbox 1282 3589 1331 3628; x_wconf 88' lang='lat' dir='ltr'><strong>scu</strong></span> <span class='ocrx_word' id='word_1_404' title='bbox 1357 3573 1463 3628; x_wconf 87' lang='lat' dir='ltr'><strong>diversa</strong></span> <span class='ocrx_word' id='word_1_405' title='bbox 1488 3572 1680 3628; x_wconf 79' lang='lat' dir='ltr'><strong>cancianorum</strong></span> 
     </span>
     <span class='ocr_line' id='line_1_39' title="bbox 330 3649 1680 3728; baseline -0.002 -23"><span class='ocrx_word' id='word_1_406' title='bbox 330 3649 434 3708; x_wconf 90' lang='lat' dir='ltr'><strong>ordinis</strong></span> <span class='ocrx_word' id='word_1_407' title='bbox 452 3649 543 3720; x_wconf 91' lang='lat' dir='ltr'><strong>initio,</strong></span> <span class='ocrx_word' id='word_1_408' title='bbox 571 3657 599 3705; x_wconf 92' lang='lat' dir='ltr'><strong>et</strong></span> <span class='ocrx_word' id='word_1_409' title='bbox 617 3651 640 3706; x_wconf 92' lang='lat' dir='ltr'><strong>si</strong></span> <span class='ocrx_word' id='word_1_410' title='bbox 658 3653 727 3706; x_wconf 88' lang='lat' dir='ltr'><strong>bene</strong></span> <span class='ocrx_word' id='word_1_411' title='bbox 744 3652 865 3723; x_wconf 89' lang='lat' dir='ltr'><strong>percipio</strong></span> <span class='ocrx_word' id='word_1_412' title='bbox 884 3651 1084 3728; x_wconf 80' lang='lat' dir='ltr'><strong>Ptolemaeum,</strong></span> <span class='ocrx_word' id='word_1_413' title='bbox 1111 3651 1186 3706; x_wconf 88' lang='lat' dir='ltr'><strong>nulia</strong></span> <span class='ocrx_word' id='word_1_414' title='bbox 1210 3650 1262 3706; x_wconf 87' lang='lat' dir='ltr'><strong>alia</strong></span> <span class='ocrx_word' id='word_1_415' title='bbox 1288 3669 1317 3707; x_wconf 92' lang='lat' dir='ltr'><strong>rc</strong></span> <span class='ocrx_word' id='word_1_416' title='bbox 1344 3671 1359 3708; x_wconf 88' lang='lat' dir='ltr'><strong>a</strong></span> <span class='ocrx_word' id='word_1_417' title='bbox 1383 3654 1526 3723; x_wconf 88' lang='lat' dir='ltr'><strong>speciebus</strong></span> <span class='ocrx_word' id='word_1_418' title='bbox 1549 3651 1680 3720; x_wconf 90' lang='lat' dir='ltr'><strong>diapason</strong></span> 
     </span>
     <span class='ocr_line' id='line_1_40' title="bbox 331 3726 1680 3802; baseline -0.003 -18"><span class='ocrx_word' id='word_1_419' title='bbox 331 3726 474 3799; x_wconf 80' lang='lat' dir='ltr'><strong>differunt,</strong></span> <span class='ocrx_word' id='word_1_420' title='bbox 502 3745 583 3798; x_wconf 89' lang='lat' dir='ltr'><strong>quam</strong></span> <span class='ocrx_word' id='word_1_421' title='bbox 610 3728 752 3784; x_wconf 89' lang='lat' dir='ltr'><strong>altitudine</strong></span> <span class='ocrx_word' id='word_1_422' title='bbox 778 3731 805 3785; x_wconf 90' lang='lat' dir='ltr'><strong>in</strong></span> <span class='ocrx_word' id='word_1_423' title='bbox 833 3733 956 3801; x_wconf 83' lang='lat' dir='ltr'><strong>perlecto</strong></span> <span class='ocrx_word' id='word_1_424' title='bbox 984 3741 1139 3802; x_wconf 74' lang='lat' dir='ltr'><strong>systemate.</strong></span> <span class='ocrx_word' id='word_1_425' title='bbox 1176 3731 1340 3788; x_wconf 85' lang='lat' dir='ltr'><strong>Mutatioues</strong></span> <span class='ocrx_word' id='word_1_426' title='bbox 1359 3732 1529 3802; x_wconf 87' lang='lat' dir='ltr'><strong>propriarum</strong></span> <span class='ocrx_word' id='word_1_427' title='bbox 1548 3730 1680 3798; x_wconf 79' lang='lat' dir='ltr'><strong>cuiusque</strong></span> 
     </span>
     <span class='ocr_line' id='line_1_41' title="bbox 330 3806 1679 3882; baseline -0.002 -20"><span class='ocrx_word' id='word_1_428' title='bbox 330 3806 502 3864; x_wconf 85' lang='lat' dir='ltr'><strong>latitudinum</strong></span> <span class='ocrx_word' id='word_1_429' title='bbox 520 3809 560 3874; x_wconf 85' lang='lat' dir='ltr'><strong>(ut</strong></span> <span class='ocrx_word' id='word_1_430' title='bbox 578 3816 685 3862; x_wconf 87' lang='lat' dir='ltr'><strong>maneat</strong></span> <span class='ocrx_word' id='word_1_431' title='bbox 703 3809 780 3864; x_wconf 89' lang='lat' dir='ltr'><strong>nohis</strong></span> <span class='ocrx_word' id='word_1_432' title='bbox 798 3809 870 3866; x_wconf 89' lang='lat' dir='ltr'><strong>idem</strong></span> <span class='ocrx_word' id='word_1_433' title='bbox 888 3827 977 3867; x_wconf 89' lang='lat' dir='ltr'><strong>rerrrm</strong></span> <span class='ocrx_word' id='word_1_434' title='bbox 996 3811 1235 3882; x_wconf 86' lang='lat' dir='ltr'><strong>comparandarum</strong></span> <span class='ocrx_word' id='word_1_435' title='bbox 1256 3827 1354 3880; x_wconf 75' lang='lat' dir='ltr'><strong>nenas,</strong></span> <span class='ocrx_word' id='word_1_436' title='bbox 1374 3809 1447 3880; x_wconf 90' lang='lat' dir='ltr'><strong>quad</strong></span> <span class='ocrx_word' id='word_1_437' title='bbox 1466 3811 1610 3872; x_wconf 81' lang='lat' dir='ltr'><strong>hactenus)</strong></span> <span class='ocrx_word' id='word_1_438' title='bbox 1629 3821 1679 3860; x_wconf 93' lang='lat' dir='ltr'><strong>nan</strong></span> 
     </span>
     <span class='ocr_line' id='line_1_42' title="bbox 331 3887 1679 3962; baseline -0.001 -20"><span class='ocrx_word' id='word_1_439' title='bbox 331 3887 436 3942; x_wconf 80' lang='lat' dir='ltr'><strong>variam</strong></span> <span class='ocrx_word' id='word_1_440' title='bbox 453 3888 574 3944; x_wconf 86' lang='lat' dir='ltr'><strong>ordinem</strong></span> <span class='ocrx_word' id='word_1_441' title='bbox 592 3895 760 3958; x_wconf 85' lang='lat' dir='ltr'><strong>aspectuum,</strong></span> <span class='ocrx_word' id='word_1_442' title='bbox 780 3891 918 3946; x_wconf 80' lang='lat' dir='ltr'><strong>concinnis</strong></span> <span class='ocrx_word' id='word_1_443' title='bbox 936 3890 1168 3962; x_wconf 84' lang='lat' dir='ltr'><strong>respondentium,</strong></span> <span class='ocrx_word' id='word_1_444' title='bbox 1188 3891 1234 3944; x_wconf 88' lang='lat' dir='ltr'><strong>seri</strong></span> <span class='ocrx_word' id='word_1_445' title='bbox 1254 3889 1379 3946; x_wconf 85' lang='lat' dir='ltr'><strong>videntur</strong></span> <span class='ocrx_word' id='word_1_446' title='bbox 1395 3889 1496 3960; x_wconf 90' lang='lat' dir='ltr'><strong>proprii</strong></span> <span class='ocrx_word' id='word_1_447' title='bbox 1515 3888 1679 3955; x_wconf 75' lang='lat' dir='ltr'><strong>singularum</strong></span> 
     </span>
     <span class='ocr_line' id='line_1_43' title="bbox 330 3966 1679 4038; baseline -0.001 -16"><span class='ocrx_word' id='word_1_448' title='bbox 330 3975 420 4024; x_wconf 87' lang='lat' dir='ltr'><strong>motas</strong></span> <span class='ocrx_word' id='word_1_449' title='bbox 438 3966 465 4021; x_wconf 88' lang='lat' dir='ltr'><strong>in</strong></span> <span class='ocrx_word' id='word_1_450' title='bbox 483 3966 577 4036; x_wconf 87' lang='lat' dir='ltr'><strong>latum,</strong></span> <span class='ocrx_word' id='word_1_451' title='bbox 595 3983 610 4020; x_wconf 88' lang='lat' dir='ltr'><strong>a</strong></span> <span class='ocrx_word' id='word_1_452' title='bbox 629 3972 752 4020; x_wconf 85' lang='lat' dir='ltr'><strong>creatore</strong></span> <span class='ocrx_word' id='word_1_453' title='bbox 772 3967 799 4022; x_wconf 91' lang='lat' dir='ltr'><strong>in</strong></span> <span class='ocrx_word' id='word_1_454' title='bbox 818 3970 844 4022; x_wconf 82' lang='lat' dir='ltr'><strong>iel</strong></span> <span class='ocrx_word' id='word_1_455' title='bbox 864 3968 1028 4038; x_wconf 85' lang='lat' dir='ltr'><strong>comparati,</strong></span> <span class='ocrx_word' id='word_1_456' title='bbox 1048 3977 1078 4023; x_wconf 92' lang='lat' dir='ltr'><strong>ut</strong></span> <span class='ocrx_word' id='word_1_457' title='bbox 1096 3983 1223 4022; x_wconf 81' lang='lat' dir='ltr'><strong>sirccessu</strong></span> <span class='ocrx_word' id='word_1_458' title='bbox 1243 3969 1395 4023; x_wconf 89' lang='lat' dir='ltr'><strong>seculorum</strong></span> <span class='ocrx_word' id='word_1_459' title='bbox 1415 3969 1501 4021; x_wconf 88' lang='lat' dir='ltr'><strong>omnis</strong></span> <span class='ocrx_word' id='word_1_460' title='bbox 1519 3966 1679 4034; x_wconf 84' lang='lat' dir='ltr'><strong>superficies</strong></span> 
     </span>
     <span class='ocr_line' id='line_1_44' title="bbox 330 4043 1679 4118; baseline -0.003 -16"><span class='ocrx_word' id='word_1_461' title='bbox 330 4047 470 4118; x_wconf 86' lang='lat' dir='ltr'><strong>sphaerae,</strong></span> <span class='ocrx_word' id='word_1_462' title='bbox 489 4045 586 4114; x_wconf 81' lang='lat' dir='ltr'><strong>carique</strong></span> <span class='ocrx_word' id='word_1_463' title='bbox 605 4043 731 4115; x_wconf 89' lang='lat' dir='ltr'><strong>planatae</strong></span> <span class='ocrx_word' id='word_1_464' title='bbox 749 4045 915 4114; x_wconf 75' lang='lat' dir='ltr'><strong>assignatae,</strong></span> <span class='ocrx_word' id='word_1_465' title='bbox 934 4053 1152 4115; x_wconf 68' lang='lat' dir='ltr'><strong>percurreretur:</strong></span> <span class='ocrx_word' id='word_1_466' title='bbox 1172 4047 1262 4116; x_wconf 88' lang='lat' dir='ltr'><strong>itaque</strong></span> <span class='ocrx_word' id='word_1_467' title='bbox 1281 4048 1392 4117; x_wconf 88' lang='lat' dir='ltr'><strong>planeta</strong></span> <span class='ocrx_word' id='word_1_468' title='bbox 1410 4047 1555 4102; x_wconf 88' lang='lat' dir='ltr'><strong>crebritate</strong></span> <span class='ocrx_word' id='word_1_469' title='bbox 1573 4060 1679 4101; x_wconf 89' lang='lat' dir='ltr'><strong>conser-</strong></span> 
     </span>
     <span class='ocr_line' id='line_1_45' title="bbox 329 4124 1679 4197; baseline 0 -17"><span class='ocrx_word' id='word_1_470' title='bbox 329 4133 418 4180; x_wconf 86' lang='lat' dir='ltr'><strong>torum</strong></span> <span class='ocrx_word' id='word_1_471' title='bbox 436 4130 573 4180; x_wconf 86' lang='lat' dir='ltr'><strong>meatuum</strong></span> <span class='ocrx_word' id='word_1_472' title='bbox 593 4124 735 4194; x_wconf 83' lang='lat' dir='ltr'><strong>sphaeram</strong></span> <span class='ocrx_word' id='word_1_473' title='bbox 754 4125 804 4178; x_wconf 89' lang='lat' dir='ltr'><strong>sibi</strong></span> <span class='ocrx_word' id='word_1_474' title='bbox 824 4127 943 4197; x_wconf 86' lang='lat' dir='ltr'><strong>undiquc</strong></span> <span class='ocrx_word' id='word_1_475' title='bbox 961 4126 1114 4183; x_wconf 86' lang='lat' dir='ltr'><strong>conclusam</strong></span> <span class='ocrx_word' id='word_1_476' title='bbox 1133 4134 1238 4181; x_wconf 87' lang='lat' dir='ltr'><strong>texerat</strong></span> <span class='ocrx_word' id='word_1_477' title='bbox 1255 4128 1341 4184; x_wconf 85' lang='lat' dir='ltr'><strong>instar</strong></span> <span class='ocrx_word' id='word_1_478' title='bbox 1358 4127 1505 4197; x_wconf 83' lang='lat' dir='ltr'><strong>bombycis,</strong></span> <span class='ocrx_word' id='word_1_479' title='bbox 1524 4132 1551 4179; x_wconf 82' lang='lat' dir='ltr'><strong>et</strong></span> <span class='ocrx_word' id='word_1_480' title='bbox 1565 4133 1594 4180; x_wconf 87' lang='lat' dir='ltr'><strong>nt</strong></span> <span class='ocrx_word' id='word_1_481' title='bbox 1614 4127 1679 4180; x_wconf 84' lang='lat' dir='ltr'><strong>haer</strong></span> 
     </span>
     <span class='ocr_line' id='line_1_46' title="bbox 330 4202 1383 4276; baseline 0.001 -16"><span class='ocrx_word' id='word_1_482' title='bbox 330 4202 389 4276; x_wconf 88' lang='lat' dir='ltr'><strong>iilo,</strong></span> <span class='ocrx_word' id='word_1_483' title='bbox 406 4205 445 4261; x_wconf 89' lang='lat' dir='ltr'><strong>sio</strong></span> <span class='ocrx_word' id='word_1_484' title='bbox 463 4204 509 4259; x_wconf 88' lang='lat' dir='ltr'><strong>illa</strong></span> <span class='ocrx_word' id='word_1_485' title='bbox 528 4211 649 4260; x_wconf 86' lang='lat' dir='ltr'><strong>motuum</strong></span> <span class='ocrx_word' id='word_1_486' title='bbox 669 4203 789 4272; x_wconf 76' lang='lat' dir='ltr'><strong>vestigiis</strong></span> <span class='ocrx_word' id='word_1_487' title='bbox 807 4207 928 4274; x_wconf 85' lang='lat' dir='ltr'><strong>eorporis</strong></span> <span class='ocrx_word' id='word_1_488' title='bbox 947 4208 1005 4262; x_wconf 85' lang='lat' dir='ltr'><strong>cari</strong></span> <span class='ocrx_word' id='word_1_489' title='bbox 1024 4208 1140 4274; x_wconf 83' lang='lat' dir='ltr'><strong>speciem</strong></span> <span class='ocrx_word' id='word_1_490' title='bbox 1159 4215 1383 4276; x_wconf 86' lang='lat' dir='ltr'><strong>repraesentaret.</strong></span> 
     </span>
    </p>

    <p class='ocr_par' dir='ltr' id='par_1_7' title="bbox 330 4280 1678 4908">
     <span class='ocr_line' id='line_1_47' title="bbox 416 4280 1678 4354; baseline -0.002 -16"><span class='ocrx_word' id='word_1_491' title='bbox 416 4282 503 4339; x_wconf 84' lang='lat' dir='ltr'><strong>Paulo</strong></span> <span class='ocrx_word' id='word_1_492' title='bbox 520 4280 636 4337; x_wconf 72' lang='lat' dir='ltr'><strong>sonasse</strong></span> <span class='ocrx_word' id='word_1_493' title='bbox 654 4283 755 4336; x_wconf 81' lang='lat' dir='ltr'><strong>rectius</strong></span> <span class='ocrx_word' id='word_1_494' title='bbox 774 4286 970 4352; x_wconf 75' lang='lat' dir='ltr'><strong>comparaverit</strong></span> <span class='ocrx_word' id='word_1_495' title='bbox 998 4284 1095 4353; x_wconf 85' lang='lat' dir='ltr'><strong>aliquis</strong></span> <span class='ocrx_word' id='word_1_496' title='bbox 1114 4284 1219 4339; x_wconf 84' lang='lat' dir='ltr'><strong>diversa</strong></span> <span class='ocrx_word' id='word_1_497' title='bbox 1247 4285 1458 4354; x_wconf 78' lang='lat' dir='ltr'><strong>planetariorum</strong></span> <span class='ocrx_word' id='word_1_498' title='bbox 1478 4284 1678 4354; x_wconf 88' lang='lat' dir='ltr'><strong>separationum</strong></span> 
     </span>
     <span class='ocr_line' id='line_1_48' title="bbox 331 4359 1677 4432; baseline -0.001 -18"><span class='ocrx_word' id='word_1_499' title='bbox 331 4360 425 4426; x_wconf 87' lang='lat' dir='ltr'><strong>initia,</strong></span> <span class='ocrx_word' id='word_1_500' title='bbox 451 4360 525 4416; x_wconf 82' lang='lat' dir='ltr'><strong>verbi</strong></span> <span class='ocrx_word' id='word_1_501' title='bbox 544 4376 642 4428; x_wconf 73' lang='lat' dir='ltr'><strong>musa,</strong></span> <span class='ocrx_word' id='word_1_502' title='bbox 671 4361 694 4412; x_wconf 84' lang='lat' dir='ltr'><strong>si</strong></span> <span class='ocrx_word' id='word_1_503' title='bbox 715 4377 785 4416; x_wconf 87' lang='lat' dir='ltr'><strong>unrrs</strong></span> <span class='ocrx_word' id='word_1_504' title='bbox 803 4362 838 4416; x_wconf 89' lang='lat' dir='ltr'><strong>sit</strong></span> <span class='ocrx_word' id='word_1_505' title='bbox 857 4369 936 4418; x_wconf 80' lang='lat' dir='ltr'><strong>rietus</strong></span> <span class='ocrx_word' id='word_1_506' title='bbox 964 4379 1035 4418; x_wconf 90' lang='lat' dir='ltr'><strong>anna</strong></span> <span class='ocrx_word' id='word_1_507' title='bbox 1058 4363 1123 4420; x_wconf 75' lang='lat' dir='ltr'><strong>taos</strong></span> <span class='ocrx_word' id='word_1_508' title='bbox 1142 4362 1193 4418; x_wconf 87' lang='lat' dir='ltr'><strong>snb</strong></span> <span class='ocrx_word' id='word_1_509' title='bbox 1211 4364 1403 4432; x_wconf 79' lang='lat' dir='ltr'><strong>conjunctione</strong></span> <span class='ocrx_word' id='word_1_510' title='bbox 1420 4364 1528 4420; x_wconf 82' lang='lat' dir='ltr'><strong>Satumi</strong></span> <span class='ocrx_word' id='word_1_511' title='bbox 1548 4368 1576 4416; x_wconf 87' lang='lat' dir='ltr'><strong>et</strong></span> <span class='ocrx_word' id='word_1_512' title='bbox 1593 4359 1677 4417; x_wconf 86' lang='lat' dir='ltr'><strong>Joris.</strong></span> 
     </span>
     <span class='ocr_line' id='line_1_49' title="bbox 330 4437 1677 4512; baseline 0.003 -22"><span class='ocrx_word' id='word_1_513' title='bbox 330 4437 399 4492; x_wconf 82' lang='lat' dir='ltr'><strong>alins</strong></span> <span class='ocrx_word' id='word_1_514' title='bbox 419 4440 486 4495; x_wconf 77' lang='lat' dir='ltr'><strong>toiri</strong></span> <span class='ocrx_word' id='word_1_515' title='bbox 504 4439 555 4496; x_wconf 89' lang='lat' dir='ltr'><strong>sub</strong></span> <span class='ocrx_word' id='word_1_516' title='bbox 574 4438 680 4494; x_wconf 83' lang='lat' dir='ltr'><strong>sextili.</strong></span> <span class='ocrx_word' id='word_1_517' title='bbox 709 4439 805 4494; x_wconf 86' lang='lat' dir='ltr'><strong>tertius</strong></span> <span class='ocrx_word' id='word_1_518' title='bbox 823 4453 893 4496; x_wconf 79' lang='lat' dir='ltr'><strong>anno</strong></span> <span class='ocrx_word' id='word_1_519' title='bbox 916 4442 982 4496; x_wconf 74' lang='lat' dir='ltr'><strong>ib&#39;0e</strong></span> <span class='ocrx_word' id='word_1_520' title='bbox 1002 4441 1052 4496; x_wconf 85' lang='lat' dir='ltr'><strong>sub</strong></span> <span class='ocrx_word' id='word_1_521' title='bbox 1071 4441 1221 4510; x_wconf 87' lang='lat' dir='ltr'><strong>quadratu,</strong></span> <span class='ocrx_word' id='word_1_522' title='bbox 1249 4451 1361 4512; x_wconf 85' lang='lat' dir='ltr'><strong>quartus</strong></span> <span class='ocrx_word' id='word_1_523' title='bbox 1386 4457 1457 4498; x_wconf 89' lang='lat' dir='ltr'><strong>anua</strong></span> <span class='ocrx_word' id='word_1_524' title='bbox 1478 4443 1545 4498; x_wconf 77' lang='grc'><strong>1609</strong></span> <span class='ocrx_word' id='word_1_525' title='bbox 1563 4441 1615 4499; x_wconf 88' lang='lat' dir='ltr'><strong>snb</strong></span> <span class='ocrx_word' id='word_1_526' title='bbox 1633 4439 1677 4494; x_wconf 76' lang='grc'><strong>111-</strong></span> 
     </span>
     <span class='ocr_line' id='line_1_50' title="bbox 331 4511 1678 4590; baseline 0.002 -19"><span class='ocrx_word' id='word_1_527' title='bbox 331 4532 418 4586; x_wconf 73' lang='lat' dir='ltr'><strong>gono,</strong></span> <span class='ocrx_word' id='word_1_528' title='bbox 444 4522 555 4587; x_wconf 88' lang='lat' dir='ltr'><strong>quintus</strong></span> <span class='ocrx_word' id='word_1_529' title='bbox 574 4533 645 4576; x_wconf 86' lang='lat' dir='ltr'><strong>anua</strong></span> <span class='ocrx_word' id='word_1_530' title='bbox 667 4521 733 4576; x_wconf 81' lang='grc'><strong>1612</strong></span> <span class='ocrx_word' id='word_1_531' title='bbox 753 4519 803 4574; x_wconf 91' lang='lat' dir='ltr'><strong>sub</strong></span> <span class='ocrx_word' id='word_1_532' title='bbox 822 4511 947 4590; x_wconf 77' lang='lat' dir='ltr'><strong>apposito</strong></span> <span class='ocrx_word' id='word_1_533' title='bbox 965 4527 1017 4576; x_wconf 88' lang='lat' dir='ltr'><strong>etc.</strong></span> <span class='ocrx_word' id='word_1_534' title='bbox 1054 4521 1161 4576; x_wconf 83' lang='lat' dir='ltr'><strong>Primus</strong></span> <span class='ocrx_word' id='word_1_535' title='bbox 1179 4521 1262 4590; x_wconf 76' lang='lat' dir='ltr'><strong>igitur</strong></span> <span class='ocrx_word' id='word_1_536' title='bbox 1279 4522 1382 4577; x_wconf 83' lang='lat' dir='ltr'><strong>vireret</strong></span> <span class='ocrx_word' id='word_1_537' title='bbox 1397 4519 1591 4576; x_wconf 83' lang='lat' dir='ltr'><strong>resolutionem</strong></span> <span class='ocrx_word' id='word_1_538' title='bbox 1609 4519 1678 4574; x_wconf 83' lang='lat' dir='ltr'><strong>riae·</strong></span> 
     </span>
     <span class='ocr_line' id='line_1_51' title="bbox 330 4596 1677 4671; baseline -0.001 -20"><span class='ocrx_word' id='word_1_539' title='bbox 330 4596 434 4652; x_wconf 65' lang='lat' dir='ltr'><strong>aarum</strong></span> <span class='ocrx_word' id='word_1_540' title='bbox 451 4599 530 4656; x_wconf 87' lang='lat' dir='ltr'><strong>aliter</strong></span> <span class='ocrx_word' id='word_1_541' title='bbox 547 4609 742 4671; x_wconf 86' lang='lat' dir='ltr'><strong>comparatam,</strong></span> <span class='ocrx_word' id='word_1_542' title='bbox 760 4615 842 4668; x_wconf 87' lang='lat' dir='ltr'><strong>quam</strong></span> <span class='ocrx_word' id='word_1_543' title='bbox 860 4599 1004 4668; x_wconf 88' lang='lat' dir='ltr'><strong>secundus,</strong></span> <span class='ocrx_word' id='word_1_544' title='bbox 1024 4609 1051 4657; x_wconf 91' lang='lat' dir='ltr'><strong>et</strong></span> <span class='ocrx_word' id='word_1_545' title='bbox 1069 4601 1113 4656; x_wconf 89' lang='lat' dir='ltr'><strong>hic</strong></span> <span class='ocrx_word' id='word_1_546' title='bbox 1131 4601 1224 4669; x_wconf 89' lang='lat' dir='ltr'><strong>aliam,</strong></span> <span class='ocrx_word' id='word_1_547' title='bbox 1243 4617 1324 4670; x_wconf 87' lang='lat' dir='ltr'><strong>quam</strong></span> <span class='ocrx_word' id='word_1_548' title='bbox 1343 4599 1451 4667; x_wconf 80' lang='lat' dir='ltr'><strong>tertius,</strong></span> <span class='ocrx_word' id='word_1_549' title='bbox 1471 4605 1499 4652; x_wconf 89' lang='lat' dir='ltr'><strong>et</strong></span> <span class='ocrx_word' id='word_1_550' title='bbox 1516 4613 1608 4653; x_wconf 86' lang='lat' dir='ltr'><strong>earum</strong></span> <span class='ocrx_word' id='word_1_551' title='bbox 1627 4597 1677 4650; x_wconf 86' lang='lat' dir='ltr'><strong>sin·</strong></span> 
     </span>
     <span class='ocr_line' id='line_1_52' title="bbox 330 4673 1678 4750; baseline -0.002 -20"><span class='ocrx_word' id='word_1_552' title='bbox 330 4673 402 4744; x_wconf 71' lang='lat' dir='ltr'><strong>pulis</strong></span> <span class='ocrx_word' id='word_1_553' title='bbox 429 4677 522 4734; x_wconf 90' lang='lat' dir='ltr'><strong>ordine</strong></span> <span class='ocrx_word' id='word_1_554' title='bbox 549 4680 656 4750; x_wconf 88' lang='lat' dir='ltr'><strong>quidem</strong></span> <span class='ocrx_word' id='word_1_555' title='bbox 682 4681 793 4750; x_wconf 84' lang='lat' dir='ltr'><strong>eodem,</strong></span> <span class='ocrx_word' id='word_1_556' title='bbox 821 4677 870 4734; x_wconf 92' lang='lat' dir='ltr'><strong>sed</strong></span> <span class='ocrx_word' id='word_1_557' title='bbox 887 4677 941 4733; x_wconf 87' lang='lat' dir='ltr'><strong>alia</strong></span> <span class='ocrx_word' id='word_1_558' title='bbox 969 4686 1050 4748; x_wconf 86' lang='lat' dir='ltr'><strong>atque</strong></span> <span class='ocrx_word' id='word_1_559' title='bbox 1077 4679 1129 4734; x_wconf 90' lang='lat' dir='ltr'><strong>ulio</strong></span> <span class='ocrx_word' id='word_1_560' title='bbox 1157 4677 1261 4748; x_wconf 89' lang='lat' dir='ltr'><strong>periodi</strong></span> <span class='ocrx_word' id='word_1_561' title='bbox 1278 4678 1371 4748; x_wconf 88' lang='lat' dir='ltr'><strong>initio,</strong></span> <span class='ocrx_word' id='word_1_562' title='bbox 1399 4677 1459 4733; x_wconf 85' lang='lat' dir='ltr'><strong>aliis</strong></span> <span class='ocrx_word' id='word_1_563' title='bbox 1477 4683 1506 4732; x_wconf 88' lang='lat' dir='ltr'><strong>et</strong></span> <span class='ocrx_word' id='word_1_564' title='bbox 1523 4675 1582 4736; x_wconf 87' lang='lat' dir='ltr'><strong>aliis</strong></span> <span class='ocrx_word' id='word_1_565' title='bbox 1601 4675 1678 4730; x_wconf 85' lang='lat' dir='ltr'><strong>aunis</strong></span> 
     </span>
     <span class='ocr_line' id='line_1_53' title="bbox 331 4753 1676 4828; baseline -0.002 -19"><span class='ocrx_word' id='word_1_566' title='bbox 331 4753 429 4811; x_wconf 73' lang='lat' dir='ltr'><strong>oetads</strong></span> <span class='ocrx_word' id='word_1_567' title='bbox 447 4757 569 4813; x_wconf 80' lang='lat' dir='ltr'><strong>senhcui</strong></span> <span class='ocrx_word' id='word_1_568' title='bbox 586 4757 757 4827; x_wconf 86' lang='lat' dir='ltr'><strong>planetarum</strong></span> <span class='ocrx_word' id='word_1_569' title='bbox 776 4765 912 4828; x_wconf 85' lang='lat' dir='ltr'><strong>aspectas.</strong></span> <span class='ocrx_word' id='word_1_570' title='bbox 948 4754 1022 4812; x_wconf 91' lang='lat' dir='ltr'><strong>Idem</strong></span> <span class='ocrx_word' id='word_1_571' title='bbox 1045 4756 1187 4812; x_wconf 88' lang='lat' dir='ltr'><strong>dicendam</strong></span> <span class='ocrx_word' id='word_1_572' title='bbox 1206 4757 1241 4812; x_wconf 90' lang='lat' dir='ltr'><strong>de</strong></span> <span class='ocrx_word' id='word_1_573' title='bbox 1259 4757 1367 4813; x_wconf 87' lang='lat' dir='ltr'><strong>diversa</strong></span> <span class='ocrx_word' id='word_1_574' title='bbox 1384 4763 1476 4812; x_wconf 89' lang='lat' dir='ltr'><strong>aetate</strong></span> <span class='ocrx_word' id='word_1_575' title='bbox 1492 4755 1599 4826; x_wconf 74' lang='lat' dir='ltr'><strong>Lanae,</strong></span> <span class='ocrx_word' id='word_1_576' title='bbox 1623 4765 1676 4820; x_wconf 90' lang='lat' dir='ltr'><strong>qua</strong></span> 
     </span>
     <span class='ocr_line' id='line_1_54' title="bbox 334 4834 1032 4908; baseline 0 -18"><span class='ocrx_word' id='word_1_577' title='bbox 334 4849 379 4890; x_wconf 84' lang='lat' dir='ltr'><strong>rer</strong></span> <span class='ocrx_word' id='word_1_578' title='bbox 398 4834 537 4906; x_wconf 85' lang='lat' dir='ltr'><strong>quaelibet</strong></span> <span class='ocrx_word' id='word_1_579' title='bbox 554 4837 649 4908; x_wconf 86' lang='lat' dir='ltr'><strong>oritur,</strong></span> <span class='ocrx_word' id='word_1_580' title='bbox 668 4846 696 4894; x_wconf 86' lang='lat' dir='ltr'><strong>et</strong></span> <span class='ocrx_word' id='word_1_581' title='bbox 715 4839 754 4894; x_wconf 92' lang='lat' dir='ltr'><strong>sic</strong></span> <span class='ocrx_word' id='word_1_582' title='bbox 773 4839 853 4894; x_wconf 89' lang='lat' dir='ltr'><strong>etiarn</strong></span> <span class='ocrx_word' id='word_1_583' title='bbox 872 4836 907 4893; x_wconf 83' lang='lat' dir='ltr'><strong>dc</strong></span> <span class='ocrx_word' id='word_1_584' title='bbox 926 4835 1032 4891; x_wconf 78' lang='lat' dir='ltr'><strong>astans</strong></span> 
     </span>
    </p>
   </div>
   <div class='ocr_carea' id='block_1_7' title="bbox 0 0 1870 5528">
    <p class='ocr_par' dir='ltr' id='par_1_8' title="bbox 0 0 1870 5528">
     <span class='ocr_line' id='line_1_55' title="bbox 0 0 1870 5528; baseline 0 1"><span class='ocrx_word' id='word_1_585' title='bbox 0 0 1870 5528; x_wconf 95' lang='lat' dir='ltr'><strong> </strong></span> 
     </span>
    </p>
   </div>
  </div>
 </body>
</html>
