3676 5536
774 345 857 404 Liber
874 343 920 404 IV.
937 345 1028 418 Caput
1044 345 1076 404 V.
1534 347 1596 412 aab

251 533 312 576 cere
329 520 428 578 solent
463 521 517 578 Sed
534 522 588 578 hoc
605 537 687 578 sensu
704 538 757 580 vax
775 537 829 576 non
847 527 903 576 tam
921 519 1038 590 planatis
1058 519 1195 594 competit,
1214 533 1294 591 quam
1310 521 1396 591 signis
1415 537 1464 578 seu
1483 519 1597 576 dodeca-

251 599 371 654 temoriis
388 601 493 657 zodiaci
499 619 507 668 ;
525 616 672 671 quaecum
690 599 872 668 longitudines
890 599 1021 667 babeant,
1046 599 1079 654 iis
1098 599 1170 656 cavis
1189 599 1240 656 sibi
1258 607 1352 656 mutuo
1370 600 1476 658 obverti
1501 614 1598 655 secun·

251 673 313 730 dum
331 679 417 748 magis
435 689 463 736 ot
480 681 568 736 minus
586 688 709 750 possunt.
745 682 815 738 Nam
833 679 961 746 contigua
978 677 1055 746 signa
1072 693 1101 732 se
1115 685 1208 734 mutuo
1221 687 1359 749 nequeunt
1369 679 1479 750 intueri,
1497 679 1598 750 quippe

251 755 368 812 uultibus
387 775 441 814 ιιοιι
458 759 486 814 in
504 775 533 813 se
551 767 659 830 mutuo,
680 760 729 816 sed
743 760 826 829 juxta
842 759 956 827 inuicem
974 757 1002 812 in
1020 757 1134 813 eandem
1152 757 1257 826 plagam
1275 758 1368 813 versis.
1415 757 1417 762 ’

258 895 262 900 ,
319 835 424 913 Deinde
442 843 514 902 nota
533 839 606 906 quod
623 855 677 909 quo
695 845 818 908 tempore
836 838 889 894 duo
907 835 1033 908 planetae
1051 836 1180 905 angulum
1198 837 1309 893 interra
1326 836 1437 906 faciunt,
1457 837 1552 894 eodem
1570 841 1598 892 ct
1688 908 1690 912 Ι

250 909 358 968 inaliis
377 913 443 970 locis
462 915 555 970 nruudi
573 916 674 973 faciunt
698 917 766 972 alios
789 916 918 986 angulos,
941 923 970 970 at
986 916 1111 986 nuspiam
1130 921 1237 985 tantos,
1260 933 1340 986 quam
1362 917 1391 972 in
1414 932 1480 972 arcu
1506 914 1599 970 circuli

248 1005 298 1058 per
315 992 434 1060 ipsorum
453 1003 480 1050 ει
498 997 598 1050 Terrae
617 1013 733 1066 corpora
750 995 885 1061 uaduoto,
904 1003 951 1050 aut
969 995 1042 1050 circu
1055 995 1163 1065 lineam,
1182 1010 1253 1064 quae
1270 995 1389 1064 ipsorum
1404 1010 1518 1064 corpora
1536 1011 1598 1049 con·
1634 1035 1639 1046 ,

249 1070 341 1140 nectit,
360 1071 533 1132 seluticirca
550 1089 630 1138 ειειιι
648 1074 820 1129 circumacto.
856 1075 945 1130 Extra
971 1075 1039 1130 baec
1057 1075 1118 1130 loca
1140 1073 1305 1130 radiationes
1324 1091 1416 1130 eorum
1434 1079 1533 1128 coeunt
1551 1087 1598 1127 an·

249 1149 319 1218 gulis
339 1149 420 1221 longe
438 1152 511 1222 aliis,
529 1153 586 1208 sive
603 1154 621 1207 ii
640 1154 694 1208 siut
712 1154 792 1208 etiam
811 1152 969 1222 harmonici,
988 1153 1045 1208 sire
1063 1155 1218 1222 incongrui,
1242 1159 1273 1208 ιιι
1291 1153 1347 1208 fere
1365 1169 1414 1222 per
1432 1159 1519 1206 toturn
1538 1148 1598 1206 reli-

248 1245 331 1298 quum
343 1231 479 1288 muudum.
514 1233 640 1301 Inprimis
659 1240 731 1296 nota,
749 1232 821 1303 quod
840 1232 868 1286 in
885 1229 1016 1289 alterutro
1034 1250 1176 1303 corporum
1194 1233 1406 1303 planetariorum
1424 1229 1514 1292 nullus
1535 1245 1598 1284 curu·

250 1309 378 1364 atituatur
395 1311 521 1379 angulus.
557 1311 599 1366 Ad
622 1311 751 1380 angulum
776 1311 847 1366 enim
865 1311 1041 1380 requiruntur
1064 1313 1117 1369 duo
1134 1310 1216 1378 radii3
1246 1318 1276 1367 et
1297 1309 1390 1366 radius
1409 1308 1495 1362 omnis
1520 1314 1599 1362 εειιε

225 1383 347 1456 'corpus
365 1395 415 1455 est,
434 1388 525 1443 nullus
544 1389 648 1458 inipso
667 1404 787 1458 corpore.
824 1387 903 1458 Quod
922 1387 984 1444 ideo
1002 1389 1160 1458 notandum,
1179 1390 1242 1460 quia
1255 1388 1457 1458 populationem
1474 1386 1502 1440 in
1515 1387 1601 1442 Terra
1654 1456 1658 1464 „

249 1465 371 1534 sequitur
389 1465 502 1522 effectus
520 1467 547 1522 in
566 1472 649 1522 Terra
666 1467 755 1531 etiam,
773 1482 807 1520 ex
827 1480 881 1534 qua
900 1467 950 1523 sub
968 1475 1077 1538 tempus
1095 1475 1255 1540 aspectuum
1274 1468 1396 1538 exspirat
1410 1465 1523 1522 materia
1540 1466 1599 1534 plu·

247 1541 350 1596 viarum
367 1551 395 1600 et
413 1553 565 1600 ceterorum
590 1553 784 1614 meteororum
808 1551 838 1602 ut
861 1543 894 1598 de
914 1546 979 1602 scde
1003 1562 1115 1616 causae,
1141 1547 1274 1604 moventis
1298 1553 1432 1614 meteora,
1460 1543 1600 1612 disputare

247 1619 397 1691 possimus,
425 1622 497 1692 quod
515 1623 562 1678 illa
580 1641 635 1678 non
653 1624 690 1680 sit
705 1624 733 1678 in
752 1625 864 1694 planeta
890 1625 933 1680 rel
954 1643 1009 1682 une
1033 1627 1195 1698 relabere,
1222 1643 1274 1682 noc
1297 1627 1326 1680 io
1343 1625 1404 1680 loco
1430 1623 1483 1680 alio
1507 1622 1600 1677 mandi

246 1714 347 1769 vacuo,
365 1702 413 1758 sed
431 1703 459 1758 in
477 1704 537 1773 ipsa
555 1705 647 1760 Terra.
1604 1710 1606 1714 ’

318 1783 407 1836 'lertio
427 1798 481 1838 uon
499 1785 602 1838 frustra
619 1782 713 1838 addita
731 1789 773 1838 est
790 1783 900 1850 mentio,
919 1783 995 1853 quod
1012 1785 1098 1840 Terra
1115 1783 1210 1854 puncti
1227 1783 1359 1840 rationem
1377 1781 1490 1849 habeat;
1514 1795 1548 1834 ex
1567 1795 1599 1834 eo

247 1857 318 1912 enim
336 1861 465 1932 sequitur,
485 1863 536 1918 etsi
554 1863 704 1918 animantes
723 1864 751 1917 in
769 1861 854 1916 Terra
873 1861 1007 1918 innumeri
1025 1863 1147 1934 radiique
1167 1878 1201 1918 cx
1219 1863 1342 1933 quolibet
1358 1860 1469 1930 plancta
1491 1859 1518 1912 in
1537 1856 1599 1914 illos

248 1937 396 2008 etreliqua
415 1939 514 1994 Terrae
539 1947 641 2010 puncta
658 1939 768 2007 infiniti,
794 1938 909 1994 eundem
933 1946 1023 1998 tamen
1048 1942 1082 1996 ad
1101 1957 1211 1998 sonsum
1230 1955 1291 1997 essa
1309 1938 1440 2008 angulum
1463 1938 1599 1994 radiorum

251 2031 267 2068 a
286 2015 355 2072 binis
373 2019 490 2089 planetis
508 2020 671 2074 uenientium
691 2019 786 2074 codem
805 2027 924 2087 tempore
942 2036 992 2088 per
1010 2021 1100 2076 omnia
1118 2023 1218 2076 Terrae
1237 2027 1350 2090 puncta,
1377 2019 1433 2072 siae
1451 2017 1479 2088 in
1498 2023 1600 2080 centro,

249 2093 350 2150 sivein
369 2099 518 2170 superficie,
537 2098 593 2154 sire
612 2099 639 2153 iu
658 2099 778 2154 cavernis
797 2100 942 2168 montium3
962 2115 1055 2156 omnes
1074 2100 1114 2155 illi
1132 2108 1269 2170 aspectus,
1285 2099 1350 2155 licet
1365 2113 1476 2156 numero
1493 2093 1600 2165 infiniti,

251 2189 300 2242 pro
320 2193 374 2232 uuo
392 2184 506 2247 aspectu
524 2177 666 2232 luebantur.
703 2177 801 2234 Omnes
821 2179 921 2248 quippe
940 2177 1101 2232 adsensum
1119 2178 1191 2234 inter
1208 2195 1238 2236 se
1256 2179 1383 2248 aequales
1401 2184 1472 2232 sunt.
1543 2209 1549 2220 ι

336 2270 525 2330 Definitio
548 2269 587 2328 11.
640 2268 751 2328 Efficax
781 2269 972 2345 configuratio
1004 2267 1123 2344 dicitur,
1160 2289 1226 2330 cum
1255 2273 1388 2331 binorum
1417 2270 1600 2347 planetarum

250 2355 323 2414 radii
347 2358 435 2417 talem
458 2359 569 2416 faciunt
591 2358 741 2434 angulum,
765 2359 816 2432 qui
839 2358 877 2415 slt
898 2365 985 2435 aptus
1008 2357 1046 2415 ad
1069 2359 1277 2418 stimulandam
1299 2365 1433 2417 naturam
1456 2356 1600 2416 subluna-

249 2461 309 2503 rem
331 2445 545 2521 facultatesque
567 2444 716 2504 inferiores
738 2445 929 2518 animantum,
955 2455 988 2503 nt
1001 2447 1078 2504 circa
1093 2463 1167 2524 opus
1189 2463 1324 2524 quaeque
1346 2461 1431 2505 suurn
1454 2444 1505 2504 fiat
1527 2460 1600 2520 opo-

252 2535 344 2593 rosior
366 2535 422 2594 sub
445 2541 560 2610 tempus
583 2532 829 2608 configurationis.

338 2617 480 2672 Tribuitur
497 2615 619 2670 efficacia
636 2615 857 2685 configurationi,
876 2629 947 2684 quae
963 2613 1112 2671 formaliter
1130 2631 1178 2672 ens
1198 2616 1311 2672 rationis
1328 2621 1386 2685 est,
1404 2614 1452 2670 aad
1471 2629 1525 2669 non
1543 2611 1600 2667 effi·

251 2695 325 2750 cacia
341 2696 369 2750 in
388 2713 444 2750 rem
462 2695 549 2764 ipsam
566 2695 734 2761 immediata,
759 2694 837 2764 quasi
857 2693 966 2764 pluviae
984 2699 1012 2748 et
1031 2692 1129 2750 similia
1146 2710 1181 2750 ex
1198 2695 1258 2764 ipso
1277 2693 1368 2763 coelo,
1390 2693 1493 2749 scilicet
1510 2706 1526 2745 a
1542 2689 1600 2760 pla·

249 2773 320 2826 noris
338 2772 514 2845 configuratio
533 2773 731 2831 delabarentnr.
750 2789 819 2844 quoe
838 2773 911 2842 vulgi
931 2771 1016 2828 stulta
1033 2775 1174 2841 persuasio
1193 2779 1250 2843 εει;
1269 2775 1318 2830 sed
1330 2773 1448 2829 mediata
1466 2780 1494 2826 et
1511 2769 1599 2838 objec-

248 2850 310 2904 tiva.
347 2853 416 2907 Nam
442 2853 512 2907 sicut
534 2852 641 2920 objecta
658 2861 894 2921 mouenturquos,
920 2868 1003 2908 sonus
1022 2851 1143 2906 auditum
1168 2869 1224 2908 noo
1242 2853 1349 2920 oculos,
1374 2861 1401 2909 et
1421 2852 1497 2909 color
1513 2851 1600 2906 risum

249 2943 303 2982 non
320 2930 458 3000 auditum,
487 2931 526 2985 sic
545 2931 625 2984 etiam
643 2931 688 2984 hic
706 2938 782 2986 certa
799 2929 917 3000 qualitas
935 2929 1075 2985 relationis
1094 2929 1189 3002 hujus,
1209 2947 1279 3002 quae
1297 2931 1475 3002 configuratio
1493 2929 1600 3000 dicitur,

251 3017 339 3064 moret
356 3025 411 3064 non
430 3026 526 3064 sensus
545 3009 677 3079 corporis,
705 3007 753 3064 sed
772 3007 931 3064 facultatem
955 3009 1112 3080 animalem,
1140 3011 1253 3068 rationis
1274 3026 1308 3066 ex
1326 3011 1455 3066 instinctu
1474 3021 1600 3078 capacem
1616 3051 1629 3084 ‚

250 3087 308 3141 sine
327 3086 459 3144 discursu,
494 3087 572 3142 Fecit
589 3087 672 3157 igitur
689 3088 742 3144 boc
760 3087 936 3156 configuratio
955 3088 982 3143 ri
1000 3104 1053 3143 non
1072 3091 1191 3160 propria,
1212 3089 1260 3146 aad
1279 3089 1306 3144 ri
1323 3091 1437 3158 ammae,
1456 3102 1526 3158 quae
1544 3085 1601 3156 pati

198 3231 203 3246 ι
250 3165 357 3234 dicitur,
375 3182 437 3220 com
449 3183 478 3221 re
491 3183 554 3222 vera
566 3167 657 3236 potius
671 3175 742 3236 agat,
754 3167 815 3236 ipsa
831 3167 860 3221 in
873 3182 902 3221 se
916 3167 1012 3236 ipsam.
1049 3168 1149 3222 Postea
1161 3171 1252 3226 anima
1269 3185 1316 3224 εειι
1328 3176 1426 3226 natura
1434 3166 1602 3234 sublunaris,

212 3245 217 3254 “
249 3245 288 3299 sia
306 3251 379 3300 mota
397 3260 445 3300 seu
463 3245 601 3300 stimulata
619 3247 652 3300 ab
672 3253 786 3314 aspectu
804 3245 900 3314 suique
919 3245 1070 3315 admonito,
1099 3262 1128 3302 se
1151 3248 1239 3317 ipsam
1260 3247 1411 3304 exsuscitat
1435 3247 1470 3304 ad
1493 3245 1600 3302 elicien-

251 3325 313 3380 dam
332 3341 366 3378 ex
384 3324 485 3379 Terrae
503 3325 649 3380 visceribus
674 3325 814 3380 materiam
843 3325 930 3380 omnia
952 3323 1057 3393 generis
1087 3334 1287 3397 tempestatum
1323 3328 1353 3384 Si
1373 3326 1448 3384 nulla
1475 3331 1548 3380 essct
1573 3323 1601 3378 in

249 3403 346 3478 anima,
365 3418 446 3471 quam
464 3402 576 3457 dicimus
595 3410 719 3457 naturam
737 3402 918 3471 sublunarem,
938 3403 1063 3473 planetae
1074 3405 1127 3473 ipsi
1145 3422 1234 3476 neque
1251 3421 1302 3476 per
1314 3421 1344 3462 se
1361 3423 1450 3476 neque
1467 3418 1600 3480 perxccm·

249 3481 358 3536 modum
376 3488 516 3550 aspectum
534 3481 678 3551 quicquam
697 3481 724 3536 in
743 3479 855 3535 Terram
873 3491 994 3550 possent.
1030 3484 1187 3540 absurdum
1205 3485 1275 3540 enim
1300 3494 1343 3541 εει
1360 3487 1479 3554 cogitatu
1503 3489 1530 3538 et
1545 3477 1601 3552 joci

249 3553 379 3629 lususque
396 3559 495 3629 poetici
513 3558 612 3630 simile,
638 3558 711 3628 quod
734 3575 768 3615 ex
787 3559 858 3616 coitu
877 3558 1003 3615 binorum
1020 3561 1156 3618 radiorum
1180 3562 1351 3632 harmonico,
1374 3563 1448 3618 velut
1466 3578 1500 3616 ex
1519 3560 1600 3616 maris
1686 3598 1690 3609 ι

251 3645 278 3691 ει
297 3637 413 3692 feminae
431 3637 584 3707 concubitu,
605 3636 775 3705 concipiatur
793 3653 885 3705 vapor,
904 3639 1018 3694 materia
1036 3640 1108 3694 renti
1126 3641 1168 3696 rel
1186 3640 1307 3710 pluviae,
1325 3641 1492 3711 quasivero,
1512 3649 1542 3694 ιιι
1559 3655 1600 3694 εε-

248 3731 310 3770 men
329 3725 371 3771 est
388 3715 422 3771 de
440 3717 593 3772 substantia
610 3725 767 3786 pareutum,
791 3716 829 3770 sie
848 3717 947 3771 humor
964 3725 991 3772 et
1013 3727 1118 3784 cetera,
1145 3735 1214 3788 quus
1233 3734 1266 3774 ex
1285 3722 1370 3776 Terra
1388 3722 1540 3790 exspirant,
1565 3717 1601 3774 sit

249 3795 282 3849 de
302 3797 454 3850 substantia
473 3797 514 3850 vel
532 3796 697 3860 harmoniae,
716 3811 786 3864 quae
805 3803 846 3850 εει
863 3797 969 3867 relatio,
989 3797 1030 3851 acl
1049 3797 1152 3866 anguli,
1172 3814 1241 3867 quae
1260 3805 1302 3852 est
1320 3797 1478 3869 qualitativa
1496 3797 1601 3866 quanti·

248 3881 300 3942 ιεε,
319 3874 361 3927 uel
379 3873 447 3928 lucis
466 3876 534 3930 adeo
552 3876 647 3946 ipsios,
667 3891 736 3944 quae
755 3873 872 3943 qualitas
892 3882 943 3944 cst,
962 3891 1133 3945 nequaquam
1149 3892 1212 3930 vero
1226 3875 1387 3932 substantia.
1423 3875 1601 3942 Quemadmo·
1705 3927 1710 3936 ,

248 3953 312 4007 dum
329 3969 393 4006 uero
412 3971 445 4008 ex
464 3955 548 4009 nihilo
566 3955 632 4009 nibil
650 3955 708 4009 fieri
727 3954 857 4024 dicimus,
882 3956 921 4010 sic
940 3955 1021 4009 etiam
1046 3969 1080 4008 ex
1097 3953 1276 4010 immateriato
1299 3953 1404 4024 aliquo,
1431 3952 1599 4024 naturaliter,

246 4033 417 4087 materiatum
435 4030 503 4086 nihil
522 4032 599 4086 educi
617 4040 721 4101 potesb
753 4032 821 4088 Vide
839 4034 920 4103 plura
938 4035 1041 4102 cap.·7.

335 4126 491 4183 Axioma
513 4123 536 4182 l.
584 4126 675 4182 Arcus
694 4124 798 4184 circuli
814 4125 936 4200 zodiaci,
959 4143 1047 4202 quem
1064 4125 1202 4185 rescindit
1216 4124 1292 4185 letus
1308 4125 1418 4202 figuras
1435 4123 1482 4183 rel
1497 4123 1600 4184 stellae

248 4231 394 4290 congruae
417 4207 446 4273 ει
468 4211 591 4284 scibilis,
615 4214 732 4270 metitur
754 4211 894 4288 angulum
918 4213 1157 4289 configurationis
1181 4212 1317 4273 efficacis.

336 4319 492 4379 axioma
515 4317 556 4376 ll.
602 4315 735 4390 brrgulus
757 4315 867 4392 figurae
896 4318 945 4378 vel
967 4318 1071 4379 stellae
1094 4317 1206 4378 scibilis
1237 4325 1266 4376 et
1289 4331 1435 4392 congruae
1467 4324 1511 4378 εει
1533 4331 1599 4375 mc-

247 4405 334 4464 dulus
357 4405 456 4479 anguli
481 4405 721 4480 configurationis
744 4403 879 4464 efficacis.

337 4487 450 4542 lluobus
468 4487 649 4543 axiomatibus
668 4493 756 4540 totum
775 4487 912 4555 negotium
931 4486 1034 4552 nititur,
1054 4501 1125 4554 quae
1142 4485 1204 4540 ideo
1223 4484 1277 4539 duo
1295 4483 1360 4546 feci,
1385 4479 1446 4554 qdla
1465 4485 1518 4542 duo
1537 4493 1601 4541 suut

246 4568 319 4623 modi
341 4565 508 4635 probabiles,
533 4566 632 4634 quibus
658 4564 762 4620 animae
786 4571 815 4619 et
837 4571 951 4620 naturas
970 4564 1131 4620 sublunares
1153 4564 1181 4618 in
1199 4563 1323 4620 uetitim
1347 4563 1600 4634 configurationem,

249 4660 320 4712 quae
340 4649 404 4700 aunt
422 4647 516 4712 quovis
534 4653 668 4716 tempore,
689 4644 779 4698 venire
796 4650 921 4712 possunt.

333 4725 389 4778 Aut
407 4725 479 4778 enim
496 4724 610 4792 figuram
627 4722 701 4778 illam
719 4721 886 4792 percipiunt,
912 4720 991 4789 cujus
1009 4721 1082 4777 latus
1101 4723 1135 4778 de
1153 4721 1253 4776 circulo
1272 4721 1383 4778 zodiaco
1408 4721 1539 4778 rescindit
1557 4739 1599 4778 ar·

246 4819 316 4870 com,
334 4801 555 4873 configurationis
573 4817 621 4858 seu
639 4802 732 4873 eugub
749 4799 848 4856 radiosi
867 4814 1027 4868 mensuram,
1048 4807 1096 4856 aut
1112 4800 1227 4871 figuram
1244 4801 1327 4875 illam,
1345 4803 1424 4874 cujus
1437 4801 1599 4860 elementum
