3732 5528
753 346 835 404 Liber
850 345 900 404 lll.
919 347 1008 420 Gaput
1024 347 1084 406 vn.
1533 359 1597 420 eta
1615 330 1619 348 „

246 516 431 582 harmonicae,
460 525 491 575 nt
508 533 541 575 ιι
557 519 616 576 alne
632 519 686 578 hoc
704 521 793 594 capite
810 537 906 579 manca
923 521 1009 578 videri
1026 524 1126 596 possit,
1150 525 1251 598 quippe
1269 543 1330 584 oum
1348 523 1482 598 gerulum
1500 537 1597 590 cantus

247 595 360 652 effectus
379 597 415 654 sit
432 599 582 654 animorum
600 607 698 656 motus.
734 599 796 656 Nou
809 601 893 671 igitur
909 603 979 657 inter
991 603 1111 660 elumbes
1122 604 1189 680 silas
1207 609 1421 678 comparationes
1437 607 1597 678 abjicienda,

246 676 294 733 sed
313 677 426 732 seorsim
448 677 476 731 in
493 675 594 734 illustri
616 679 703 750 ipsius
721 681 811 750 operis
835 679 896 736 loco
915 679 1074 738 collocanda
1097 691 1125 738 et
1149 691 1272 741 tonorum
1291 685 1458 742 differentiae
1482 687 1596 758 abipso

245 755 298 812 hoc
316 755 415 811 ellectu
434 756 628 814 describendae
645 759 711 814 mihi
729 759 839 816 fuerunt
856 757 919 816 libri
936 761 989 816 mei
1006 760 1056 816 111.
1076 765 1165 834 capite
1184 767 1226 820 11.

330 835 404 890 Nota
420 835 456 890 ll.
492 835 605 892 Duabus
630 837 664 894 de
688 840 776 894 causis
801 839 854 895 hoc
876 839 937 896 loco
960 847 1081 897 mutatur
1102 843 1253 901 animorum
1277 843 1431 916 dispositio,
1456 847 1501 904 vel
1524 849 1595 905 enim

245 915 400 972 conditione
422 921 577 986 tempomm
602 923 630 972 et
652 915 841 976 affrodonibus
866 919 1018 992 formisque
1041 922 1217 992 reipublicae,
1247 924 1290 978 rel
1317 931 1397 980 cantu
1423 927 1492 996 ipso.
1528 929 1596 986 Illae

245 994 409 1050 mutationes
428 1002 492 1050 sunt
509 995 614 1066 lentae,
640 997 711 1054 istae
728 999 902 1070 subitaneae,
929 1005 962 1054 ut
976 1007 1073 1056 cantus
1091 1001 1166 1072 ipse;
1191 1002 1255 1058 illae
1271 1003 1473 1062 universitatem
1497 1009 1595 1065 civium

245 1075 375 1143 attinent,
399 1075 468 1131 istae
492 1075 615 1146 singurlos
640 1084 736 1131 cantus
758 1077 906 1133 auditores.
942 1079 984 1133 De
1003 1080 1091 1148 prima
1108 1095 1192 1138 causa
1212 1089 1305 1140 textus
1327 1083 1416 1142 clarus
1439 1093 1494 1154 est,
1517 1087 1595 1159 cnjus

244 1159 313 1213 haec
335 1169 452 1211 summa:
476 1154 567 1210 studia
590 1152 692 1212 abeunt
716 1155 744 1212 iia
767 1173 856 1213 mores
874 1163 903 1212 ct
921 1158 1091 1215 consuetudo
1117 1161 1149 1216 iit
1166 1162 1252 1219 altera
1275 1169 1380 1221 natura
1416 1163 1515 1221 Studia
1529 1183 1594 1223 sero

245 1237 299 1302 alia
316 1233 386 1290 uliae
403 1241 555 1305 temporum
567 1237 745 1292 necessitates
766 1237 950 1308 suppeditant.
987 1235 1058 1294 Huic
1070 1239 1212 1296 mutationi
1225 1257 1329 1296 momm
1340 1241 1513 1312 publicorum
1524 1261 1595 1300 com·

244 1321 358 1386 paratur
374 1313 488 1370 mutatio
507 1321 632 1370 tonorum
650 1315 678 1369 in
697 1324 779 1372 cantu
804 1325 832 1372 st
848 1318 923 1373 illam
940 1333 1112 1390 consequens
1135 1320 1249 1375 mutatio
1275 1319 1430 1378 affectuum.
1466 1322 1595 1393 Quamuis

243 1395 327 1466 igitur
351 1393 403 1447 bae
421 1393 600 1450 mutationum
627 1409 725 1450 causae
749 1395 804 1452 sint
826 1395 1038 1468 diversissimae,
1067 1414 1121 1453 non
1145 1397 1248 1458 frustm
1277 1406 1376 1454 tamen·
1394 1401 1596 1470 conjunguntur

245 1471 340 1526 eodem
357 1471 426 1528 loco.
463 1471 533 1527 Nam
551 1472 574 1528 si
592 1471 733 1542 legislator
751 1482 798 1529 ant
816 1474 972 1530 moderator
989 1475 1156 1548 reipublicae
1175 1478 1256 1544 sciat,
1275 1479 1322 1550 qui
1338 1487 1420 1536 tonus
1439 1495 1508 1548 quos
1527 1481 1598 1537 cieat

246 1549 360 1606 affectus
378 1550 405 1604 in
423 1549 577 1606 hominihus
595 1551 720 1625 singulis,
746 1552 880 1610 delectum
905 1553 1015 1609 babebit
1032 1561 1158 1610 tonorum
1183 1573 1216 1612 ex
1235 1573 1300 1626 usu,
1328 1557 1595 1628 accommodabimus
1673 1546 1677 1556 ’

243 1625 295 1682 hoc
313 1627 458 1685 discrimen
475 1628 518 1684 rel
536 1629 698 1698 generaliter
714 1631 750 1686 ad
768 1647 834 1687 suae
852 1631 1017 1702 reipublicae
1035 1632 1162 1704 iormam,
1188 1635 1230 1688 rel
1254 1635 1281 1690 in
1299 1633 1390 1704 specie
1413 1634 1448 1692 ad
1466 1651 1594 1705 praesen·

220 1767 222 1774 ‚
243 1717 285 1762 ιιι
303 1707 469 1778 reipublicae
486 1709 678 1778 necessitates,
702 1725 774 1765 nunc
792 1711 842 1766 hos
867 1717 974 1781 vetans,
991 1727 1064 1766 nnnc
1082 1709 1156 1780 illos3
1182 1711 1301 1780 quises
1324 1719 1399 1768 motu
1417 1712 1594 1782 singularium

242 1785 391 1842 animorum
414 1787 525 1843 tandem
550 1805 599 1858 per
620 1787 797 1845 imitationem
822 1791 915 1846 existit
937 1798 1028 1847 motus
1055 1791 1139 1846 totius
1164 1790 1363 1846 communitatis
1386 1791 1483 1848 cisium
1509 1798 1537 1846 et
1550 1807 1595 1858 ,ex

243 1865 338 1922 crebra
354 1869 532 1940 usurpatione
550 1867 684 1927 melodiae
702 1873 805 1939 certae,
830 1883 899 1940 quac
916 1869 1080 1939 peculiarem
1099 1869 1181 1924 babet
1199 1867 1353 1938 emphasin,
1373 1870 1531 1926 coalescunt
1549 1870 1593 1925 de·

190 1959 199 1972 '
241 1945 323 2018 nlque
339 1963 429 2004 mores
448 1947 609 2004 consimiles.
1078 1957 1084 1980 ⁸

330 2023 375 2082 Sic
392 2025 600 2082 Lacedaemonii
618 2027 732 2082 sormam
749 2025 913 2096 reipublicae
929 2027 1059 2098 legesque
1077 2023 1214 2081 habebant
1231 2025 1368 2098 militares,
1387 2027 1546 2097 gravitatem
1566 2035 1594 2086 et

240 2103 428 2159 austeritatem
446 2105 595 2175 spirantes3
615 2107 708 2176 itaque
727 2105 858 2177 quasdam
878 2113 975 2162 cantus
993 2106 1094 2160 iormas
1108 2105 1288 2161 exturbarunt
1306 2105 1442 2162 scisitats
1460 2121 1519 2162 sua.
1550 2107 1594 2162 Sic

242 2183 367 2252 Romani,
385 2181 541 2242 Britanniae
560 2193 660 2242 statum
678 2185 829 2254 formaturi,
849 2186 1001 2242 enematuri
1020 2184 1124 2242 seilicet
1146 2183 1289 2239 militarem
1301 2185 1493 2241 Britannorum
1511 2185 1594 2242 virtu·

239 2269 303 2329 tem,
322 2262 530 2319 adsuefecerunt
549 2280 643 2321 eorum
657 2263 828 2333 juventutem
847 2265 962 2320 theatris
986 2273 1014 2320 et
1033 2265 1157 2320 cantibus
1175 2262 1291 2318 lascivis.
1327 2261 1398 2318 Vide
1416 2262 1468 2318 hac
1486 2263 1520 2320 de
1537 2279 1592 2319 ma·

240 2341 308 2394 teria
325 2339 414 2396 locum
433 2343 569 2412 egregium
589 2351 616 2399 et
634 2343 714 2414 plane
733 2345 881 2400 oratorium
900 2345 973 2415 apud
992 2345 1069 2400 Vino.
1089 2342 1239 2397 dulliacum
1262 2341 1290 2397 in
1309 2355 1392 2412 opere
1409 2341 1520 2410 italico,
1547 2339 1592 2396 ubi

241 2419 275 2475 de
298 2419 424 2475 laudibus
447 2422 563 2478 musices
585 2429 707 2477 veterum
727 2423 792 2493 agit.
827 2424 915 2479 Hodie
938 2439 1045 2496 quoque
1068 2421 1141 2492 apud
1166 2421 1269 2477 lhrcas
1295 2435 1378 2474 unum
1400 2421 1487 2476 solnm
1511 2420 1593 2491 idque

240 2499 339 2554 durum
362 2498 441 2555 valde
464 2507 492 2556 et
507 2501 675 2557 inconditum
699 2517 785 2570 genus
807 2501 939 2558 melodiae
964 2501 1085 2572 auditur,
1112 2500 1186 2571 apud
1209 2515 1259 2556 nos
1277 2500 1427 2556 Germanos
1449 2500 1513 2556 huic
1531 2499 1594 2555 usui

241 2577 400 2647 deputatum
419 2588 462 2636 est
480 2588 651 2652 tympanum,
674 2581 770 2650 juncta
788 2581 855 2638 tibia
874 2581 1019 2650 campestri
1038 2581 1077 2636 sic
1095 2580 1168 2636 dicta
1187 2585 1214 2634 et
1232 2577 1298 2634 tuba
1316 2593 1414 2648 aenea,
1432 2578 1498 2634 illud
1516 2578 1591 2648 pedl·

197 2693 202 2714 .
238 2662 320 2726 tatus,
338 2657 407 2714 haec
425 2660 561 2730 equitatus
579 2659 722 2716 classicum
739 2675 788 2716 seu
805 2660 982 2727 incentivum
1003 2666 1031 2714 et
1043 2657 1229 2730 tubaquidem
1247 2655 1374 2725 exprimit
1391 2657 1493 2726 aliquid
1506 2659 1592 2715 simile

239 2737 298 2793 toni
314 2738 414 2808 octaui3
432 2747 460 2793 at
477 2755 532 2802 non
550 2739 686 2809 existimo,
712 2740 887 2810 praecipuam
905 2740 933 2794 in
952 2739 1005 2795 hoc
1023 2739 1076 2794 vim
1094 2740 1185 2794 inesse
1204 2736 1239 2792 ad
1256 2735 1404 2792 movendos
1422 2738 1525 2794 animos
1544 2739 1592 2794 mi·

238 2817 330 2887 litum
353 2820 514 2888 praesertim
531 2826 687 2875 nostrorum
706 2819 912 2887 Germanorum,
937 2817 984 2889 qui
1002 2816 1163 2889 plerumque
1182 2816 1348 2894 rudes‘auut
1370 2816 1487 2871 musices
1506 2823 1534 2871 at
1550 2817 1590 2872 in-

239 2913 354 2968 capaces
376 2897 473 2955 horum
496 2897 690 2960 discriminante
715 2895 778 2966 plus
801 2901 892 2951 movet
915 2903 943 2951 et
967 2910 1052 2967 equos
1076 2903 1104 2952 et
1126 2896 1200 2952 uiros
1225 2895 1336 2951 claritas
1358 2895 1542 2952 intensissima
1565 2901 1593 2951 et

239 2975 351 3046 clangor
369 2978 448 3034 aeris.
485 2977 574 3034 Multo
592 2977 620 3034 id
637 2976 721 3046 magis
739 2993 832 3032 verum
852 2984 894 3032 est
912 2974 947 3031 de
964 2983 1104 3047 tympano,
1124 2975 1203 3043 cuins
1221 2989 1304 3030 sonus
1323 2975 1419 3030 unicus
1438 2983 1492 3044 ιιι,
1515 2975 1589 3031 modl

239 3069 291 3112 seu
307 3061 432 3112 tonorum
451 3056 554 3112 formae
571 3055 658 3112 omnis
677 3069 790 3126 expers;
808 3053 902 3126 itaqua
919 3062 1010 3110 movet
1027 3053 1115 3127 primo
1132 3053 1316 3124 magnitudine
1324 3054 1385 3124 ipsa
1397 3053 1457 3111 soni
1468 3055 1591 3110 materia·

238 3134 300 3190 liter
317 3134 393 3203 (iacit
412 3133 481 3190 enim
500 3134 625 3190 subsilire
643 3131 813 3204 praecordia,
837 3133 876 3189 sic
895 3142 925 3189 ut
943 3149 1026 3190 sonus
1048 3149 1161 3203 magnus
1179 3133 1321 3189 cavitatem
1344 3134 1453 3190 subiens
1470 3133 1592 3205 psalterii

240 3223 288 3270 aut
305 3213 450 3270 testudinis
468 3213 584 3269 chordas
603 3209 739 3268 resonare
749 3212 815 3268 iacit
832 3212 949 3268 intactas
969 3229 985 3267 a
1002 3212 1130 3282 plectro),
1150 3211 1247 3267 deiude
1258 3211 1452 3282 rhythmo'sen
1464 3226 1591 3269 mensura

240 3290 376 3362 pulsuum.
412 3291 450 3346 Et
468 3297 609 3347 tamenne
627 3291 709 3363 hqins
728 3291 836 3365 quidem
853 3291 1000 3348 rudimenti
1019 3291 1136 3348 medeas
1154 3305 1220 3345 cura
1237 3291 1418 3346 contemnitur
1434 3291 1463 3348 in
1480 3291 1590 3363 quibus·

241 3369 303 3424 dam
320 3369 480 3426 Germaniae
497 3369 655 3440 prouinciis;
682 3379 725 3427 ιιι
742 3371 813 3427 enim
830 3372 878 3428 ubi
895 3374 925 3428 in
943 3372 1045 3442 nuptiis
1063 3369 1234 3442 popularium
1258 3377 1386 3439 tympano
1409 3369 1486 3426 locus
1503 3371 1591 3428 datur»

241 3449 300 3506 aliis
318 3449 427 3505 musicis
445 3449 632 3506 instrumentis
650 3449 827 3507 interdicitur.

327 3547 401 3602 Nota
418 3544 468 3599 Ill.
504 3543 677 3600 Ptolemaeus
696 3561 789 3600 ornnes
808 3554 888 3601 tonos
906 3546 987 3602 trium
1005 3545 1071 3602 iacit
1088 3561 1230 3614 generum3
1248 3539 1313 3606 milri
1330 3539 1359 3596 in
1371 3542 1424 3598 hoe
1436 3557 1517 3612 opere
1536 3541 1590 3600 duo

242 3641 354 3696 genera,
382 3623 478 3679 durum
500 3631 528 3677 et
552 3623 645 3690 molle,
677 3629 741 3678 sunt
759 3625 828 3679 duae
846 3632 973 3680 tonorum
991 3623 1158 3680 differentiae
1185 3629 1280 3678 conus
1300 3635 1330 3676 se
1352 3621 1427 3690 ipsos
1451 3623 1589 3680 diremtae.

239 3707 309 3762 llam
325 3703 427 3774 primus
446 3709 474 3757 ιι
492 3701 636 3772 secundus,
655 3703 765 3772 quintus
784 3710 812 3758 et
831 3703 963 3773 septimus
981 3719 1015 3758 ex
1033 3703 1188 3774 vulgaribus
1207 3708 1313 3758 tantum
1331 3709 1395 3757 sunt
1406 3703 1512 3772 generis
1524 3701 1590 3757 moi-

239 3785 289 3854 lis,
316 3782 445 3852 septimus
464 3788 491 3837 et
509 3787 621 3837 octavus
648 3789 754 3836 tantum
772 3783 879 3851 generis
897 3783 970 3853 duri3
997 3783 1049 3838 soli
1066 3783 1162 3839 tertius
1181 3790 1209 3838 et
1227 3791 1341 3852 quartus
1364 3783 1502 3852 ambigant
1519 3781 1591 3837 inter

238 3871 382 3932 utrumqne
400 3875 494 3930 genus.
529 3861 670 3918 Potestate
688 3864 759 3917 enirn
776 3863 915 3918 imitantur
933 3879 1018 3931 genus
1036 3859 1124 3931 molle,
1144 3864 1234 3934 specie
1257 3879 1306 3918 sen
1324 3864 1399 3920 clauc
1418 3861 1591 3932 systematica

238 3957 323 4012 geum
342 3940 448 3994 durum.
486 3941 574 3996 (lausa
592 3940 675 4012 hujus
693 3941 857 3998 diversitatis
876 3943 1006 3998 interme
1025 3951 1053 3997 et
1071 3941 1256 3998 Ptolemaeum
1274 3945 1324 4014 est,
1347 3943 1411 4011 quia
1427 3943 1487 4011 ipse
1505 3937 1589 4008 respi-

241 4021 278 4078 cit
295 4019 330 4074 ad
346 4018 398 4072 tria
415 4031 515 4086 genera
533 4017 696 4088 artificialia,
716 4035 766 4090 ego
784 4021 819 4077 ad
838 4021 893 4077 dno
910 4021 1052 4078 naturalia.

324 4115 397 4173 Nota
414 4115 461 4172 1v.
497 4115 529 4170 In
547 4124 694 4188 systemate
714 4124 824 4174 octavae
843 4115 967 4184 naturali,
984 4115 1064 4187 quale
1082 4134 1135 4174 vox
1147 4117 1265 4175 humana
1284 4127 1407 4190 pererrat
1425 4113 1589 4172 modulando

238 4199 390 4254 mistionem
408 4196 535 4265 aliquam,
554 4205 617 4251 aunt
634 4197 695 4254 loca
712 4197 772 4268 ista,
792 4199 825 4267 G,
844 4215 871 4266 o,
890 4199 915 4266 b,
934 4214 956 4266 o,
975 4197 1002 4265 d,
1020 4214 1042 4266 c,
1059 4197 1079 4266 f,
1097 4215 1123 4269 g,
1142 4197 1252 4255 diversa
1270 4207 1297 4256 et
1313 4198 1367 4256 situ
1386 4213 1435 4253 seu
1447 4195 1590 4252 altitudine

236 4277 406 4344 differentia,
433 4285 460 4331 et
479 4276 531 4330 sibi
548 4284 643 4331 mutuo
662 4276 812 4331 succedunt
839 4276 909 4330 serie
929 4275 1044 4344 quadam
1068 4277 1273 4346 sortiunturque
1294 4276 1508 4348 permutationes
1527 4288 1589 4328 con·

239 4363 343 4424 suetas,
362 4373 412 4426 per
429 4355 561 4411 concinna
580 4371 617 4410 sc.
636 4354 792 4424 intervalla,
812 4369 881 4424 quse
901 4361 965 4408 sunt
982 4359 1062 4408 tonus
1081 4353 1179 4424 major,
1197 4363 1279 4412 tonus
1297 4357 1392 4425 minor,
1410 4351 1588 4408 semitonium.

238 4437 336 4506 ltaque
354 4437 467 4491 mutatio
486 4433 543 4488 toni
558 4433 582 4492 G
599 4433 626 4488 in
645 4439 748 4504 tonum,
768 4433 846 4500 ouius
866 4441 983 4504 systema
1002 4431 1089 4500 surgit
1106 4431 1139 4488 ab
1158 4451 1189 4502 a,
1209 4433 1240 4489 iit
1252 4449 1302 4504 per
1313 4441 1434 4488 tonumc
1451 4432 1588 4502 maiorem,

238 4515 283 4584 qni
302 4520 344 4570 est
361 4515 432 4568 inter
451 4513 487 4582 (ἶ,
517 4529 548 4581 a,
573 4510 621 4567 sed
639 4512 754 4566 mutatio
773 4513 831 4566 toni
857 4527 890 4566 ex
910 4517 925 4568 ι
947 4511 975 4566 ln
993 4517 1087 4566 tonum
1105 4527 1140 4565 ex
1156 4513 1218 4580 frit
1241 4528 1290 4582 per
1308 4511 1490 4578 semitonium,
1517 4525 1588 4580 quae

239 4601 302 4650 aunt
319 4593 461 4649 intervalla
479 4598 616 4648 consueta
640 4589 721 4644 ,Nam
739 4589 911 4645 Ptolemaeus
930 4589 1000 4646 libro
1020 4590 1139 4644 secundo
1157 4593 1245 4661 capite
1259 4593 1302 4648 11.
1315 4591 1515 4657 demonstrarit,
1532 4605 1588 4644 non

238 4679 312 4727 recte
330 4671 397 4736 lieri,
416 4669 489 4740 qnod
507 4669 590 4740 aliqui
609 4667 710 4724 iaciant
727 4667 876 4738 quemlibet
893 4677 989 4725 tonum
1008 4667 1088 4724 asibi
1100 4671 1224 4739 proximo
1237 4667 1344 4728 differre
1358 4671 1507 4736 semitonio,
1526 4685 1588 4723 cum

238 4749 308 4804 haec
326 4748 420 4804 divisio
440 4749 592 4817 systematis
611 4754 722 4803 octame
741 4749 777 4817 (in
793 4747 935 4803 semitonia
952 4763 990 4804 so.
1006 4747 1047 4818 12,
1066 4754 1097 4803 nt
1114 4747 1166 4817 ipsi
1178 4749 1315 4818 volebant)
1334 4765 1388 4806 non
1400 4749 1436 4806 sit
1447 4753 1585 4815 consueta,

241 4829 295 4886 boc
317 4835 360 4881 est
385 4841 440 4882 non
462 4827 609 4898 uaturelis,
633 4839 763 4898 quantum
786 4826 820 4886 ad
844 4825 952 4886 unicam
977 4827 1096 4898 aliquam
1116 4829 1336 4886 modulationem.
1377 4829 1447 4886 Nam
1470 4831 1589 4900 system
