3564 5540
627 377 805 437 annosas.
841 375 928 436 nna
941 371 990 434 m.
1010 377 1141 451 capuan
1488 371 1552 448 iil

89 518 93 530 Ι
201 557 295 608 sactu
312 558 433 618 mne,
455 556 483 610 in
501 561 632 625 quantum
650 557 814 626 participant
830 557 991 626 biscotiono,
1016 556 1168 610 intantum
1194 554 1275 610 atleta
1297 555 1429 612 identlcss
1452 553 1556 614 iaciunt

202 635 409 703 consonantiam
429 649 536 704 semper
552 636 624 690 enin
642 651 706 705 para
724 635 827 704 ursuli,
845 636 964 690 rescissa
981 633 1210 701 elsterafigurac
1222 635 1388 702 posterioris,
1405 649 1466 692 cum
1477 643 1556 704 parto
1625 693 1630 707 ,

203 727 219 766 a
237 712 336 779 prioris
354 713 439 767 latere
457 714 573 769 rescissa
591 721 724 770 consonat
740 713 871 783 identice;
891 720 922 768 ιιι
941 713 1039 769 docent
1054 711 1256 781 propositiones
1268 711 1397 781 reliquae.
1432 713 1476 768 lta
1491 729 1555 770 ooa-

201 796 258 844 stat
275 791 401 858 sodoma
419 792 543 848 omnibus
561 793 618 848 suis
635 791 772 850 membris.
810 791 883 847 Usus
901 790 984 859 liujus
1001 807 1078 859 prop.
1096 795 1140 845 cst
1156 789 1185 844 in
1203 789 1335 858 sequenti.

289 863 518 942 Propositio
542 867 594 928 IV.
640 867 773 938 Cliorda,
806 884 881 942 quae
913 874 1056 926 consonat
1088 881 1155 924 cnm
1183 863 1322 924 alterutra
1352 865 1555 944 multiplicium

201 956 399 1027 proportionis
422 953 531 1030 duplae
554 958 725 1028 continuae,
751 963 894 1014 consonat
915 962 946 1014 ει
967 970 1034 1013 cum
1056 951 1184 1028 reliqua,
1215 960 1244 1011 et
1267 955 1292 1010 si
1317 953 1354 1013 ab
1377 971 1437 1014 una
1459 953 1556 1014 disso-

202 1047 270 1112 nat,
295 1043 384 1100 etiam
407 1043 444 1100 ab
467 1042 562 1101 altera
583 1043 722 1103 dissonat.
1115 1071 1117 1076 ·

289 1123 359 1178 Nam
377 1137 427 1192 per
444 1139 484 1192 pr.
503 1124 529 1180 3.
549 1126 610 1179 soni
628 1127 756 1182 continua
775 1124 917 1193 duplarum
938 1129 1002 1179 sunt
1018 1122 1090 1176 inter
1107 1135 1139 1176 so
1153 1120 1272 1176 identici.
1309 1121 1388 1190 Quod
1400 1137 1464 1178 vero
1482 1124 1556 1181 iden.

206 1200 323 1256 tionum
341 1202 505 1258 chordarum
523 1205 570 1258 uni
589 1213 735 1272 consonat,
754 1211 782 1258 et
799 1203 877 1258 alteri
895 1207 1027 1256 consonat
1044 1209 1071 1256 et
1089 1209 1193 1269 cetera,
1210 1217 1260 1271 per
1277 1215 1320 1256 ax.
1339 1203 1364 1258 6.
1393 1235 1395 1245 ι

289 1281 378 1348 ilarius
396 1283 589 1350 propositionis
608 1284 827 1354 caasapositum
845 1283 898 1336 init
916 1283 1023 1336 axioma
1041 1281 1066 1337 6.
1090 1287 1118 1334 et
1136 1280 1220 1335 servit
1244 1279 1312 1334 baec
1332 1281 1484 1350 propositio
1498 1283 1557 1352 jam

200 1359 326 1428 partibus
349 1367 378 1414 et
395 1361 512 1416 residuis
537 1363 699 1419 circulorum
717 1359 912 1420 examinandis.
948 1360 1069 1414 Ocreant
1092 1359 1168 1414 acioli
1192 1359 1412 1414 acontractionc
1435 1363 1557 1434 proposi·

200 1439 306 1494 tionum
324 1447 352 1493 ct
370 1441 547 1506 axiomatum3
566 1444 642 1499 nulla
660 1461 687 1498 n.
706 1441 856 1509 tautologia
874 1449 924 1508 est,
944 1439 1034 1494 omnia
1051 1439 1221 1508 necessariam
1239 1439 1359 1494 involvet
1377 1453 1414 1511 se,
1433 1439 1557 1512 quisquis

199 1532 260 1572 rem
278 1517 385 1572 baurim
401 1520 554 1587 transigere
571 1521 694 1577 voluerit.

289 1591 508 1669 Propositio
537 1595 574 1654 V.
624 1597 687 1656 Etsi
719 1597 813 1661 latera
845 1595 996 1654 stellarum
1034 1591 1274 1653 demonstrabilia
1309 1600 1406 1653 cetera
1440 1601 1558 1672 propiet

201 1678 512 1742 demonstrabilitatcm
546 1683 650 1744 ecdem
674 1685 741 1761 jura
778 1699 921 1743 eutitanus
944 1683 999 1740 toti
1026 1689 1124 1757 partes
1156 1683 1185 1738 in
1216 1680 1326 1740 circulo
1354 1681 1557 1756 determinant,

200 1783 262 1842 qao
280 1767 348 1843 jare
371 1770 401 1828 id
422 1771 534 1831 iaciunt
554 1771 665 1848 liparas
688 1771 802 1832 illarum
825 1769 983 1840 radiculos,
1015 1777 1048 1828 ιιι
1070 1777 1115 1827 εει
1142 1771 1171 1825 in
1195 1771 1345 1828 axiomata
1365 1772 1472 1846 primo,
1505 1787 1558 1830 ex-

200 1857 349 1931 cipiantur
372 1865 468 1916 tamon
492 1860 558 1932 illa,
591 1877 667 1936 quac
690 1869 801 1936 partem
825 1858 924 1917 circuli
956 1857 1097 1916 absecant
1123 1865 1304 1918 constantem
1327 1873 1447 1916 numero
1471 1853 1556 1939 (par-

200 1943 293 2015 tium,
327 1959 401 2019 quas
432 1945 501 2006 lecit
530 1948 625 2022 ligura
652 1947 803 2025 radicalis)
833 1947 950 2022 proprio
983 1943 1108 2018 alicujus
1141 1942 1252 2020 figuras
1282 1942 1558 2018 indemonstrabilis,

204 2030 326 2105 quando'
348 2037 438 2108 partis
462 2043 492 2092 et
513 2041 604 2095 totius
627 2037 738 2093 numeri
761 2035 868 2092 luerint
891 2036 965 2090 inter
986 2049 1018 2089 se
1041 2029 1135 2106 primi.

290 2109 382 2168 Prima
400 2115 482 2184 hujus
500 2118 695 2189 propositionis
711 2133 775 2186 pars
795 2125 838 2170 est
856 2117 975 2172 axioma,
995 2114 1066 2183 quod
1087 2130 1120 2169 ne
1135 2112 1246 2170 nimium
1260 2112 1386 2182 generale
1404 2112 1491 2182 fieret,
1509 2129 1570 2196 per,

202 2193 352 2247 secundam
375 2195 570 2263 propositionis
592 2204 697 2267 partem
724 2193 939 2262 restringendum
966 2192 1026 2247 fnit
1065 2193 1274 2247 Demonstratur
1298 2201 1391 2248 autem
1418 2195 1473 2250 sic:
1499 2203 1558 2250 estc

202 2285 321 2341 namque
345 2272 463 2328 circulus
488 2274 590 2330 divisus
613 2274 735 2342 afigura
753 2272 969 2342 demonstrabili,
998 2271 1072 2326 verbi
1091 2285 1172 2325 causa
1190 2273 1225 2326 ab
1244 2271 1399 2338 icosigonor
1425 2278 1485 2328 estc
1500 2272 1558 2340 jam

201 2348 283 2404 stella
301 2350 477 2420 icosigonica,
504 2354 582 2422 cujas
599 2353 675 2407 latus
688 2350 837 2408 subtendat
854 2351 888 2422 ,ἦ
914 2349 948 2404 ab
972 2349 1111 2417 icosigono
1134 2347 1234 2419 iactas,
1260 2350 1300 2404 sic
1317 2359 1348 2406 nt
1366 2355 1383 2407 9
1406 2359 1434 2406 ct
1451 2351 1488 2410 tc
1504 2351 1559 2406 sint

201 2427 276 2482 inter
292 2443 322 2482 se
340 2429 427 2500 primi.
464 2433 531 2487 cnm
550 2449 614 2502 erpo
632 2447 696 2502 pars
715 2432 826 2488 absecta
843 2431 879 2485 sit
896 2429 930 2484 dc
948 2427 1064 2497 circulo,
1089 2428 1136 2482 illa
1153 2429 1241 2483 minor
1265 2443 1331 2484 sane
1349 2431 1401 2485 erit
1419 2443 1499 2501 quam
1518 2437 1558 2488 to·

201 2517 274 2577 tum;
300 2517 328 2564 at
345 2510 447 2578 poterit
474 2527 535 2568 esse
552 2513 639 2582 major
664 2527 746 2584 quam
770 2511 853 2566 totius
872 2508 1012 2564 dimidium
1037 2507 1078 2561 rel
1097 2517 1195 2576 quana
1217 2508 1260 2563 rel
1283 2517 1391 2578 octava,
1421 2509 1503 2578 idque
1527 2525 1560 2563 eo

201 2602 292 2655 usque
315 2587 472 2661 dividendo,
499 2593 589 2662 quoad
612 2591 704 2662 aliqua
725 2592 811 2646 totius
835 2605 898 2658 pars
922 2587 1050 2642 continue
1074 2585 1212 2657 subdupla
1234 2587 1317 2644 inerit
1342 2587 1431 2668 minor
1448 2585 1559 2644 dimidio

202 2667 297 2734 hujus,
317 2668 350 2722 de
369 2685 422 2739 qua
439 2671 562 2742 agimus,
581 2673 681 2740 portis:
701 2679 732 2725 ut
749 2671 814 2740 quia
831 2671 861 2724 in
877 2668 1002 2736 exemplo
1021 2675 1115 2720 nostro
1133 2673 1220 2722 totum
1239 2679 1282 2723 est
1300 2665 1346 2736 20,
1372 2681 1436 2734 pars
1455 2665 1488 2720 lle
1507 2682 1560 2736 qua

205 2745 311 2811 agimus
327 2751 360 2814 9,
380 2763 503 2804 sumatur
520 2751 604 2806 totius
624 2750 764 2805 dimidium
785 2750 985 2813 terrarumque
1004 2745 1143 2800 dimidium
1160 2746 1242 2814 hujus
1262 2751 1291 2816 b,
1321 2755 1348 2800 et
1365 2746 1445 2801 tertio
1464 2747 1496 2816 2¹}
1516 2760 1560 2801 oc·

202 2831 268 2876 tara
285 2824 377 2879 totius.
412 2826 489 2884 Haec
503 2829 561 2896 jam
578 2835 621 2883 est
639 2829 726 2882 minor
743 2840 824 2897 quam
842 2825 981 2880 dimidium
998 2825 1084 2893 ipsius
1098 2827 1122 2881 9.
1159 2825 1249 2882 Habet
1262 2840 1326 2894 ergo
1341 2841 1371 2881 se
1390 2839 1454 2893 pars
1467 2833 1561 2880 nostra

205 2904 222 2956 9
240 2899 276 2956 ad
294 2909 417 2959 octavam
435 2907 520 2964 totius
539 2905 633 2962 cbculi
650 2908 699 2977 23,
719 2914 751 2960 ut
770 2905 888 2961 circulus
906 2903 1009 2958 dialem
1026 2901 1113 2970 figura
1130 2903 1365 2959 indemonstrabili
1386 2904 1420 2959 ad
1439 2900 1559 2972 aliquam

205 2993 273 3032 suae
291 2978 432 3039 divisionis
450 2993 564 3053 partem,
583 3001 620 3040 sc.
639 2993 670 3040 ut
690 2985 723 3040 18
740 2985 776 3040 ad
794 2989 824 3053 53
845 2985 876 3057 ἢ
897 2991 987 3038 ιιιιειιι
1005 2984 1147 3039 axiomatis
1166 2983 1189 3046 3.
1209 2983 1380 3039 corollarium
1398 2985 1560 3053 pronuncia·

205 3060 245 3116 rit
269 3057 449 3121 dissonnres
478 3071 537 3119 toto
554 3066 606 3134 18,
634 3079 718 3132 quaro
742 3075 793 3132 per
816 3065 925 3118 axioma
941 3064 965 3116 5.
989 3069 1099 3116 nostrae
1126 3061 1264 3117 divisionis
1286 3063 1385 3131 parati
1409 3061 1561 3129 dissonabis

205 3144 240 3198 ab
259 3148 356 3198 omaro
374 3143 469 3199 ursuli
487 3144 642 3216 (divisionis
667 3151 778 3198 nostrae
796 3141 920 3211 partibus
937 3141 1000 3210 ll);
1023 3141 1175 3196 dissoncbit
1197 3157 1262 3211 ergo
1286 3156 1337 3211 per
1354 3157 1430 3212 prop.
1449 3145 1475 3198 4.
1494 3158 1559 3214 pars

203 3230 302 3278 nosue
319 3223 335 3276 il
355 3223 436 3283 etiarn
463 3233 556 3280 atoto
574 3223 676 3280 circulo
694 3223 741 3291 io,
765 3221 887 3290 qumvis
905 3221 965 3289 <aas
983 3221 1114 3276 subtensa
1139 3221 1176 3275 sit
1193 3219 1425 3289 demonstrabile,
1452 3221 1500 3277 sed
1517 3237 1558 3277 re

204 3305 356 3360 notissimo
375 3304 474 3374 mado,
493 3306 627 3374 etiamque
646 3303 726 3358 stolia
744 3301 803 3370 ejus
821 3315 855 3356 ex
873 3299 1032 3369 incongruis
1048 3308 1098 3356 cet

292 3399 523 3476 Propositio
554 3395 607 3458 Vl.
658 3395 790 3456 Residuis
821 3391 993 3454 circulorum
1025 3391 1071 3452 vol
1103 3387 1275 3452 chordarum
1313 3399 1382 3468 pcst
1411 3393 1559 3455 abaciam

206 3497 306 3565 partes
328 3504 473 3548 consonas
495 3489 564 3558 toti,
597 3488 621 3544 si
645 3491 713 3544 sunt
734 3484 826 3561 partis
848 3497 921 3540 suae
944 3484 1133 3540 consonantis
1156 3482 1293 3540 contiuua
1317 3479 1422 3555 dupla,
1453 3495 1560 3539 conso-
1625 3505 1629 3522 ·

205 3585 278 3636 nunt
299 3585 329 3636 et
351 3593 417 3636 cum
440 3583 523 3650 parte
546 3573 679 3634 abscissa
701 3579 731 3631 et
753 3587 819 3630 cum
841 3577 904 3628 toto
926 3565 1034 3644 circulo
1058 3568 1106 3628 rol
1129 3566 1246 3628 chorda.

295 3660 362 3716 Cum
379 3659 503 3715 abscissa
520 3673 570 3726 per
586 3673 665 3726 prop.
685 3656 722 3723 1.,
741 3669 802 3710 crau
819 3657 877 3708 toto
895 3666 945 3720 per
961 3665 1040 3720 prop
1059 3651 1085 3706 i.

293 3751 514 3829 Propositio
539 3749 607 3813 vil.
650 3748 682 3808 Si
713 3744 773 3807 tale
795 3745 943 3804 residuum
972 3744 1108 3804 babuerit
1130 3741 1256 3804 mndata
1283 3743 1500 3818 proportionem
1522 3741 1560 3800 ad

205 3839 306 3900 mrcnli
330 3842 376 3898 rel
400 3838 526 3900 chordae
549 3837 701 3898 dimidiam
723 3833 772 3893 vel
795 3843 928 3909 quartam
950 3841 1079 3908 partera,
1108 3847 1196 3907 quam
1220 3839 1299 3890 totos
1321 3829 1447 3890 circulus
1470 3827 1561 3890 habet

205 3927 245 3986 ad
267 3929 356 3988 albin
378 3927 509 4004 aliquam
536 3935 649 4004 partem
672 3926 718 3984 sci
742 3937 914 3994 consonam,
947 3921 1230 3981 commonitorium
1261 3934 1330 3976 crim
1351 3925 1414 3977 toto
1437 3916 1560 3991 circmm

204 4019 232 4076 si
255 4024 287 4076 ut
309 4010 347 4076 ad
369 4019 532 4093 portionem
556 4013 719 4084 dissonam,
743 4009 917 4070 dissonabit

295 4098 417 4156 Circulos
434 4098 507 4154 enim
524 4105 600 4152 totns
618 4095 731 4164 dasque
750 4091 889 4148 dimidium
912 4098 940 4148 et
966 4105 1030 4161 pars
1049 4095 1147 4158 quarta
1172 4095 1237 4145 sunt
1258 4085 1481 4166 improportioue
1497 4101 1560 4142 con-

205 4180 283 4234 tinue
301 4179 397 4249 dupla;
421 4193 505 4247 quare
524 4181 583 4245 (per
600 4192 640 4245 pr.
660 4178 694 4242 ι.)
714 4189 784 4241 qrrae
808 4172 917 4228 residua
940 4170 1012 4240 parti
1030 4169 1080 4224 tali
1104 4167 1196 4226 circuli
1213 4175 1381 4234 consonant,
1410 4176 1561 4225 cumomni

204 4265 235 4314 et
251 4257 311 4326 toti,
328 4268 358 4329 ει
376 4273 446 4327 qnae
465 4258 500 4314 ab
517 4255 566 4310 ills
585 4254 733 4318 dissonant,
755 4252 835 4308 ctiam
853 4253 888 4308 ab
907 4251 959 4306 hoc
976 4247 1164 4307 dissonabunt.
1201 4243 1238 4300 Δι
1253 4249 1405 4299 consonant
1423 4245 1494 4314 porti
1513 4247 1560 4301 tali

204 4335 315 4391 residua
333 4337 387 4404 illa,
406 4354 475 4408 quoe
493 4331 698 4406 proportionem
717 4331 829 4388 eandem
848 4329 992 4388 habuerint
1011 4327 1151 4402 odiliam,
1170 4341 1250 4398 quam
1269 4332 1343 4380 totus
1361 4323 1397 4378 ad
1414 4339 1560 4394 quamcun-

204 4429 259 4485 que
276 4423 382 4486 partem
400 4429 562 4484 consonam,
582 4409 776 4481 dissonantque
794 4427 811 4466 a
827 4419 906 4479 parte
924 4407 985 4478 tali,
1005 4424 1075 4478 qrrae
1094 4406 1297 4476 proportionem
1314 4396 1349 4458 ad
1366 4403 1440 4458 illam
1458 4403 1560 4460 babue-

202 4497 272 4566 rint,
298 4511 378 4565 quam
397 4495 514 4551 circulus
539 4493 574 4548 ad
598 4505 787 4562 quamcunque
809 4497 914 4559 partem
941 4488 1090 4556 dissonam,
1117 4485 1199 4553 idque
1222 4499 1272 4552 per
1295 4479 1402 4539 axioma
1425 4486 1450 4539 b.
1486 4484 1559 4552 Ergo

201 4575 273 4631 talia
289 4577 400 4632 residua
418 4583 570 4631 consonant
592 4581 620 4627 ει
636 4571 688 4626 ιοιί
706 4567 819 4636 circulo;
840 4565 976 4621 cornaria
988 4563 1130 4619 dissonant
1148 4567 1234 4616 atoto
1248 4559 1357 4617 circulo.
1393 4561 1469 4620 Haec
1480 4571 1558 4632 prop.

205 4661 249 4708 ειι
266 4663 381 4724 propter
397 4659 555 4724 sequentem
574 4665 652 4723 prop.
670 4649 695 4704 8.

292 4747 516 4826 Propositio
540 4745 624 4806 viii.
670 4742 717 4803 Ad
740 4741 901 4801 abscissam
924 4751 992 4797 vcro
1015 4740 1128 4813 partem
1150 4737 1175 4794 si
1195 4735 1412 4816 proportionem
1435 4730 1559 4800 eandem

206 4831 343 4900 babuerit
369 4839 533 4912 residuum,
563 4851 653 4914 quam
680 4839 760 4892 totus
791 4825 916 4889 cuculus
950 4824 988 4886 ad
1013 4829 1128 4926 partem
1159 4840 1362 4902 quamcunque
1390 4835 1558 4895 consonam,
