3668 5526
289 349 351 410 ιιι
448 326 454 337 “
755 334 920 408 Appium
938 335 1160 392 semenstrem

288 523 386 595 done,
417 521 493 578 nitor
514 517 595 578 iilam
625 520 653 575 iu
676 515 781 578 melius
804 515 967 578 emendare.
1013 515 1104 594 Atqui
1135 519 1325 580 contradictio
1355 521 1438 583 nulia
1460 531 1520 597 est,
1552 541 1628 600 quse

291 610 434 670 lectorem
458 603 613 685 impediat,
643 621 707 663 curn
731 613 862 679 constet,
885 621 945 680 quo
966 613 1097 682 respectu
1121 606 1273 682 quodlibet
1293 625 1393 669 eorum
1416 612 1629 673 affirmaverim.

216 705 218 710 '
375 696 443 755 Alio
466 703 552 772 capto
576 695 685 766 impetu
716 694 746 749 in
769 695 932 769 spatiosum
962 694 1057 770 operis
1079 697 1135 753 mei
1158 711 1260 770 agrurn
1289 700 1431 770 excurris,
1461 703 1629 759 vastitatem

288 790 436 859 uteunque
464 791 494 841 et
519 779 626 840 danna
653 777 787 838 illaturus
817 780 970 841 hostiliter.
1015 779 1166 854 Mundus,
1198 785 1260 853 ais,
1284 789 1371 844 tertio
1393 787 1441 844 die
1470 789 1630 863 completus

286 873 364 949 (uit,
388 871 538 930 clementis
559 867 724 940 ordinatis,
754 867 884 927 secundo
906 868 994 941 coeii,
1025 885 1094 926 curn
1115 869 1253 928 condens
1277 881 1370 930 essent
1391 874 1500 933 sidero.
1547 875 1629 950 Ergo

290 959 380 1018 Plato
402 965 429 1016 st
452 956 642 1032 Pythagoras
664 955 849 1029 applicando
869 955 986 1030 [ἴφυναι
1008 957 1159 1014 stemmatis
1184 973 1248 1016 non
1272 962 1447 1033 cogitarunt
1472 963 1508 1020 ds
1528 962 1628 1020 ruda-

287 1063 359 1104 rum
381 1044 539 1103 distantiis.
584 1039 698 1100 Snldcit
720 1045 899 1102 recensuisse
922 1053 1134 1119 argumentum,
1158 1061 1225 1102 earu
1242 1044 1297 1104 hoc
1317 1047 1378 1121 jam
1399 1047 1466 1124 plus
1480 1057 1525 1108 est
1540 1065 1628 1124 quarn

288 1134 427 1210 relutare3
458 1145 625 1207 quanquam
648 1127 686 1188 de
708 1127 894 1188 conclusione
917 1146 974 1188 non
998 1147 1114 1206 pugno,
1145 1131 1224 1206 quod
1252 1140 1396 1191 testantur
1425 1152 1513 1196 voces
1536 1153 1627 1208 meae,

286 1223 372 1296 sorte,
395 1220 482 1296 forta
507 1227 539 1276 ut
560 1218 625 1275 cari
648 1215 686 1274 ad
709 1215 844 1292 analysin
870 1217 918 1274 15.
964 1215 1104 1292 Sequitur
1126 1216 1205 1276 haud
1227 1221 1317 1294 paulo
1340 1221 1497 1281 violentius
1520 1223 1627 1282 telum:

208 1334 216 1342 ·
291 1305 464 1382 incongrue
492 1303 641 1380 Keplerus
670 1304 707 1361 de
733 1303 980 1378 philosophorum
1009 1305 1239 1376 intentionibus,
1272 1325 1369 1382 qrsrsre
1399 1311 1488 1369 ualde
1518 1311 1628 1370 dediiiu

285 1394 490 1472 fundamenta
511 1392 690 1454 Montanium
717 1392 781 1462 ejus
809 1391 1003 1464 mundanae,
1039 1407 1103 1449 cum
1134 1409 1190 1468 ego
1220 1393 1461 1471 philosophorum
1487 1400 1627 1458 memine-

289 1484 343 1540 rim
365 1481 477 1554 obiter,
500 1495 554 1538 neo
575 1479 668 1538 nilum
691 1480 727 1536 iis
749 1477 845 1537 locum
870 1478 987 1537 fecerim
1010 1479 1038 1536 in
1063 1478 1258 1540 fundamentis
1280 1485 1362 1542 meis.

376 1569 422 1628 De
444 1576 513 1626 tuae
535 1566 716 1626 liarruonices
740 1567 869 1642 epitoma
891 1565 964 1628 nihil
987 1577 1073 1625 antea
1097 1567 1170 1640 dini,
1197 1568 1270 1626 nihil
1292 1571 1380 1646 igitur
1403 1587 1439 1630 ne
1461 1587 1539 1630 nnnc
1560 1573 1628 1646 qui-

226 1687 229 1696 ·
289 1655 355 1716 dem
378 1655 415 1714 ad
438 1671 484 1714 me
507 1655 649 1732 pertinere
672 1660 753 1731 puto,
777 1653 924 1731 quomodo
941 1661 971 1712 tu
988 1653 1116 1731 applices
1131 1655 1239 1732 figuras
1258 1656 1423 1733 regularce3
1446 1657 1518 1717 illud
1533 1658 1627 1717 solnm

289 1743 462 1816 carendum,
485 1759 522 1800 ne
545 1749 576 1800 tu
598 1743 670 1800 rneis
693 1741 815 1800 abutare
838 1742 942 1800 verbis.
981 1741 1090 1819 Accipe
1105 1759 1231 1802 sensum.
1269 1743 1369 1803 Cultus
1390 1747 1503 1805 ratione
1519 1745 1627 1822 figurae

289 1833 478 1910 primigenius
500 1837 546 1888 est
572 1831 766 1888 strationem
796 1830 887 1888 totius
909 1828 1014 1902 habet,
1045 1838 1271 1890 consentaneum
1301 1834 1390 1908 igitur
1419 1841 1495 1906 erat,
1528 1841 1559 1891 nt
1584 1833 1627 1891 illi

289 1922 376 1979 etism
405 1918 489 1980 loeus
518 1919 643 1976 extimus
675 1924 707 1976 et·
734 1914 932 1992 amplissimus
955 1917 1069 1991 (eorum
1098 1918 1224 1988 scilieet,
1258 1934 1334 1995 quos
1356 1919 1467 1996 figurae
1500 1923 1626 1979 nancisci

289 2001 428 2088 possunt)
450 2007 655 2080 assignaretur.
702 2001 779 2078 Quid
801 2003 866 2077 linc,
890 2005 1002 2079 inquis,
1030 2003 1067 2063 ad
1091 2004 1269 2066 Saturnum?
1313 2005 1439 2067 Omnino
1463 2007 1628 2084 plurimum.

290 2095 363 2153 llam
387 2096 516 2170 quinque
538 2091 649 2167 figurae
670 2105 723 2150 sex
744 2089 886 2150 &derunt
907 2093 1053 2163 circuitus,
1077 2093 1170 2152 cubus
1192 2095 1279 2168 igitur
1302 2094 1382 2154 dedit
1404 2097 1542 2168 extimos,
1570 2095 1628 2155 Sa·

289 2191 405 2240 turnum
436 2191 465 2240 et
493 2179 610 2240 Joreur.
655 2179 750 2254 Atqui
778 2174 899 2257 (regeris
930 2177 973 2250 tn)
1004 2178 1161 2238 Saturitas
1190 2189 1231 2239 est
1260 2185 1391 2240 minimo
1418 2199 1496 2258 pars
1530 2185 1627 2242 natissa

290 2269 368 2344 Quid
392 2267 478 2327 turni
523 2264 690 2326 Dnrnnmdo
712 2266 751 2324 sit
773 2265 836 2340 ejus
859 2267 939 2340 regio
963 2265 1144 2341 amplissima
1166 2271 1256 2328 totius
1278 2269 1378 2330 nundi
1404 2270 1535 2346 mobilis,
1561 2287 1628 2331 natu

289 2373 380 2416 consa
402 2364 480 2428 erat,
509 2371 560 2414 eur
588 2369 646 2414 sorr
670 2355 780 2426 omnis,
810 2367 868 2411 non
891 2353 1096 2425 totumillud,
1130 2355 1182 2415 ssd
1208 2357 1273 2415 sols
1293 2373 1361 2434 pars
1390 2357 1490 2416 mundi
1512 2358 1629 2418 mobilis

289 2461 325 2504 ex
348 2445 526 2520 praescripto
549 2441 705 2517 figurarum
727 2439 977 2517 multiplicaretur.
1407 2467 1412 2476 ·

375 2531 419 2590 lix
433 2529 623 2605 Trismeglsto
639 2539 671 2588 tu
686 2527 739 2587 tibi
755 2526 861 2586 videris
877 2528 1026 2605 probasse,
1043 2527 1370 2606 quodspirittssiqsseus
1384 2534 1489 2606 sitnm,
1505 2531 1628 2590 dormo-

287 2620 375 2678 ns'ons
397 2625 425 2676 st
447 2625 621 2678 meatum
644 2617 693 2675 dei
713 2616 863 2673 amante
885 2613 976 2691 atque
997 2615 1194 2690 elementatis,
1224 2624 1251 2675 et
1271 2635 1469 2694 nequaqnam
1489 2619 1629 2694 planetus

288 2723 342 2763 nec
361 2723 467 2765 sorum
489 2711 596 2765 motus.
644 2705 735 2779 Atqui
756 2719 815 2762 non
838 2701 906 2775 dixi,
931 2702 983 2762 vel
1001 2702 1134 2779 planetas
1149 2715 1151 2724 ·
1165 2703 1331 2764 relmotus
1353 2707 1537 2781 planetarum
1560 2706 1628 2765 ders

289 2793 337 2851 vel
364 2790 514 2852 elementis
537 2791 584 2850 vel
608 2790 790 2851 elementatis
813 2799 985 2850 concentum
1008 2797 1038 2850 et
1060 2791 1258 2866 harmoniam,
1281 2792 1334 2852 sed
1356 2793 1411 2852 hoc
1434 2792 1512 2872 dico,
1534 2793 1628 2852 Deum

289 2880 460 2939 concidisse
483 2895 536 2938 sen
559 2877 675 2938 dedisse
696 2880 771 2954 ipsis
791 2880 919 2938 motibus
942 2877 1126 2956 planetarum
1156 2883 1360 2955 proportiones
1386 2881 1520 2955 emdem,
1553 2897 1628 2957 qnae

289 2973 357 3025 snrrt
379 2967 620 3026 inconsentiens
644 2966 788 3026 humanis.

377 3052 432 3111 Ad
462 3055 683 3113 testimonia
712 3060 747 3112 et
773 3051 1037 3120 auctoritates
1066 3063 1194 3113 contra
1225 3053 1424 3129 Keplernnr
1449 3055 1627 3130 jactatas.

252 3132 258 3140 ’
290 3141 434 3200 Disdncte
456 3143 482 3199 si
504 3157 563 3200 non
585 3143 739 3218 scripsisti,
771 3139 876 3200 saltem
900 3137 997 3198 adlruc
1019 3155 1085 3198 mea
1106 3143 1249 3217 percipias
1281 3141 1377 3201 velim.
1422 3142 1471 3200 Ad
1497 3151 1628 3202 ornatum

290 3228 439 3288 coelorum
461 3229 661 3288 harmonicum
688 3228 776 3287 basin
806 3243 862 3303 ego
882 3229 1052 3287 monimen
1073 3243 1164 3286 causa
1193 3227 1303 3288 ncillam
1335 3231 1364 3286 in
1390 3231 1537 3307 ipsissimo
1559 3228 1629 3289 reali

291 3315 404 3376 Terrae·
419 3325 502 3375 moin
525 3319 621 3392 origo3
645 3317 751 3375 lrustra
772 3313 842 3373 milri
865 3313 922 3372 hoc
944 3317 1033 3372 etiarn
1056 3331 1144 3390 saprs
1160 3315 1274 3393 sualysi
1289 3315 1361 3374 xii.
1378 3317 1539 3394 imputasti,
1562 3333 1628 3376 nam

183 3471 188 3490 Ι
290 3415 322 3462 ut
350 3405 390 3464 ibl
419 3405 536 3483 scripsi,
567 3404 637 3463 mihi
660 3403 768 3462 sufficit
799 3401 847 3462 rel
869 3417 1013 3480 apparens
1045 3400 1095 3460 ille
1126 3419 1162 3462 en
1185 3401 1254 3463 Sole
1284 3411 1380 3462 mettis
1403 3403 1544 3478 Telluris,
1578 3407 1628 3480 qni

289 3490 462 3568 relinquitur
484 3495 574 3551 etiarn
596 3491 781 3568 aTychone,
804 3505 870 3549 eum
885 3489 976 3548 Terra
998 3491 1112 3549 interim
1136 3489 1179 3548 illi
1201 3507 1231 3549 re
1255 3507 1325 3550 vera
1347 3491 1487 3566 quiescet.
1534 3491 1628 3551 Multo

290 3581 384 3638 minus
407 3580 601 3638 radiationum
625 3595 681 3655 ego
703 3579 905 3654 proportiones
928 3576 996 3634 lruic
1020 3577 1082 3634 basi
1104 3585 1202 3636 motus
1226 3577 1334 3638 Terrae
1354 3589 1538 3656 superstru03
1561 3597 1628 3638 nam

282 3672 426 3743 'expresse
450 3667 542 3726 doceo
564 3667 639 3726 libro
661 3666 715 3739 IV,
744 3673 879 3724 naturum
907 3662 1160 3740 sublunaremsie
1182 3681 1201 3724 a
1223 3665 1306 3724 coelo
1334 3669 1520 3740 commoveri,
1546 3677 1577 3726 ut
1598 3665 1627 3725 id

290 3755 462 3830 apparetis
485 3753 597 3828 Terris,
621 3769 680 3812 non
703 3761 735 3811 nt
757 3761 802 3812 est
823 3769 854 3812 re
877 3769 948 3810 vera
971 3751 999 3808 ln
1022 3769 1054 3810 se
1077 3753 1141 3828 ipso
1164 3761 1373 3827 comparstnm.
1518 3761 1523 3766 '

375 3839 511 3917 Denique
534 3841 614 3918 quod
636 3841 744 3900 Terrae
767 3841 893 3898 animam
917 3837 1150 3914 qualemcunque
1172 3841 1285 3913 tribuo,
1310 3856 1368 3900 non
1391 3839 1458 3899 ideo
1480 3842 1573 3915 facio,
1597 3849 1628 3903 ni

178 3981 181 3988 .
289 3930 387 3988 anime
409 3929 483 3988 haec
505 3928 556 3987 flet
579 3931 717 3988 terminos
743 3928 791 3986 rel
813 3926 978 4002 subjectum
1000 3927 1195 4004 proportionis
1218 3927 1297 3986 illins
1320 3928 1515 4000 lrnrrnonicae,
1541 3946 1628 4006 quam

288 4025 388 4076 natae
411 4019 439 4074 in
463 4015 565 4089 rodite,
599 4015 651 4076 sed
674 4023 707 4074 ut
727 4017 803 4074 istee
825 4013 972 4073 radiorum
996 4018 1197 4093 proportiones
1219 4018 1333 4092 possint
1356 4033 1420 4075 esse
1443 4017 1577 4076 elflcsces
1599 4019 1628 4074 in

288 4106 434 4165 metensis.
480 4102 557 4162 Huic
579 4105 656 4179 perti
677 4101 881 4179 philosophiae
904 4111 936 4160 tu
958 4106 1058 4161 nescio
1082 4101 1151 4177 quid
1171 4101 1337 4177 obloqueris
1360 4105 1473 4164 serione
1496 4121 1533 4163 an
1549 4103 1629 4163 aliud

288 4210 378 4269 agenn
400 4195 501 4270 tuique
531 4190 665 4250 oblisnsr.
688 4194 723 4248 in
749 4193 907 4268 scripturis
934 4192 1027 4248 socru
1048 4191 1136 4248 arella
1163 4192 1298 4250 inueniri
1322 4199 1520 4266 argumento,
1550 4191 1631 4267 qaod

288 4287 420 4340 mdeoro
441 4279 480 4338 ob
502 4280 669 4354 aspectibus
689 4281 865 4336 excitentur.
910 4276 944 4335 ld
967 4277 1101 4352 equidem
1124 4279 1220 4336 sciunt
1242 4295 1330 4354 qnam
1352 4281 1470 4356 optime,
1494 4282 1630 4354 quisunt

289 4367 515 4446 aphilosophia
544 4383 631 4443 quarn
654 4367 779 4424 maxime
802 4366 898 4424 vacui.
942 4364 1019 4438 Qtrid
1048 4381 1119 4430 vero
1142 4373 1174 4423 tu
1196 4366 1285 4426 inde?
1328 4365 1405 4424 llum
1437 4365 1503 4426 idco
1526 4383 1629 4442 aspec-

289 4461 337 4512 tus
368 4453 440 4512 nihil
473 4455 584 4514 faciunt
616 4453 654 4512 od
686 4451 789 4512 cienda
821 4451 976 4513 meteorai
1020 4451 1081 4512 Nec
1110 4453 1212 4512 stelles
1242 4453 1447 4528 plus·lrsbent
1475 4453 1628 4525 facultatis,

290 4557 378 4615 ςιιιιιι
400 4557 465 4600 eam
488 4544 589 4622 ipsam,
614 4539 810 4614 distinguendi
834 4549 966 4617 tempora
988 4541 1088 4616 signis,
1111 4541 1148 4600 ad
1172 4557 1261 4620 qnam
1283 4544 1310 4598 in
1333 4543 1475 4619 scriptura
1497 4541 1629 4602 dicuntur

290 4628 385 4685 laetae
414 4629 453 4686 alr
480 4628 616 4702 origine?
662 4629 873 4704 Argumentare
901 4629 1001 4704 iiaqne
1032 4627 1169 4702 ulterius,
1202 4632 1230 4686 in
1261 4631 1402 4706 scriptura
1429 4629 1539 4688 nullam
1568 4629 1628 4687 lieri

204 4711 212 4720 '
291 4715 467 4772 mentionem
489 4714 663 4775 discriminis
684 4720 759 4775 inter
781 4715 882 4775 stellas
904 4725 1033 4774 errantes
1057 4723 1085 4775 et
1108 4716 1190 4788 dnus,
1214 4716 1310 4776 nullos
1327 4719 1415 4792 igitur
1435 4733 1499 4776 esse
1514 4733 1628 4776 errones

291 4815 344 4858 seu
365 4801 507 4879 planetas.
554 4801 688 4862 Ofinem
710 4805 782 4863 milri
813 4806 963 4880 contingat
985 4801 1084 4863 ridere
1111 4804 1342 4864 taediosissimae
1370 4804 1519 4866 lectionisl
1566 4805 1628 4864 Non
