3676 5536
320 303 383 363 226
690 257 694 264 ι
732 297 774 353 De
793 293 1058 366 Configuratiomhus
1076 297 1254 355 Harmonicis.

319 479 451 556 proxime
468 473 598 549 adstans,
623 491 720 535 crassa
736 476 821 534 nimis
834 491 927 551 eoque
951 483 980 534 et
995 476 1132 536 inhabilis
1149 477 1203 536 iuit
1223 477 1260 536 ad
1274 477 1472 557 recipiendam
1486 479 1665 557 purissimam

318 566 515 644 proportionis
538 563 643 636 ideam,
668 571 699 622 ut
717 564 781 638 Jam
803 565 902 620 statim
925 562 1058 641 pluribus
1081 565 1244 642 explicabo.

405 651 491 712 Nunc
513 652 589 710 euim
612 650 650 708 ad
673 651 852 726 energctioas
875 650 1030 711 facultates
1054 655 1154 725 venio,
1179 669 1256 728 quae
1277 653 1352 712 circa
1375 653 1577 730 proportiones
1600 651 1667 710 har·

318 741 451 799 monicae
481 745 668 815 occupantur.
714 737 767 796 list
783 753 816 796 u.
845 736 918 796 haec
942 753 1059 814 quoque
1083 738 1205 816 duplex,
1236 757 1305 800 narn
1335 750 1387 800 aut
1415 746 1444 798 in
1476 757 1508 799 se
1532 743 1597 816 ipsa
1625 746 1667 798 est

320 843 454 906 operosa,
477 833 529 885 aut
551 826 689 908 inpehus
712 833 794 886 extra
815 821 1022 901 se,.utrinque
1045 826 1211 886 assimilans
1235 844 1324 905 opera
1346 844 1401 887 sua
1422 827 1666 906 proportionibus,

319 923 372 975 aut
394 914 533 973 inducens
556 911 610 970 has
633 915 662 969 in
687 913 746 972 illa.
791 911 829 970 ier
851 911 902 970 illa
925 911 1044 986 quidem
1066 917 1203 991 passivae
1226 916 1330 974 similis
1353 923 1405 989 cst,
1429 918 1487 974 ista
1509 917 1582 973 citra
1597 929 1667 972 con·

317 1004 490 1062 troverslam
512 1002 541 1056 in
565 999 679 1076 agendo
702 1007 865 1068 exercetur,
898 999 960 1057 illa‘
973 1001 1060 1076 igitur
1081 1003 1248 1061 iniuriarum
1271 1006 1386 1062 animae
1408 1002 1581 1062 facultatum
1606 1017 1667 1059 rur·

281 1142 297 1166 ¹.
316 1107 381 1149 sum
405 1096 449 1148 est
471 1081 598 1160 soboles,
622 1090 680 1146 ista
702 1088 900 1164 superiorum3
928 1085 981 1144 illa
1002 1097 1124 1148 naturae
1147 1091 1258 1148 viribus
1281 1090 1396 1164 subest,
1426 1090 1499 1149 haec
1522 1088 1666 1148 voluntati

317 1177 453 1249 hominis,
477 1174 529 1234 illa
551 1190 622 1234 saue
637 1181 719 1234 motu
734 1173 828 1252 pollet
842 1173 1032 1248 alterationis,
1057 1191 1145 1250 quam
1162 1179 1275 1254 corpori
1296 1195 1349 1237 suo
1365 1177 1477 1250 inierat,
1503 1183 1535 1236 ut
1550 1179 1667 1236 omnino

298 1263 452 1340 ¹facultati
479 1262 580 1330 subsit,
604 1262 696 1320 vitali.
742 1260 829 1336 Quod
861 1263 936 1320 euim
967 1260 1146 1322 delectamur
1175 1263 1334 1323 harmoniis
1356 1281 1508 1331 sonorum,
1541 1265 1668 1340 speciem

316 1351 463 1430 passionis
485 1349 583 1423 hebet,
607 1352 716 1427 quippe
739 1348 917 1407 delinitionis
940 1348 1205 1430 demulsionisque,
1232 1352 1309 1412 unde
1333 1355 1421 1410 etiam
1443 1369 1462 1411 a
1483 1351 1669 1429 philosophis

316 1436 496 1516 apariendo
519 1423 687 1515 sympathia
709 1435 815 1494 dicitur
836 1437 999 1494 animorum
1022 1453 1088 1495 curn
1111 1445 1211 1515 cantu;
1242 1445 1287 1500 est
1313 1447 1411 1498 tumen
1441 1457 1471 1499 rc
1494 1455 1565 1497 vara
1596 1455 1669 1515 ope·

316 1529 392 1585 ratio
415 1527 539 1598 animae,
562 1524 688 1584 naturali
711 1531 792 1582 motu
814 1526 929 1600 agentis
951 1525 980 1581 iu
1003 1541 1034 1583 se
1050 1528 1144 1602 ipsam
1160 1543 1282 1602 seseque
1298 1528 1512 1600 exsuscitantis,
1536 1525 1574 1585 ad
1590 1523 1669 1602 quod

317 1611 369 1672 illa
390 1629 449 1672 non
471 1612 593 1672 coasilio
616 1605 670 1671 neo
694 1611 853 1684 voluntate,
877 1610 930 1669 scd
952 1605 1090 1670 instinctu
1115 1614 1239 1673 naturali
1263 1615 1352 1674 iertur
1373 1615 1521 1690 habetque
1544 1613 1607 1688 jam
1632 1613 1668 1671 ab

316 1703 382 1779 ipso
404 1707 469 1759 ortu
492 1717 638 1760 connexas
660 1706 690 1758 at
713 1701 742 1756 in
765 1715 853 1757 unum
876 1701 961 1774 quasi
984 1699 1125 1758 conflatas
1148 1701 1229 1760 ideas
1251 1709 1280 1762 ot
1295 1703 1511 1762 harmoniarum
1534 1704 1563 1758 in
1578 1717 1669 1759 sonos

316 1791 583 1865 incorporatamm,
613 1793 643 1846 et
670 1785 855 1846 affectionum
884 1787 973 1845 animi
1003 1787 1256 1864 respondentium,
1287 1797 1319 1848 ut
1346 1806 1404 1849 nou
1435 1790 1521 1855 aliter
1551 1790 1610 1866 ipsi
1633 1790 1670 1845 sit

316 1875 490 1953 implantata
517 1874 583 1934 idea
612 1872 798 1959 harmoniae,
836 1885 924 1949 quam
961 1883 1105 1951 quatenus
1142 1875 1282 1936 laetiiieat
1314 1885 1417 1954 estque
1448 1875 1668 1936 delectabilium

317 1962 431 2039 aliquid
453 1970 483 2022 et
505 1969 648 2039 quatenus
672 1969 716 2022 est
738 1959 823 2021 ideae
844 1971 941 2021 motus
964 1963 1118 2022 conformis
1141 1963 1278 2041 implexa.
1324 1963 1390 2024 Hoc
1412 1967 1515 2043 opinor
1532 1961 1670 2022 Proclum

316 2067 405 2129 supra
436 2049 581 2123 voluisse,
613 2067 678 2108 cum
701 2047 871 2124 affirmaret,
903 2047 1107 2126 paradigmata
1135 2067 1227 2110 rerum
1258 2051 1529 2111 mathematicorum
1561 2053 1606 2125 (et
1630 2052 1670 2108 sie

318 2140 407 2197 etiam
428 2135 581 2214 multoque
604 2138 699 2212 magis
721 2135 951 2211 harmoniarum)
974 2137 1070 2196 inesse
1098 2141 1126 2196 ln
1151 2145 1247 2198 menie
1272 2139 1508 2200 intellectualiter
1530 2135 1669 2218 (venepam),

316 2227 346 2284 iu
374 2226 472 2285 anima
502 2241 572 2284 vcro
600 2224 728 2284 vitaliter
754 2219 916 2304 (ζωιικως);
944 2226 987 2282 sic
1015 2241 1043 2281 n.
1074 2227 1187 2284 inerunt
1214 2227 1303 2285 etiam
1330 2229 1359 2284 iu
1382 2226 1522 2286 laenitate
1551 2224 1670 2283 auditus

316 2329 431 2386 sonore,
453 2315 483 2370 in
506 2312 591 2371 vitali
613 2311 813 2388 sublunarium
835 2311 951 2370 radiose
974 2317 1004 2370 et
1026 2315 1184 2388 operariae,
1208 2331 1248 2374 so
1272 2331 1330 2374 uon
1352 2321 1420 2373 sunt
1442 2316 1506 2391 ipsa
1529 2311 1671 2390 paradig-

318 2409 400 2460 mata
420 2417 496 2476 pura
517 2401 645 2472 interna,
669 2397 722 2458 sed
744 2400 842 2458 icones
866 2397 999 2470 illorum,
1021 2400 1099 2458 iuras
1123 2401 1256 2461 derivati.
1302 2461 1306 2470 ,

403 2485 489 2562 Quod
511 2504 582 2547 vero
606 2503 664 2545 non
687 2493 801 2545 tantum
823 2484 1002 2545 delectamur
1024 2485 1175 2547 harmonia
1192 2497 1303 2562 cantur,
1328 2486 1380 2546 sed
1396 2487 1485 2546 etlam
1500 2486 1670 2562 digitorum,

318 2578 390 2648 oris,
419 2573 526 2652 pedum
550 2575 737 2651 corporisque
764 2581 861 2631 motus
884 2573 1153 2653 accommodamus,
1184 2575 1297 2650 idjam
1324 2581 1506 2652 praestamus
1529 2572 1670 2632 facultate

316 2660 454 2734 animali,
478 2661 583 2737 juncta
611 2660 771 2720 voluntate.
815 2659 858 2718 ¹rit
886 2677 950 2719 cum
975 2663 1062 2720 etiam
1085 2679 1189 2722 vocem
1218 2663 1255 2721 ad
1279 2663 1446 2720 harmonias
1465 2660 1669 2737 intelligibiles

316 2747 579 2824 accommodemus,
602 2746 778 2808 meditantes
800 2750 972 2806 concinnum
996 2757 1122 2822 cautum,
1145 2757 1234 2809 antea
1255 2766 1314 2807 non
1332 2747 1472 2822 auditum,
1497 2749 1545 2807 hle
1567 2765 1670 2826 supre-

317 2838 374 2896 mis
396 2835 562 2912 iniimisque
585 2836 721 2895 omnibus
744 2835 934 2894 facultatibus
957 2835 1079 2912 utimur·;
1103 2839 1245 2915 supremis
1268 2835 1396 2912 quidem,
1425 2835 1503 2911 quod
1529 2844 1559 2895 et
1582 2834 1669 2895 volu-

316 2941 381 2983 mus
405 2931 435 2982 et
458 2922 579 2982 consilio
602 2925 718 2995 utimur,
744 2922 926 2982 inferioribus
952 2939 1034 2997 vero,
1059 2924 1137 3001 quod
1161 2941 1316 3002 possumus
1341 2931 1371 2983 et
1393 2922 1471 2999 quod
1495 2924 1583 2982 eiiam
1608 2926 1669 2981 siue

198 3012 204 3022 ”
282 3007 283 3011 ’
316 3010 515 3072 intellectione
537 3013 755 3089 proportionum
778 3008 857 3069 solas
880 3009 961 3070 ideas
984 3013 1214 3085 intervallorum,
1237 3022 1343 3070 natura
1371 3010 1559 3087 inplantatas,
1584 3017 1669 3069 cautu

204 3189 206 3200 '
317 3195 470 3264 regentes.

318 3100 520 3176 exprimimus,
551 3098 731 3158 inconcinnis
759 3097 894 3156 omuibus
921 3099 1063 3174 exclusis,
1095 3117 1148 3183 per
1174 3099 1238 3159 sola
1267 3097 1424 3157 intervalia
1450 3099 1595 3156 conciuua
1625 3095 1670 3154 di·

402 3273 553 3334 Hactenus
576 3273 665 3347 igitur
687 3259 847 3349 explicatsis
869 3270 1025 3333 iacuhatas
1047 3273 1230 3333 harmonicas
1254 3271 1430 3332 essentialis
1444 3269 1496 3330 illa
1518 3271 1669 3330 hannonia

316 3363 399 3422 Deus
422 3363 485 3439 lpse
507 3361 667 3436 exspiravit
697 3358 838 3431 creando,
871 3367 904 3418 ut
926 3361 977 3435 qui
1007 3368 1052 3420 est
1074 3357 1160 3422 odora
1182 3358 1320 3440 s'vapyerq,
1352 3359 1566 3436 inspiraritqne
1595 3359 1668 3418 haue

315 3448 489 3528 particulam
516 3463 589 3506 suae
618 3448 753 3522 imaginis
781 3449 810 3504 in
842 3449 954 3506 animas
977 3449 1094 3509 omuino
1119 3463 1237 3522 omnes,
1265 3446 1426 3507 secundum
1448 3449 1544 3522 magis
1573 3453 1666 3506 tamea

315 3545 345 3598 st
367 3538 476 3608 minus,
501 3551 561 3612 qua
583 3535 778 3594 inculcatione
799 3534 887 3594 linem
909 3535 1029 3611 impono
1052 3543 1081 3595 et
1103 3535 1170 3596 huic
1193 3539 1290 3614 capiti.

886 3767 1028 3840 CAPUT
1055 3769 1105 3839 lil.

315 3916 408 3986 Quae
434 3913 501 3969 sint
527 3927 654 3983 genera
679 3932 739 3964 roa
765 3905 988 3983 ἢρμοὸμενων,
1014 3912 1077 3966 hoc
1107 3905 1159 3966 es't
1188 3927 1300 3966 rerum
1325 3926 1385 3968 seu
1406 3913 1588 3970 sensilium
1613 3929 1665 3968 seu

314 3999 635 4068 immateriatarum,
653 3994 688 4052 iu
708 3997 837 4066 quibus
856 4011 1039 4068 expressae
1057 4004 1134 4053 sunt
1151 3997 1348 4060 harmoniae
1367 3999 1438 4055 sive
1457 4017 1474 4055 a
1493 4005 1579 4072 Deo,
1598 4003 1666 4058 sire

773 4085 812 4140 ab
830 4083 964 4139 homine
990 4091 1024 4139 et
1043 4083 1216 4153 quomodo.

407 4234 568 4293 Distinetas
592 4247 656 4292 esse
680 4233 867 4308 quaestiones
883 4229 968 4301 iacile
982 4237 1078 4308 patet:
1108 4231 1209 4305 licui
1224 4231 1314 4290 insint
1336 4230 1505 4292 hermoniae
1529 4239 1666 4309 tauquam

323 4321 430 4394 agenti,
453 4322 597 4396 lormanti,
622 4336 674 4380 seu
698 4319 809 4397 opiiici,
844 4320 878 4394 2)
901 4321 948 4378 cui
971 4321 1060 4377 insint
1083 4327 1223 4394 tanquam
1243 4321 1325 4396 operi
1346 4319 1479 4378 iormato.
1519 4319 1566 4380 De
1582 4321 1665 4399 priori

319 4407 432 4481 egimus
454 4408 613 4477 hacteuus,
637 4407 672 4466 de
694 4409 847 4484 posteriori
869 4422 946 4466 nunc
968 4423 1053 4483 porro
1076 4405 1222 4481 agendum
1246 4409 1418 4466 accuratius.

404 4490 462 4550 Res
489 4498 576 4571 igitur
606 4511 708 4554 omnes
740 4494 786 4555 'vel
808 4501 876 4555 suut
907 4496 1119 4553 immateriatae
1146 4493 1195 4552 rel
1225 4497 1348 4554 materia
1377 4495 1561 4572 participant.
1606 4493 1664 4552 Im·

317 4579 470 4638 materiata
491 4590 536 4640 est
558 4583 657 4642 anima
679 4581 829 4661 (respectu
852 4581 969 4658 quidem
993 4581 1137 4660 corporis)
1160 4587 1248 4656 atqua
1265 4582 1345 4656 baec,
1369 4590 1401 4640 ut
1417 4581 1558 4641 hactenus
1581 4595 1665 4640 asur-

317 4667 462 4746 pavimus,
486 4673 548 4726 tota
569 4675 703 4745 respectu
725 4688 797 4731 suae
821 4671 965 4730 essentiae
989 4669 1132 4746 descripta
1155 4675 1200 4728 est
1222 4669 1321 4729 aDeo
1345 4671 1373 4726 in
1395 4669 1449 4728 has
1464 4671 1663 4747 proportiones

317 4753 510 4827 harmonicas,
535 4771 669 4831 quaeque
691 4759 771 4834 prius
794 4761 908 4817 inerant
929 4759 1044 4817 animae
1067 4763 1102 4815 ut
1123 4753 1230 4834 opifici,
1252 4771 1293 4816 sc.
1316 4764 1350 4816 ut
1371 4765 1417 4818 est
1439 4757 1567 4836 energia,
1589 4773 1663 4816 uuae
