3564 5540
205 309 209 318 ‘
249 359 317 422 136·
781 362 823 420 De
841 357 1065 434 Propdrtiombx's
1168 361 1172 379 ¹

323 530 365 584 'Ia
384 529 521 590 abstracta
539 532 579 590 sic
596 533 769 604 intelligatur,
787 537 860 607 quod
872 537 990 592 circulus
1008 551 1070 592 carn
1088 543 1167 605 parts
1183 550 1234 591 sua
1252 505 1604 603 constituatpropartioues
1669 553 1671 556 ·

248 613 336 663 cartas
355 607 539 678 harmonicas,
567 628 649 682 qaae,
674 614 700 668 in
720 615 926 688 quibuscunque
943 616 1115 676 inveniantur
1137 613 1259 670 terminis
1285 613 1359 680 aliis,
1382 627 1432 668 reu
1455 609 1530 667 souis
1554 625 1607 666 aaa

248 687 368 743 motibus
388 687 484 762 mutis,
503 706 609 760 semper
627 691 681 746 sint
698 689 878 750 harmonicae.

337 764 453 821 Additur
471 776 562 822 autem
580 769 633 824 boc
650 771 756 826 axioma
773 773 847 834 ideo.
877 773 940 842 quia
959 789 1014 829 aon
1033 785 1126 828 omnes
1150 771 1342 842 proportiones
1368 770 1542 826 harmoaicae
1559 783 1607 822 rua·

250 844 367 900 mediate
393 861 427 901 ex
445 845 506 914 ipso
524 845 624 902 circuio
650 849 773 906 oriamur
791 851 877 919 prima
894 853 986 906 statim
1013 851 1073 919 ejus
1096 851 1217 908 sectione
1242 866 1291 919 par
1307 847 1422 920 ligarem
1445 849 1608 919 regularem,

253 923 299 979 sed
320 923 453 980 accedunt
470 926 577 995 aliquae
596 943 630 982 ex
648 943 678 981 se
696 929 831 998 prioribus
850 939 1018 1000 propagatae
1037 944 1123 999 usque
1142 929 1178 984 ad
1195 935 1297 984 cartam
1313 938 1426 992 metam,
1452 937 1482 981 ut
1500 928 1527 982 iu
1546 943 1609 997 pro·

252 1002 431 1074 positionibus
450 1005 607 1062 videbimus.
644 1006 715 1063 Usas
733 1008 875 1065 axiomatis
895 1017 938 1065 est
954 1009 981 1064 in
1000 1011 1110 1078 propos.
1129 1009 1155 1064 7.
1173 1008 1197 1064 8.

338 1081 496 1139 Axioma
521 1079 571 1139 VI.
618 1080 693 1142 Cum
715 1082 787 1144 duae
811 1084 936 1146 chordas
959 1100 1048 1144 sonos
1076 1081 1219 1144 ediderint
1240 1083 1400 1154 identicos,
1432 1097 1491 1140 vox
1514 1082 1608 1152 tortia,

252 1181 415 1226 consonans
438 1184 535 1228 aarum
557 1171 625 1241 unt,
650 1172 822 1232 consonabit
844 1181 873 1232 ct
895 1172 992 1245 alteri,
1017 1171 1173 1230 dissonans
1188 1187 1258 1246 vero
1281 1171 1319 1229 ab
1342 1185 1416 1242 una,
1431 1177 1434 1185 ’
1449 1168 1612 1228 dissonabit

252 1255 333 1314 stab
357 1253 457 1325 altera,
480 1253 733 1334 qualibuscunque
756 1259 879 1318 dirersis
902 1263 990 1319 ettam
1013 1260 1213 1318 consonantiis
1237 1257 1284 1317 vel
1307 1256 1506 1315 dissonantiis.

337 1335 418 1398 Nota.
436 1336 463 1390 in
482 1336 605 1407 salutato
622 1341 687 1408 poni
706 1342 823 1410 speciem
840 1342 995 1411 identisoni,
1013 1341 1042 1395 in
1060 1340 1217 1409 praedicato
1236 1355 1323 1410 genas
1342 1338 1472 1406 consoni,
1494 1344 1525 1392 ut
1544 1337 1612 1394 baec

255 1413 308 1470 duo
327 1414 522 1482 intelligamus:
547 1417 646 1488 primo,
670 1433 725 1474 nou
742 1420 846 1488 sequir·
860 1419 931 1476 duae
954 1428 1106 1476 consonant
1128 1419 1368 1488 qualitercunque,
1393 1423 1510 1496 ergoet
1531 1417 1613 1472 tertia

254 1501 386 1550 cousouat
404 1495 525 1563 utrique,
553 1496 596 1550 rel
614 1495 737 1553 dissonat
754 1500 788 1552 ab
807 1507 930 1570 utraque.
968 1501 1028 1554 Hoc
1046 1500 1115 1553 enim
1142 1507 1185 1554 est
1203 1497 1301 1552 falsum
1327 1496 1361 1551 dc
1379 1509 1492 1564 gauere,
1520 1509 1613 1550 rerum

254 1587 318 1626 aero
337 1573 371 1629 de
385 1575 481 1644 'speria
497 1575 725 1645 identisonornm3
746 1579 842 1636 deinde
859 1594 909 1636 nec
927 1581 980 1635 hoe
998 1579 1137 1648 seqnitur:
1163 1578 1185 1630 si
1204 1573 1286 1631 terrio
1303 1581 1435 1628 consonat
1453 1569 1500 1628 uni
1518 1573 1614 1629 iduati·

257 1667 384 1710 sononrm
403 1653 495 1724 aliqua
512 1664 587 1710 certa
605 1659 792 1728 consonantia,
811 1657 973 1715 consonabit
990 1665 1019 1712 et
1031 1655 1110 1713 alteri
1129 1654 1223 1709 eadem
1236 1654 1327 1723 specie
1341 1654 1543 1716 consonantiae,
1561 1653 1615 1709 boc

255 1729 325 1786 enirn
344 1748 398 1787 non
417 1749 525 1806 semper
542 1751 634 1791 rerum
654 1744 734 1800 esaei,
753 1737 824 1804 quod
844 1736 989 1804 declarabo
1008 1735 1142 1804 exemplo,
1162 1735 1225 1790 iicet
1242 1751 1277 1790 cx
1288 1733 1454 1802 anticipato:
1472 1733 1529 1788 sint
1545 1730 1616 1786 drraa

254 1825 344 1877 rocas,
364 1810 495 1868 iacientes
515 1814 644 1884 diapason
666 1815 690 1872 G
708 1823 735 1870 et
751 1834 782 1887 qr
807 1814 939 1870 sistartia
957 1815 987 1878 d,
1005 1813 1135 1870 illaiacit
1158 1829 1218 1868 cum
1239 1811 1264 1870 ti
1282 1811 1422 1882 diapenta,
1450 1826 1514 1879 erga
1533 1809 1616 1866 etiam

254 1897 430 2020 qooustrtrlrat,
449 1898 478 2022 ῗι
496 1907 548 1946 uon
567 1909 617 2025 p4er
634 1894 768 1966 diapente,
788 1894 837 1950 sed
855 1909 905 1964 per
923 1893 1107 1950 diatessaron.
1129 1891 1213 1948 'Usus
1233 1900 1326 1948 autam
1350 1891 1513 1961 praecipuus
1532 1890 1616 1959 haajus

257 1977 364 2020 axioma
389 1981 402 2020 s
421 1983 449 2022 es
480 1985 557 2042 prop.
596 2014 602 2026 .

346 2042 510 2103 axioma
535 2045 600 2106 vil.
647 2047 720 2108 Cum
749 2049 824 2109 duae
848 2046 973 2108 chordae
996 2045 1045 2106 vel
1068 2062 1157 2105 voees
1180 2020 1324 2106 ediderint
1352 2060 1441 2103 sonos
1463 2041 1618 2116 identicos,

257 2143 316 2274 rior
332 2131 426 2204 tertia,
450 2135 577 2194 aristeas
592 2136 795 2218 camillorum
812 2153 870 2197 una
890 2127 1067 2208 identisona,
1089 2136 1179 2194 etiam
1201 2149 1265 2192 cum
1282 2130 1393 2191 illarum
1417 2129 1511 2192 altera
1533 2129 1618 2190 idan-

258 2222 315 2276 tee
337 2220 517 2279 consonabit.

346 2295 425 2368 aaut
442 2301 471 2357 iu
488 2303 570 2371 priori
589 2304 724 2360 axiomata
742 2303 905 2374 generaliter
922 2320 977 2359 nou
995 2301 1085 2373 potuit
1098 2299 1234 2370 affirmari,
1257 2299 1357 2369 idjam
1374 2299 1403 2354 iu
1416 2301 1507 2370 specie
1526 2315 1619 2356 rernm

258 2383 301 2433 est
318 2377 352 2432 de
368 2379 586 2439 identisouautia.
622 2383 694 2439 Usus
713 2392 755 2440 est
771 2385 798 2440 in
816 2402 895 2456 prop.
913 2387 938 2440 3.

322 2453 392 2526 ,De
407 2455 453 2516 his
476 2458 565 2532 igitur
585 2461 801 2533 axiomatibus,¹
814 2461 984 2537 pracsertim
1007 2457 1043 2517 da
1065 2458 1194 2534 quinque
1216 2455 1368 2534 prioribus,
1392 2453 1552 2534 speculatio
1576 2463 1620 2514 cst

215 2582 224 2598 ι
250 2539 401 2614 sublimis,
424 2541 579 2606 Platonica
600 2545 725 2622 fideique
748 2547 930 2607 Christianae
954 2547 1090 2622 analoga,
1114 2542 1153 2604 ad
1175 2542 1407 2620 metaphysicem
1429 2540 1524 2618 adque
1548 2541 1621 2600 doc-

259 2629 366 2688 trinam
395 2629 431 2713 da
453 2634 552 2692 aalma
583 2641 727 2710 spectans.
773 2633 942 2695 Geometria
970 2637 1064 2706 enim,
1100 2631 1181 2707 culus
1210 2638 1322 2710 partam
1351 2628 1409 2688 hac
1439 2637 1621 2708 spectantem

260 2714 328 2773 libri
343 2712 399 2774 duo
423 2719 533 2795 priores
556 2729 625 2780 suut
647 2721 804 2798 complexi,
837 2723 904 2782 Deo
935 2729 1091 2782 coaeterna
1120 2721 1207 2794 inque
1235 2723 1333 2776 mento
1355 2715 1456 2776 divina
1479 2715 1620 2789 relucens,

262 2802 397 2879 exempla
415 2804 481 2864 Deo
511 2807 725 2884 suppeditavit,
755 2820 785 2869 at
814 2812 843 2868 in
872 2810 959 2885 hujus
990 2809 1057 2868 iibri
1085 2803 1275 2884 praeambulo
1304 2803 1429 2876 dictum,
1461 2803 1622 2864 exornandi

263 2888 374 2964 mundi,
397 2898 427 2950 ut
442 2893 466 2950 is
488 2891 570 2953 fieret
593 2898 720 2973 optimus
743 2905 772 2956 et
794 2897 1018 2975 pulcherrimus,
1043 2894 1167 2969 deniquo
1183 2892 1330 2952 Creatoris
1345 2890 1518 2951 simillimus.
1565 2891 1622 2951 Dei

262 2992 333 3036 vero
349 2975 494 3040 creatoris
516 2983 659 3058 imagines
681 2993 764 3063 sunt,
791 2992 934 3062 quotquot
956 2985 1087 3061 spiritus,
1119 2983 1251 3050 animae,
1274 2987 1387 3038 mentes
1408 2981 1468 3038 suis
1490 2978 1623 3054 singulae

262 3065 434 3151 corporibus
456 3074 524 3126 sunt
544 3070 719 3146 praetactas,
743 3079 775 3132 ut
797 3071 851 3133 illa
871 3072 1077 3150 gubernarent,
1098 3073 1260 3142 moverent,
1286 3074 1437 3143 augerent,
1460 3081 1622 3127 conserva·

262 3159 328 3212 rent
349 3151 482 3230 adeoque
505 3163 535 3215 at
556 3167 761 3234 propagarent

355 3239 429 3300 Cum
451 3243 539 3317 igitur
562 3252 662 3321 typum
687 3246 1010 3321 quendamcrcationis
1032 3245 1090 3304 sint
1113 3240 1282 3318 complexae
1305 3241 1367 3299 suis
1388 3240 1513 3310 muniis,
1537 3239 1619 3314 leges

268 3328 354 3388 etiam
378 3344 443 3388 cum
466 3339 595 3404 creatore
618 3330 735 3392 easdem
752 3337 910 3394 observant
924 3335 1029 3410 operis,
1053 3348 1089 3391 ex
1105 3330 1265 3407 geometria
1286 3326 1443 3402 deauratas,
1464 3327 1614 3402 gaudent·

269 3431 326 3492 que
349 3419 586 3492 proportionibus
608 3418 721 3493 iisdem,
746 3422 854 3496 quibus
878 3421 959 3482 Deus
982 3427 1027 3481 est
1050 3431 1138 3490 usas,
1169 3417 1337 3491 ubicunque
1360 3413 1426 3476 ilias
1448 3415 1622 3488 invenerint,

269 3505 332 3562 sire
356 3503 434 3562 nuda
456 3505 672 3582 speculatione,
704 3510 767 3570 sive
791 3511 970 3587 interpositis
993 3509 1144 3581 sensibus,
1176 3507 1206 3563 in
1233 3504 1320 3563 rebus
1350 3505 1448 3562 senessi
1472 3501 1624 3578 subjectis,
1693 3555 1699 3567 ,

217 3609 221 3616 ’
269 3590 333 3650 aire
357 3592 444 3650 etiarn
467 3594 529 3652 sine
553 3593 684 3654 discursu
707 3602 822 3670 mentis,
845 3613 898 3674 per
920 3596 1066 3658 occultum
1090 3605 1120 3654 et
1142 3598 1326 3652 concreatum
1350 3592 1536 3664 instinctum3
1560 3591 1625 3649 sive

271 3677 353 3736 Deus
376 3680 438 3754 ipse
461 3684 664 3756 proportiones
685 3682 776 3745 hasce
799 3689 827 3750 in
852 3685 1020 3760 corporibus
1053 3691 1082 3740 at
1107 3680 1236 3740 motibus
1259 3680 1433 3755 expresserit
1461 3677 1626 3736 invariabi-

272 3764 349 3838 liter,
372 3768 435 3826 sive
458 3767 584 3843 quadam
608 3773 785 3845 geometrica
812 3774 986 3833 necessitate
1009 3771 1149 3829 materiae
1178 3769 1206 3824 in
1230 3765 1373 3824 inlinitum
1398 3763 1536 3824 dividuae
1559 3780 1625 3823 mo·

191 3916 193 3922 ,
273 3859 415 3928 tuumque
443 3871 494 3930 per
518 3859 657 3916 materiae
680 3862 873 3937 quantitatem
901 3860 977 3918 inter
999 3856 1128 3915 inlinitas
1150 3856 1354 3931 proportiones
1383 3869 1442 3911 nou
1475 3851 1625 3910 harmoni-

272 3957 322 4001 cas
353 3943 527 4000 occurrerint
555 3945 642 4002 etiam
664 3944 850 4022 harmonicae
879 3948 953 4006 istac
976 3947 1037 4005 suis
1060 3943 1255 4020 temporibus,
1289 3948 1318 4002 et
1333 3943 1376 3999 sic
1399 3957 1456 3999 non
1480 3943 1510 3998 in
1534 3956 1625 4006 essa,

272 4026 377 4087 sedin
400 4028 413 4086 i
423 4031 495 4089 ieri
517 4033 687 4092 consistant.
731 4033 793 4094 Nae
815 4041 927 4093 tanturm
949 4031 1077 4109 gaudent
1098 4039 1220 4102 mantes,
1245 4028 1302 4088 Dei
1326 4030 1478 4100 imagines,
1501 4043 1626 4104 propor-

273 4116 403 4174 tionibus
426 4118 477 4190 lis,
509 4116 562 4177 sed
584 4125 705 4179 utuntur
734 4123 822 4184 etiam
845 4120 948 4180 iisdem
970 4137 1022 4197 pro
1046 4119 1161 4193 legibus
1188 4116 1226 4176 ad
1255 4115 1423 4194 peragenda
1449 4132 1504 4175 sua
1525 4113 1627 4174 munit

274 4205 537 4280 proportionesque
568 4206 686 4266 easdem
709 4210 738 4266 in
762 4211 891 4268 motibus
913 4223 1031 4266 suorum
1061 4221 1231 4283 corporum,
1263 4219 1322 4279 qna
1345 4205 1427 4274 licat,
1459 4205 1626 4279 expriman-

277 4286 341 4348 das.
385 4289 528 4369 Exempla
550 4292 703 4355 luculenta
726 4295 784 4355 dno
807 4293 953 4372 proferant
974 4293 1040 4353 libri
1056 4301 1222 4370 sequentes,
1245 4307 1335 4350 unum
1354 4291 1447 4366 ipsius
1462 4289 1518 4350 Dei
1535 4289 1627 4348 Crea-

274 4375 362 4448 toris,
394 4381 444 4454 qai
466 4382 703 4457 proportionibus
725 4381 902 4443 harmonicis
925 4381 1094 4457 dispertitus
1116 4387 1168 4440 rest
1189 4387 1287 4440 motus
1309 4377 1470 4448 coelorum,
1503 4375 1626 4436 alteram

276 4463 392 4523 animae
415 4463 509 4541 illius,
541 4485 630 4545 quarn
651 4477 787 4531 naturam
810 4471 997 4531 sublunarem
1019 4469 1115 4529 dicare
1137 4465 1282 4537 solemus,
1311 4466 1414 4550 cientis
1435 4471 1567 4524 metebat
1589 4462 1627 4522 ad

277 4553 489 4628 praescriptum
510 4559 746 4634 proportionum,
780 4576 856 4636 qnae
878 4564 1031 4620 occurrunt
1061 4559 1090 4615 in
1112 4553 1323 4615 radiationibus
1355 4558 1508 4612 astrorum.
1553 4551 1627 4612 Ter·

277 4639 349 4698 tium
373 4638 462 4712 igitur
485 4649 514 4700 at
536 4642 623 4722 bajas
646 4645 711 4706 libri
736 4650 884 4724 propriam
907 4645 1072 4723 exemplum
1100 4649 1164 4703 esto
1187 4644 1302 4700 anbmaa
1324 4640 1470 4700 hnmanae
1493 4637 1627 4714 adeoque

276 4733 308 4786 at
334 4723 482 4803 pecudum
512 4731 736 4806 quadamtenus.
780 4735 855 4796 Illas
885 4736 976 4794 anim
991 4732 1136 4810 perceptis
1164 4729 1400 4804 proportionibus
1430 4741 1535 4785 vocam
1558 4725 1628 4784 har-

278 4813 402 4894 manicis
423 4813 562 4896 gaudeat,
584 4837 644 4881 aon
665 4821 843 4884 harmonicis
864 4825 1029 4895 tristantur,
1062 4815 1210 4895 aquibus
1238 4817 1353 4877 animas
1381 4813 1536 4876 ΜΝ
1558 4811 1628 4874 ”¹⁸⁰
