3668 5526
827 307 969 382 wilm
1095 318 1104 384 '.
1511 315 1576 378 101

224 473 413 550 barmoniae
440 471 620 552 mundunps
650 469 742 556 (puta
770 473 854 540 tilios
891 466 1055 554 ulmeae)
1086 471 1324 550 fundumentum
1360 491 1483 536 onerum
1515 489 1578 535 erre

222 561 417 640 thmrntum,
447 563 592 639 nudoque
620 563 708 624 modo
735 581 756 625 o
787 561 966 625 ciamare
995 559 1232 636 approbandam
1264 562 1311 622 oei
1340 559 1576 626 cedmondusr.

227 647 360 726 Quorum
381 649 494 728 aliquid
520 652 546 710 si
569 651 645 727 prior
669 668 724 727 ego
752 651 781 707 in
805 656 834 709 te
865 648 1017 724 dixissem,
1047 646 1113 726 plus
1140 650 1335 711 excusationis
1364 650 1496 712 iuvenire
1520 666 1576 727 pe·

229 739 336 800 luisset
358 736 432 798 haec
453 745 505 797 tua
528 737 675 798 vindictae
698 736 858 815 cupiditas,
889 753 978 812 quam
1000 729 1092 810 nuuc,
1123 735 1174 793 ubl
1197 739 1284 798 meris
1307 739 1576 816 comparationibus

226 841 306 899 usus,
330 841 430 901 sepem
453 826 481 886 iu
503 827 627 902 gratiam
649 824 767 887 lectoris
788 825 865 885 iuter
887 831 940 884 tua
962 829 992 884 ct
1013 840 1079 885 mea
1094 821 1384 898 bernonemstmn,
1406 842 1461 886 nco
1482 824 1576 887 ullum

225 911 264 974 ad
287 930 354 976 eam
377 911 533 988 virgultum
564 930 600 976 ex
623 921 673 972 tuo
697 911 816 977 dumeto
839 912 986 988 decerpsi,
1020 909 1259 986 necquidquam
1289 913 1342 974 tibi
1374 920 1480 974 tuaeve
1503 911 1577 976 doe-

228 1003 323 1062 trinae
347 1001 503 1077 imputavi,
528 1000 606 1075 quod
629 1017 688 1066 non
711 1007 742 1058 tu
766 1002 828 1077 ipse
852 999 1049 1067 disertissimis
1074 997 1171 1060 verbis
1192 992 1320 1060 sasemis

311 1087 348 1146 In
371 1087 566 1169 oppugnando
589 1095 671 1148 motu
694 1086 818 1148 Telluris
847 1089 925 1150 circe
946 1085 1046 1154 Solam
1069 1080 1216 1168 (meorum
1245 1088 1434 1148 terminorum
1456 1085 1578 1152 bermo·

226 1177 357 1237 nieorum
381 1191 450 1248 uso,
472 1192 527 1239 uec
548 1183 646 1237 tamon
668 1177 842 1254 necessario,
866 1181 899 1234 ut
922 1173 1030 1236 dictum
1054 1172 1201 1234 adfinem
1223 1174 1383 1252 analyseor
1403 1172 1494 1253 XII.)
1516 1191 1577 1250 que

224 1265 320 1340 magis
336 1271 366 1322 tu
383 1265 561 1341 φιλοιειιιιιυ
575 1261 765 1338 demonstres,
778 1266 838 1338 qui,
862 1279 938 1340 queo
954 1269 1023 1327 sunt
1036 1260 1161 1324 eliorum
1172 1261 1300 1336 inventu,
1320 1279 1360 1325 ea
1374 1263 1404 1322 in
1419 1279 1465 1325 rue
1480 1265 1578 1338 potis.

225 1351 331 1410 dmum
360 1349 536 1427 exagitanda
567 1353 675 1424 sumis,
706 1349 762 1412 boe
791 1351 888 1412 minus
909 1365 965 1426 eqo
987 1365 1110 1412 moveor
1138 1355 1265 1425 tuosque
1291 1353 1369 1410 ictus
1396 1351 1577 1426 persentisco

227 1437 265 1496 ob
296 1455 415 1507 causam
443 1437 585 1504 eundem..
621 1439 815 1514 Antiquitails
846 1437 978 1498 desertae
1001 1436 1113 1498 invidie
1135 1452 1193 1496 noo
1217 1436 1258 1500 ad
1279 1454 1327 1500 me
1349 1440 1492 1514 pertinet,
1525 1439 1579 1514 qui
1660 1429 1678 1508 s
1708 1483 1712 1494 .

228 1523 303 1584 elios
327 1542 443 1602 sequor,
466 1527 635 1588 novationis
657 1527 767 1596 crimini
791 1525 889 1586 locum
910 1525 958 1584 bic
980 1543 1039 1587 non
1061 1523 1207 1602 praebso;
1230 1541 1289 1588 uon
1313 1524 1353 1587 sd
1371 1523 1576 1602 Ceperuicum,
1662 1527 1664 1532 ’

231 1628 305 1688 quos
328 1610 477 1679 culmille
498 1615 640 1689 sequitur,
661 1612 707 1672 illi
722 1619 797 1674 sunt
818 1613 905 1689 plene
929 1615 1130 1688 vetustissimi.
1175 1611 1341 1687 Oreeturee,
1368 1611 1433 1675 Soli
1454 1611 1577 1688 scilicet,

227 1701 368 1762 attributa
390 1701 448 1762 Dei
471 1702 639 1772 transscribi
661 1701 749 1762 toties
768 1700 832 1777 jam
854 1701 1029 1775 criminaris,
1061 1699 1141 1778 quod
1163 1700 1189 1758 is
1211 1716 1329 1762 movere
1352 1701 1495 1762 statuitur·
1513 1701 1577 1776 ipse
1625 1707 1629 1729 '

229 1787 385 1849 immobilis
419 1788 557 1865 quodque
579 1788 644 1850 leus
665 1795 763 1848 motus
785 1805 850 1848 esse
873 1787 1054 1865 perhibetur,
1082 1785 1201 1864 perinde
1224 1804 1262 1848 ac
1280 1790 1308 1848 si
1327 1805 1416 1850 voees
1438 1803 1496 1849 nen
1519 1789 1578 1850 siut

227 1876 417 1951 aequivocae,
441 1892 477 1936 ac
498 1878 524 1935 si
547 1893 606 1937 non
629 1875 706 1938 idem
730 1882 759 1936 et
781 1877 834 1936 tibi
856 1877 913 1953 ipsi
934 1884 1035 1953 posset
1057 1875 1156 1951 obiici,
1180 1875 1317 1937 trieitetls
1339 1877 1498 1953 imaginem
1519 1890 1580 1952 eps
1677 1885 1682 1896 “

227 1966 359 2023 noscenti
383 1966 411 2027 ia
436 1962 564 2024 hebraee
586 1981 660 2027 voce
681 1962 818 2036 debora,
847 1965 1003 2042 praecipue
1025 1962 1157 2038 loquenti
1180 1961 1215 2022 de
1237 1962 1321 2036 luce,
1355 1966 1432 2042 igni,
1459 1964 1577 2040 spiritu

227 2051 326 2109 anima
357 2049 479 2110 mundi?
524 2051 562 2110 Et
591 2049 663 2128 quid
691 2051 757 2112 lons
789 2057 835 2110 esi
864 2053 921 2111 nisi
942 2049 1187 2116 instrumentum?
1232 2049 1280 2112 An
1303 2053 1362 2133 qui(
1385 2067 1436 2116 eor
1465 2050 1578 2112 lonium

228 2139 308 2197 vitae
331 2140 446 2214 asserit,
468 2140 493 2198 is
517 2138 707 2212 obliviscitur,
730 2140 888 2214 inspirasse
909 2137 1007 2202 Deum
1036 2141 1067 2198 lu
1089 2137 1167 2199 bunc
1188 2138 1284 2214 ipsum
1307 2139 1418 2200 iontem
1438 2141 1575 2220 spiraeu-

228 2223 289 2284 lum
314 2225 416 2288 risaei
461 2225 496 2286 Si
518 2228 590 2288 coeli
611 2227 700 2289 stolii
719 2233 811 2300 sard,
838 2243 903 2286 aon
924 2229 983 2290 ccii
1004 2227 1116 2303 αὶὴιιόι
1142 2225 1254 2287 desse
1276 2243 1382 2288 oureus
1411 2225 1576 2288 cimorsso-

226 2311 307 2372 lem?
350 2311 442 2388 Quasi
463 2330 544 2388 vero,
563 2315 618 2390 qui
640 2313 746 2375 'l'errae
769 2330 855 2375 suum
878 2315 1011 2390 assignat
1033 2329 1160 2386 cursum,
1191 2316 1226 2374 is'
1239 2330 1298 2374 nou
1320 2313 1417 2376 eidem
1439 2319 1471 2374 et
1488 2331 1576 2386 sum
1686 2321 1689 2328 '

229 2401 362 2476 assignet
382 2401 549 2476 regionem,
571 2401 601 2461 id
624 2408 669 2470 ert
690 2399 820 2474 eoelum,
843 2417 895 2477 per
916 2401 996 2478 quod
1018 2401 1070 2462 illa
1093 2399 1234 2462 cerreti·
1564 2443 1582 2453 ..

314 2485 440 2563 Rursum
468 2497 566 2550 eutem
594 2488 728 2549 solennia
750 2488 894 2548 tironibus
914 2505 996 2555 arma
1017 2490 1113 2566 repis,
1137 2494 1317 2563 ,argumente
1339 2488 1377 2550 ab
1400 2487 1582 2567 berbempro.

226 2574 320 2648 primo
345 2574 474 2644 deducis,
518 2572 589 2636 Jam
610 2577 732 2652 quoties.
748 2574 902 2654 respondi,
930 2593 979 2639 me
1006 2583 1103 2643 textus
1123 2574 1249 2638 ldovaioi
1279 2591 1340 2637 nou
1367 2593 1453 2653 apere
1482 2579 1575 2638 iuter-

226 2663 353 2738 preteml
399 2662 472 2740 Age
498 2661 545 2725 die
567 2671 603 2736 ut
622 2665 646 2737 is
668 2661 954 2742 sltiutelligeudus,
973 2663 1218 2740 respondeboque
1239 2661 1278 2722 ad
1299 2667 1444 2740 quaesite·
1492 2663 1574 2739 Esto,

228 2755 262 2808 ut
284 2748 487 2810 inhaereamus
509 2749 620 2811 literae.
667 2750 745 2826 Ergo
767 2767 832 2810 cnm
852 2752 915 2826 jorn
938 2757 1017 2814 esset
1039 2750 1135 2812 divisa
1157 2749 1208 2812 lux
1229 2752 1410 2826 atenebris,
1432 2766 1493 2812 uuo
1508 2750 1575 2812 loco

227 2833 280 2897 lux
304 2845 383 2911 erat,
416 2839 517 2901 ceteris
543 2838 666 2898 mamus
694 2837 760 2900 lnce
783 2856 892 2902 vacua.
935 2838 981 2900 De
1010 2838 1105 2914 ligura
1124 2838 1201 2900 lucis
1229 2855 1267 2900 ne
1288 2841 1482 2916 perconteris,
1514 2851 1575 2900 uon

228 2921 298 2982 affui
329 2931 491 3000 spectator,
521 2943 576 2988 neo
604 2920 666 2986 lldo
695 2924 740 2986 vei
764 2924 897 2987 Hermetl
924 2926 971 2990 vel
1000 2927 1121 3004 picturis
1150 2929 1221 2988 tuis.
1263 2925 1323 2990 Sed
1351 2927 1426 2988 lucie
1455 2929 1578 3004 regione

227 3006 380 3087 designata
399 3013 461 3088 jem
485 3011 569 3074 datur
592 3020 706 3090 tompus
728 3013 855 3090 ejusque
877 3022 993 3093 partes,
1021 3029 1144 3091 vespere
1167 3021 1197 3076 et
1218 3031 1314 3076 mene.
1358 3013 1504 3076 llaurime
1525 3013 1575 3076 tli-

227 3115 291 3156 cam
314 3107 443 3162 centrum
457 3101 565 3162 Terrae
586 3100 652 3160 loco
675 3117 741 3180 ιιιο,
764 3101 896 3163 volutam
919 3119 989 3163 vero
1006 3101 1127 3162 Terram
1148 3104 1255 3162 circum
1279 3118 1364 3164 exem
1385 3101 1573 3176 immobilem,

227 3185 324 3260 quood
348 3185 531 3251 illucesceret
553 3187 615 3250 dies
637 3196 750 3263 quarta.
794 3188 1005 3254 Resolutionis
1020 3189 1103 3250 illius
1124 3188 1245 3250 diurnae
1260 3189 1327 3250 ioue
1342 3190 1398 3250 luit
1412 3189 1501 3262 idem,
1524 3191 1575 3264 qui

225 3289 303 3332 nunc
325 3282 384 3347 est,
407 3275 582 3352 principium
611 3275 723 3343 scilicet
744 3275 873 3338 animale
901 3281 1037 3352 insitum
1067 3295 1135 3338 nem
1158 3295 1193 3336 ex
1215 3275 1286 3338 Sole
1313 3293 1374 3336 uon
1396 3276 1473 3338 bure
1503 3293 1575 3352 par«
1670 3339 1680 3348 ,

191 3413 193 3416 .
228 3361 302 3420 tium
325 3359 454 3440 corpdris
479 3361 628 3436 diurnum,
652 3361 705 3424 sed
727 3365 817 3430 cenni
844 3372 957 3426 motam
981 3381 1117 3424 aunuum·
1142 3363 1257 3436 derivo,
1289 3379 1345 3424 uec
1370 3379 1448 3440 opus
1468 3361 1514 3425 illi
1532 3361 1574 3424 ed

226 3445 302 3509 hanc
326 3448 540 3511 revolutionem
564 3451 699 3513 diumem
726 3468 847 3526 corpore
870 3451 1005 3527 regulari·
1051 3447 1162 3524 Quodsi
1192 3456 1274 3510 motu
1295 3452 1389 3510 centri
1409 3457 1480 3510 usuc
1495 3463 1576 3510 uon-2

227 3533 297 3596 dum
318 3545 380 3597 erat
401 3537 551 3614 praedita,
574 3537 673 3599 nullm
696 3539 785 3612 igitur
807 3545 877 3598 truc
898 3537 995 3598 edbuo
1016 3539 1155 3598 terminus
1178 3544 1243 3598 erat
1266 3537 1462 3612 proportiones
1485 3535 1573 3596 ulliae

225 3621 421 3699 harmonicas,
445 3643 520 3701 quas
543 3642 598 3702 ego
621 3623 739 3700 quidem
763 3623 864 3686 doceo.
910 3623 956 3684 'lu
977 3625 1003 3682 si
1025 3640 1121 3684 meam
1144 3623 1192 3684 bic
1215 3623 1344 3699 inopiam
1367 3639 1584 3700 secessuum.

225 3711 414 3772 miseratione
435 3711 569 3788 dignam,
599 3728 658 3788 age
678 3711 748 3773 mihi
781 3718 904 3786 erogato
923 3711 1081 3789 quippiam
1106 3709 1247 3772 deluis
1270 3712 1328 3770 tuis
1358 3710 1584 3788 significatibus·

227 3801 308 3861 vocis
332 3798 491 3872 harmonia,
516 3807 548 3860 ut
571 3807 667 3863 tecum
691 3801 778 3860 etlam
801 3800 900 3874 primis
923 3798 1028 3860 diebus
1048 3797 1371 3875 nemosiamallqusn
1394 3800 1496 3872 letear,
1520 3798 1585 3861 sed·

225 3902 285 3946 non
309 3885 413 3960 quales
434 3903 490 3963 ego
513 3885 607 3946 trado'·
651 3887 734 3946 Nihil
761 3887 839 3947 enim
860 3887 997 3965 impedit,
1026 3886 1180 3946 wecedera
1208 3901 1309 3946 noras
1325 3885 1574 3950 monianum
1523 3885 1574 3947 dio

225 3980 346 4048 quarto,
370 3991 446 4048 quee
469 3973 615 4040 nondum
622 3982 710 4036 eraut
730 3975 884 4052 prioribus.
927 3973 1032 4036 Nouae
1055 3973 1285 4034 celebratissima
1305 3973 1359 4034 ills
1379 3981 1432 4034 tue
1452 3973 1575 4036 barma

224 4062 274 4120 nia
304 4061 380 4120 inter
401 4079 510 4124 merem
533 4070 562 4132 et
584 4064 722 4124 feminam
749 4064 819 4125 totis
842 4065 969 4139 quinque
993 4059 1106 4122 diebus
1119 4061 1225 4182 deluit,
1256 4062 1307 4122 vis
1329 4061 1448 4124 demum
1477 4067 1573 4137 rento,

228 4153 327 4210 creata
349 4147 472 4224 lemica,
496 4151 622 4210 emicuit.

311 4235 403 4298 Porro
432 4237 470 4296 ed
492 4241 643 4314 superiora
664 4235 843 4314 copernrcns
871 4237 1028 4298 tribunalia
1056 4238 1177 4309 duim,
1209 4251 1329 4296 causam
1351 4252 1451 4297 coram
1468 4233 1571 4311 judice

225 4321 375 4402 Scriptura
396 4323 535 4391 dicturus.
581 4325 619 4386 Et
648 4341 736 4403 supra
760 4327 900 4388 mensuri
921 4343 982 4400 me,
1013 4341 1077 4384 non
1095 4325 1291 4401 litigaturus
1282 4340 1312 4381 m
1335 4321 1392 4398 boe
1412 4324 1476 4384 loro
1499 4321 1584 4398 (bue

225 4409 337 4489 analys.
359 4411 465 4488 xm),
496 4430 553 4472 uec
574 4421 619 4474 est
641 4429 785 4488 aequum,
817 4421 846 4474 te
868 4413 995 4474 Roberte
1018 4412 1095 4473 benc
1125 4427 1208 4472 orare
1228 4425 1363 4484 causam,
1394 4427 1463 4472 cum
1484 4410 1574 4473 tbeo·.

225 4495 309 4575 logos
332 4517 389 4560 non
412 4502 464 4562 sis.
508 4499 578 4577 Ipsi
592 4499 750 4574 videbunt,
778 4517 833 4560 uec
854 4503 913 4562 iuis
926 4507 1052 4562 utentur
1074 4499 1182 4572 oculis,
1212 4505 1265 4558 tue
1286 4497 1397 4575 lingua.
1439 4497 1572 4558 liaustu

225 4585 342 4662 quidem
365 4587 473 4665 oppido
496 4606 586 4666 quam
607 4595 759 4664 suspects
782 4596 864 4648 actor
885 4589 973 4664 liuius
987 4605 1097 4648 causae
1117 4587 1232 4646 luturus
1246 4585 1344 4646 tueris.
1389 4584 1469 4647 Cedo
1484 4602 1571 4646 mm-

224 4690 282 4749 qne
305 4674 387 4734 berec
412 4675 523 4739 Terrae
551 4695 588 4740 ex
611 4685 663 4742 lue
685 4679 840 4740 venratio.
884 4675 1013 4736 Literem
1042 4677 1102 4748 ris,
1136 4691 1173 4734 an
1201 4673 1342 4750 mysticos
1364 4671 1493 4734 semus?
1536 4671 1569 4732 Si

224 4759 316 4823 Terre
338 4769 397 4825 stet
419 4762 459 4827 ad
478 4763 603 4840 literam,
624 4765 714 4829 baem
735 4761 856 4832 babebit
878 4761 1070 4841 obliteram,
1091 4762 1243 4835 sibases,
1260 4768 1300 4823 -lu
1321 4777 1382 4822 non
1403 4761 1491 4822 bases
1513 4759 1569 4820 eb·
1630 4803 1634 4817 .

261 4863 264 4873 “
276 4869 371 4926 chlerl
383 4869 458 4923 Opera
469 4871 497 4916 V.
1367 4865 1408 4924 30
