3570 5536
292 341 353 404 ili
663 339 695 396 hi
713 337 931 396 stereometriam
948 337 1090 396 Daharum
1106 337 1259 410 Appendix.

379 511 411 566 In
428 512 583 568 inventione
600 513 738 572 Romanae
756 532 898 572 mensurae
917 515 987 571 idem
1005 515 1100 586 procul
1119 514 1200 570 dubio
1226 527 1371 584 processus
1394 512 1448 568 fuit
1474 511 1650 568 absumens

294 587 402 656 Alioqui
421 591 445 644 si
461 589 625 647 liberrimum
642 591 694 648 luit
711 594 858 661 inventoris
877 595 1025 664 arbitrium,
1046 610 1128 648 causa
1146 593 1221 648 nulla
1237 593 1302 662 luit,
1326 609 1380 648 cur
1390 593 1477 648 librae
1496 591 1592 662 potius
1615 592 1646 646 ¹8

293 667 394 722 solidos
412 669 523 737 pollices
541 669 670 725 fontanae
688 673 829 738 tribueret,
849 690 930 742 quam
952 674 980 729 16
1000 673 1094 727 ιι112
1097 671 1265 727 ‚Notabile
1284 637 1389 727 ιιιιιιιιι
1407 678 1435 725 ιι
1449 671 1511 740 hoc,
1530 671 1647 727 candens

291 746 378 805 fuisse
396 750 598 819 proportionem
617 751 745 820 ponderis
764 752 909 823 amphorae
936 752 970 808 ad
996 753 1111 822 libram,
1139 766 1209 820 quae
1233 751 1320 808 librae
1337 751 1372 806 ad
1390 751 1556 808 machmam.
1594 750 1650 806 Sed

259 859 261 864 ,
291 835 357 896 puto
375 827 446 884 hanc
462 829 654 897 aequalitatem
673 830 745 886 ultro
763 839 861 902 ortam,
880 848 934 886 non
953 831 1112 900 quaesitam.
1149 831 1216 886 Cum
1242 832 1312 886 enim
1331 831 1558 902 deprehendisset
1576 833 1650 888 illius

295 908 466 975 aequationis
484 915 587 980 auctor,
606 910 683 979 pedis
702 910 870 966 usitatissimi
888 912 987 966 cubum
1005 926 1121 979 aqueum
1140 910 1259 979 pendere
1275 911 1332 968 fere
1351 911 1434 968 libras
1453 913 1651 968 usitatissimas

291 985 333 1055 96,
353 993 380 1040 ιι
398 987 585 1058 perpenderet,
604 990 719 1045 eundem
737 1005 798 1044 esse
817 1005 959 1044 numerum
977 988 1196 1043 drachmarum
1187 1005 1216 1042 ιι
1240 989 1311 1045 libra
1334 991 1497 1060 antiquitus:
1528 997 1651 1046 contern-

205 1104 207 1112 .
291 1065 431 1134 peratione
449 1067 525 1136 pedis
544 1075 572 1124 et
588 1068 673 1123 librae
685 1083 742 1123 rem
755 1083 772 1122 a
784 1068 986 1140 propinquitate
1004 1049 1139 1139 adipsum
1152 1075 1283 1138 punctum
1302 1067 1422 1137 adduxit,
1440 1085 1495 1124 non
1509 1069 1650 1124 electurus

291 1141 363 1198 hunc
381 1161 523 1201 numerum
541 1147 575 1203 96
593 1146 730 1215 librarum,
750 1163 772 1202 ιι
791 1163 807 1201 a
832 1153 1002 1218 receptarum
1029 1147 1158 1204 librarum
1186 1165 1299 1203 numero
1324 1149 1478 1206 immaniter
1505 1147 1648 1204 abluisset

291 1220 351 1280 Hoc
368 1224 450 1293 igitur
468 1227 491 1282 si
509 1235 538 1283 et
553 1243 603 1282 nos
622 1226 777 1294 imitemur,
807 1227 923 1283 satisfiet
950 1228 1072 1297 proxime
1099 1229 1186 1283 tribus
1213 1227 1266 1282 illis
1292 1228 1478 1283 rationibus'
1470 1244 1498 1282 ιι
1517 1227 1650 1282 methodo

292 1300 423 1371 allegatis,
442 1303 586 1362 drachmae
604 1321 654 1362 sua
671 1304 841 1380 relinquetur
859 1307 1023 1376 auctoritas,
1051 1316 1182 1376 quantum
1205 1323 1318 1362 necesse
1336 1313 1422 1362 estet
1441 1313 1576 1376 quantum
1596 1323 1650 1360 ιιι

291 1395 382 1458 retur;
403 1381 555 1455 drachmae,
573 1385 677 1454 unciae,
696 1400 802 1442 marcae
820 1385 980 1442 retinebitur
997 1387 1207 1457 nomenclatura,
1225 1400 1333 1454 unaque
1353 1391 1381 1440 et
1393 1385 1537 1442 octonaria
1555 1385 1650 1440 solidis

291 1467 500 1528 familiarissima
517 1464 684 1542 progressio.

845 1587 897 1688 Ad
920 1626 1038 1703 Caput
1060 1627 1098 1688 V.

383 1782 531 1840 Processus
548 1780 694 1839 reducendi
713 1778 827 1835 solidum
846 1778 1105 1850 parallelepipedum
1124 1781 1309 1851 rectangnlum
1336 1783 1363 1836 in
1382 1781 1497 1850 figuram
1516 1783 1653 1844 cubicum,

294 1863 419 1935 equidem
436 1878 561 1933 magnam
580 1859 699 1917 ostendit
717 1859 891 1928 diligentiam.
927 1858 1027 1913 Tribus
1053 1859 1124 1914 enim
1148 1861 1235 1916 ιιιοιιιι
1261 1862 1289 1916 ιι
1316 1867 1399 1918 unum
1426 1861 1653 1931 conspirantibus

295 1951 414 2002 constat:
427 1959 548 2012 numero,
561 1943 719 2013 capacitate,
733 1939 865 2011 pondere3
885 1955 935 2007 ego
955 1945 1080 2009 quartum
1098 1939 1206 1994 modum
1219 1939 1289 1994 inira
1302 1941 1397 1996 dicam.
1429 1942 1556 2010 Cumque
1570 1941 1654 1994 Sabo

297 2041 379 2080 uerus
398 2031 425 2078 at
443 2023 568 2084 Stesinus
584 2013 754 2090 ¹quotientem
772 2019 836 2073 lima
854 2017 988 2074 subtiliori
1007 2017 1203 2091 eupoliverint,
1232 2017 1300 2074 nihil
1323 2019 1389 2074 mihi
1411 2018 1588 2088 reliquerunt
1605 2017 1652 2072 ad·

296 2103 421 2158 dendum.
445 2099 571 2156 Numeris
591 2109 680 2154 autem
699 2113 805 2166 semper
817 2097 902 2152 tutius
921 2103 963 2150 est
975 2097 1022 2164 uti,
1042 2112 1123 2188 quarn
1141 2096 1229 2168 lineis,
1248 2115 1297 2168 per
1309 2099 1440 2155 mesolabi
1452 2099 1654 2154 aberrationea

296 2183 321 2236 N
324 2199 359 2237 οι
372 2189 450 2252 putat
462 2181 515 2240 hoc
527 2179 682 2234 Schonerus
701 2178 797 2233 decere
814 2186 993 2245 geometram:
1013 2182 1042 2230 ιι
1059 2176 1088 2229 ιι
1105 2176 1158 2232 hoc
1176 2177 1312 2246 praesenti
1331 2194 1396 2234 casu
1409 2195 1482 2234 emur
1474 2177 1654 2234 'subtilitate

295 2261 476 2332 operandam,
503 2274 553 2313 nec
579 2257 683 2326 ignosci
710 2262 802 2325 potest
827 2250 964 2310 mesolabo
992 2255 1122 2323 peccanti.
1166 2257 1315 2325 Egregium
1341 2255 1409 2312 alias
1436 2258 1652 2312 instrumentum

294 2337 457 2408 mesolabus,
477 2337 585 2406 egregia
608 2335 782 2404 exercitatio,
810 2350 880 2402 quae
907 2349 956 2404 pro
979 2333 1083 2388 calculo
1108 2351 1165 2390 rem
1187 2335 1275 2404 ipsam
1297 2335 1348 2390 sub
1372 2350 1469 2391 manus
1493 2335 1595 2402 sumit;
1624 2343 1653 2388 at

295 2416 417 2487 proiecto
435 2435 490 2472 non
508 2436 682 2484 γιωμιτρηιον
690 2416 760 2483 hoc,
780 2415 827 2470 sed
846 2435 994 2484 μικανικοι,
1013 2422 1040 2467 ιι
1059 2430 1122 2469 sere
1144 2413 1199 2468 tale
1226 2430 1280 2468 non
1299 2415 1358 2468 sola
1374 2413 1545 2481 ignoratione
1565 2413 1652 2468 homi·

295 2513 368 2568 num,
387 2496 460 2567 quod
479 2505 557 2568 putat
576 2497 711 2552 Steviuus.
746 2495 811 2565 Ipsa
829 2509 919 2548 rerum
938 2491 1163 2561 geometricorum
1186 2501 1284 2548 natura
1306 2509 1359 2548 non
1385 2494 1438 2548 fert
1456 2493 1527 2548 duas
1546 2494 1652 2548 inedias

298 2577 384 2644 aliter,
404 2577 455 2633 nisi
468 2593 518 2647 per
535 2577 609 2645 ipsos
629 2575 713 2632 cubos
732 2589 797 2630 suos
816 2570 996 2628 determinari.
1024 2571 1063 2625 At
1076 2587 1130 2624 non
1143 2572 1240 2639 dantur
1254 2573 1315 2627 cubi
1329 2571 1398 2627 alter
1414 2571 1528 2628 alterius
1547 2572 1651 2644 duplus

298 2672 328 2711 re
352 2657 418 2726 ipsa.
454 2657 523 2713 Nam
542 2655 565 2712 si
583 2654 720 2723 darentur,
739 2660 787 2708 aut
804 2668 820 2706 a
838 2657 937 2706 natura
956 2651 1084 2705 darentur
1096 2657 1145 2705 aut
1157 2651 1326 2722 abhomine;
1347 2653 1475 2721 utrinque
1488 2669 1538 2723 per
1551 2659 1653 2718 ortum,

296 2752 393 2806 nempe
411 2751 461 2805 per
478 2737 552 2792 latus
570 2752 657 2803 suum,
676 2751 713 2790 sc.
732 2750 781 2803 per
798 2731 901 2786 ιιιιιιι
920 2729 1154 2800 proportionales,
1183 2748 1251 2799 quas
1276 2733 1333 2801 jam
1360 2731 1477 2788 diximus
1503 2734 1533 2787 ιι
1560 2732 1652 2802 planis

295 2817 370 2873 nullo
382 2827 464 2887 pacto
481 2817 609 2872 constitui
623 2815 792 2886 geometrice,
811 2829 900 2882 neque
918 2811 980 2866 sciri
999 2827 1125 2881 unquam,
1145 2829 1229 2882 quare
1248 2816 1344 2870 necin
1356 2821 1446 2866 mente
1464 2817 1529 2866 actu
1548 2811 1652 2866 insunt.

295 2895 391 2966 Itaque
409 2897 485 2953 cubis
503 2896 685 2967 proportionis
703 2894 801 2963 duplae
820 2893 952 2961 denegato
972 2899 1033 2948 ortu
1051 2891 1121 2959 (cunr
1141 2903 1216 2946 recte
1233 2909 1287 2946 non
1305 2901 1367 2948 ante
1385 2891 1549 2960 ιιιιιιιιιι,
1568 2909 1652 2960 quant

296 2975 428 3040 oriantur,
446 2991 481 3032 ιι
498 2975 525 3030 ιι
545 2978 634 3029 mente
653 2972 784 3041 quidem),
802 2972 1007 3042 negaturetiam
1026 2971 1262 3028 subsistentia-seu
1275 2972 1347 3026 iutra
1359 2987 1406 3026 seu
1425 2977 1503 3026 extra
1522 2981 1651 3026 mentem.

295 3050 355 3108 Ηοι
373 3054 477 3109 imitata
493 3067 584 3108 rerum
602 3059 707 3120 natura,
728 3052 846 3108 rationes
865 3052 1048 3116 harmonicas,
1074 3052 1220 3108 intercluso
1239 3052 1387 3106 mediarum
1404 3049 1652 3122 proportionalium

296 3131 421 3200 munsitu,
437 3132 510 3188 intra
526 3148 666 3188 numerum
686 3132 853 3186 octonarium
870 3132 1014 3188 terminare
1031 3138 1127 3188 coacta
1144 3137 1193 3186 est.

383 3213 479 3280 ltaque
506 3211 588 3280 hrrjus
612 3213 742 3268 instinctu
766 3212 823 3280 jam
849 3211 911 3268 uilis
943 3213 1022 3268 etiam
1049 3212 1168 3282 agricma
1195 3229 1291 3268 vocum
1319 3215 1523 3283 proportionem
1552 3213 1653 3268 a’tm

199 3279 202 3286 ’
298 3290 407 3350 damnat
425 3298 453 3346 et
471 3299 620 3361 aversatur,
640 3291 703 3360 qnia
716 3291 750 3346 ad
760 3290 835 3346 illam
852 3308 907 3347 non
925 3298 1017 3360 potest
1036 3293 1197 3362 geometrice
1216 3292 1358 3362 perueniri,
1378 3291 1429 3347 nisi
1446 3307 1496 3360 per
1507 3293 1524 3346 2
1537 3291 1651 3360 medias,

298 3385 368 3440 quae
385 3375 448 3427 actu
466 3372 591 3442 nuspiam
611 3377 683 3437 sunt,
700 3387 752 3428 nec
770 3371 798 3426 in
815 3378 906 3428 mente
923 3371 1098 3426 adumbratae
1116 3387 1167 3426 nec
1185 3371 1212 3425 in
1230 3370 1332 3426 mundo
1351 3372 1508 3441 cipreseas.

383 3450 500 3521 Objiciat
527 3451 625 3523 aliquis
649 3459 745 3509 contra
770 3453 840 3508 hanc
857 3450 1066 3522 philosophiam,
1086 3468 1121 3506 an
1139 3469 1193 3511 non
1207 3454 1293 3507 cubus
1310 3450 1440 3520 2duplus
1453 3451 1489 3505 sit
1501 3450 1536 3505 ad
1550 3451 1653 3506 cubum

296 3530 331 3584 ιι
351 3531 521 3603 Respondeo,
540 3532 653 3603 perinde
671 3533 724 3588 hoc
743 3549 848 3600 sonare,
877 3547 908 3586 nc
926 3531 949 3587 si
968 3531 1028 3600 quis
1046 3532 1099 3588 hoc
1117 3531 1223 3588 dicendi
1242 3545 1340 3599 genere
1363 3537 1503 3599 uteretur,
1530 3547 1568 3585 an
1597 3547 1653 3585 non

298 3612 384 3667 cubus
403 3612 502 3682 duplus
522 3612 557 3668 ad
574 3612 700 3683 simplum
719 3613 819 3683 duplus
837 3614 899 3670 est?
934 3611 1046 3666 Numeri
1065 3612 1136 3666 enim
1154 3617 1218 3668 sunt
1235 3626 1324 3666 sermo
1342 3617 1556 3680 geometrarum,
1585 3605 1653 3663 nihil

198 3757 201 3764 Ι
297 3695 430 3759 praetera.
468 3689 600 3762 Suntque,
619 3699 656 3748 ιιι
668 3700 818 3761 conceptus
835 3692 949 3759 mentis,
977 3690 1153 3760 applicabiles
1179 3699 1235 3746 tam
1257 3690 1327 3746 reris
1346 3705 1427 3760 quam
1446 3687 1651 3756 conditionatis,

300 3767 416 3837 denique
433 3768 504 3824 fictis
524 3779 552 3825 ιι
568 3770 649 3840 plane
666 3769 879 3842 impossibilibus
898 3769 1016 3835 entibus,
1035 3770 1063 3824 h.
1082 3786 1106 3825 e.
1124 3787 1179 3826 non
1197 3770 1305 3826 entibus
1324 3774 1372 3822 aut
1389 3767 1561 3828 chimaeris„

385 3847 472 3903 Aliter
490 3849 612 3920 objicias,
631 3866 665 3905 an
683 3868 738 3906 non
755 3849 843 3920 possit
860 3850 974 3919 cogitari
996 3851 1082 3906 cubus
1108 3849 1177 3905 alter
1194 3848 1307 3903 alterius
1327 3847 1441 3916 duplus,
1468 3847 1515 3901 ubi
1542 3846 1653 3902 ridetur

298 3941 342 3983 res
360 3929 429 3984 haec
446 3930 475 3984 in
493 3937 582 3986 mente
600 3931 768 3987 subsistere?
787 3930 950 3999 Respondeo
965 3929 1102 3998 similiter;
1116 3930 1234 3998 cogitare
1250 3929 1320 3983 enim
1333 3935 1421 3996 potes,
1438 3925 1654 3980 contradictoria

299 4006 379 4062 simul
397 4022 458 4062 esse
474 4023 546 4078 sera,
567 4009 640 4077 quod
658 4015 748 4064 ιιιιι
765 4016 808 4064 ιιι
824 4008 1000 4077 impossibile.
1036 4009 1113 4064 Haec
1130 4008 1212 4076 igitur
1229 4007 1323 4060 insunt
1341 4006 1432 4060 verius
1449 4005 1476 4058 in
1494 4003 1653 4072 phantasia,

299 4101 468 4156 nequaquam
488 4087 517 4140 in
534 4095 633 4142 mente.
667 4088 735 4143 Nam
754 4087 801 4155 qui
821 4087 860 4142 sic
879 4088 987 4156 cogitat,
1006 4087 1044 4141 nil
1062 4086 1113 4141 nisi
1130 4088 1214 4141 verba
1225 4085 1327 4154 cogitat
1342 4093 1370 4138 et
1383 4099 1472 4152 sonos,
1490 4098 1526 4138 ιι
1544 4085 1653 4138 annum

299 4164 455 4220 resonantia
472 4181 522 4235 per
538 4167 655 4235 speciem
673 4165 836 4235 phantasiae
855 4165 918 4221 olim
937 4173 1156 4236 repraesentatos
1180 4166 1309 4233 varieque
1331 4165 1404 4223 inter
1426 4178 1458 4218 ae
1475 4163 1652 4231 compositos,

299 4244 430 4300 dianoeoe
454 4245 563 4314 quidem
588 4260 683 4315 opera,
712 4245 760 4302 sed
786 4262 840 4302 non
863 4246 939 4314 J'usto
962 4263 1012 4301 ιιι
1034 4247 1087 4300 nisi
1110 4243 1242 4300 imitativo
1264 4259 1404 4312 processu.
1441 4241 1518 4310 Quae
1541 4259 1607 4298 sero
1624 4243 1653 4296 ιι

299 4330 397 4394 mente,
417 4341 450 4381 ea
467 4341 516 4394 per
535 4341 631 4382 causas
650 4341 713 4382 suas
731 4327 839 4394 insum,
867 4341 921 4380 non
948 4341 997 4393 per
1020 4325 1094 4380 nuda
1121 4323 1240 4380 nomina.
1277 4320 1450 4390 Intelligatur
1465 4321 1547 4384 intur
1564 4321 1651 4376 cubus

302 4403 372 4460 ulter
388 4401 500 4460 alterius
519 4404 627 4474 duplus,
646 4405 674 4461 h.
692 4421 715 4461 e.
734 4419 784 4474 per
802 4419 911 4460 causam
929 4419 1005 4460 suam
1024 4401 1267 4472 comprehendatur
1292 4407 1320 4454 ιι
1344 4399 1492 4456 concedam
1513 4399 1542 4452 in
1560 4403 1652 4454 mente

298 4481 398 4538 inesse.
433 4482 504 4538 Nam
520 4498 596 4538 mens
613 4482 650 4538 ad
667 4498 764 4539 ιιιιιιι
781 4482 895 4538 ιιιίιιι
905 4484 1058 4538 revolvetur
1069 4482 1104 4537 ad
1116 4480 1219 4538 medias
1231 4477 1457 4550 proportionales,
1478 4495 1549 4548 quae
1561 4487 1652 4534 ortum

300 4563 371 4631 cubi,
390 4568 421 4618 ut
437 4562 518 4618 tertio
536 4570 599 4620 actu
619 4563 747 4634 generati,
766 4563 840 4631 ipsae
858 4562 944 4631 primo
963 4570 1038 4630 actu,
1062 4579 1088 4617 n.
1107 4562 1203 4630 puncti
1220 4559 1310 4628 fluxu,
1329 4559 1512 4628 generandae,
1541 4573 1652 4626 praece·

302 4637 367 4694 dant
377 4654 490 4698 necessa
504 4649 554 4698 ιιι.
577 4643 634 4699 Ηιι
652 4657 716 4698 sero
733 4657 788 4697 non
800 4642 902 4698 invenit
919 4657 995 4698 mens
1013 4642 1085 4696 intra
1096 4655 1135 4709 se,
1154 4640 1180 4694 h.
1200 4653 1223 4694 e.
1240 4639 1270 4693 in
1286 4637 1427 4694 scibilibus
1444 4635 1649 4706 quantitatibus

301 4713 338 4769 Ut
354 4718 454 4774 raudus
472 4719 518 4776 hic
535 4721 657 4778 deiectus
675 4721 789 4776 duarum
806 4721 956 4776 mediarum
972 4718 1152 4788 intelligatur,
1177 4717 1363 4787 perpendatur
1380 4715 1560 4772 subsistentis
1576 4729 1650 4768 ιιι·

302 4791 363 4848 talis
380 4794 461 4851 nnius
479 4799 590 4856 mediae
624 4800 704 4858 Datis
722 4799 829 4857 duebos
847 4799 1054 4870 quibuscunque
1070 4797 1160 4866 ιιιιιι,
1185 4795 1266 4854 datur
1282 4793 1408 4865 cunnus,
1427 4795 1508 4866 ιιιιιι
1519 4793 1650 4850 danem
