3732 5528
305 345 367 408 412
484 333 490 340 '
622 346 772 404 uniames
789 347 942 404 samona.
978 350 1061 406 uuor
1079 350 1125 406 ιιι.
1146 351 1321 421 capusum.

304 518 504 589 suspicionibus
522 520 716 591 indulgendum
735 525 908 595 censuissem,
926 523 1068 580 videbatur
1080 525 1146 580 mihi
1163 542 1229 582 sane
1241 526 1397 584 Macrobius
1415 529 1471 600 illa,
1489 548 1561 602 quae
1578 533 1649 590 dicto

302 600 363 654 loco
382 599 465 656 tradit
476 618 599 672 quaeque
619 619 668 670 ego
687 603 819 672 exscripsi
835 603 863 660 iu
875 602 1068 658 Ptolemaioum
1087 609 1200 669 textum,
1218 604 1342 663 hausisse
1354 622 1389 660 ex
1401 609 1555 666 adulterino
1572 615 1650 665 textu

304 679 401 748 capitis
424 678 507 747 hujus
527 681 571 748 16,
596 680 675 749 quasi
697 680 741 734 hic
764 681 969 751 antiquissimus
993 682 1035 736 sit
1070 682 1203 752 Utrinque
1229 683 1299 736 enim
1325 682 1359 738 de
1377 685 1509 744 maleficis
1532 689 1650 758 planetis

303 759 401 828 agitur,
421 757 546 829 utrinque
563 775 597 813 ex
616 759 743 815 beneficis
761 761 869 830 Jupiter
887 761 952 830 Soli,
971 763 1064 817 Venus
1076 763 1171 818 Lunae
1189 763 1281 832 potius
1300 762 1409 820 additur
1426 783 1477 835 pro
1497 769 1597 834 amic0;
1616 783 1650 821 ex

301 836 433 891 maleficis
451 852 515 891 vero
534 839 667 893 Saturnus
680 837 745 906 Soli,
764 840 838 894 Mars
851 841 946 896 Lunae
963 841 1120 898 familiarior
1137 839 1304 910 perhibetur.
1329 842 1434 914 Itaque,
1453 845 1476 899 si
1494 846 1651 902 Macrobius

249 931 253 940 ·
303 915 379 970 hunc
396 915 575 970 adulterinum
594 923 699 972 textum
717 918 813 973 habuit
824 921 851 975 iu
864 919 960 990 animo,
980 927 1089 994 oportet
1106 929 1145 990 ut,
1164 937 1234 991 quae
1247 922 1306 990 ipse
1318 919 1429 993 addidit,
1448 939 1504 979 nou
1522 929 1653 978 contenta

303 993 331 1050 in
348 992 396 1048 illo
414 1002 491 1049 testu
510 995 670 1065 adulterino,
690 1013 727 1052 ac.
741 997 774 1053 de
784 1001 902 1054 numeris
916 1000 1065 1069 jugalibus,
1084 1001 1111 1056 in
1130 1001 1227 1070 quihus
1247 1001 1341 1056 harum
1360 1017 1450 1056 rerum
1471 1019 1570 1058 causae
1588 1018 1652 1057 con·

304 1073 450 1143 tineentur,
470 1075 546 1141 haec,
564 1077 687 1146 inquam,
706 1077 861 1140 Macrobius
880 1095 914 1134 ex
933 1091 1030 1150 suopte
1049 1080 1172 1150 cerebro,
1193 1088 1324 1150 tanquam
1338 1082 1446 1156 juvans,
1457 1081 1653 1150 Ptolemaeum,

304 1151 440 1208 addiderit
458 1161 575 1222 oporiet.
611 1157 648 1209 at
666 1156 802 1226 quietam
821 1158 893 1212 clare
911 1158 1031 1228 loquitur
1048 1159 1214 1226 Macrobius*
1231 1176 1260 1214 se
1279 1176 1349 1230 qnae
1366 1161 1459 1216 madet
1477 1161 1549 1230 apud
1568 1176 1652 1214 unum

304 1231 413 1286 omniuo
431 1232 618 1290 Ptolemaeum
636 1235 780 1305 reperisse:
804 1238 867 1292 uolo
885 1238 967 1305 igitur
984 1238 1126 1308 indulgere
1144 1239 1298 1309 suspicioni,
1317 1241 1382 1311 quin
1400 1241 1492 1309 potius
1509 1239 1545 1294 do
1564 1239 1653 1294 conu-

305 1309 453 1366 derandum
472 1313 581 1380 lectori,
608 1331 672 1369 num
689 1315 806 1370 fortasse
824 1317 954 1371 Macrobii
977 1323 1065 1372 aetate
1084 1325 1166 1386 caput
1183 1319 1237 1374 hoc
1254 1317 1283 1373 iu
1301 1319 1452 1375 Ptolemaei
1470 1335 1553 1388 opera
1570 1317 1654 1374 fuerit

304 1391 412 1446 auctius
430 1399 458 1447 et
475 1393 624 1449 correctius
642 1394 777 1464 pleneque
794 1396 940 1464 integrum,
963 1404 995 1451 ut
1011 1397 1064 1465 ita,
1090 1411 1158 1466 quae
1176 1397 1221 1453 hic
1247 1412 1280 1452 ex
1299 1399 1438 1454 Macrobio
1457 1397 1603 1468 exscripsi,
1622 1411 1655 1451 ea

304 1483 367 1522 vere
384 1468 485 1525 fuerint
498 1487 562 1541 pars
575 1474 681 1544 capitis,
700 1473 823 1543 pluribus
836 1475 943 1545 quidem
962 1475 1050 1534 verbis
1064 1483 1091 1531 et
1102 1491 1273 1534 numerorum
1284 1475 1494 1550 *allegationibus
1509 1478 1655 1548 explicata.

373 1549 435 1603 Nou
453 1552 531 1620 potui
549 1557 639 1608 tamen
657 1553 799 1622 ipsissimis
817 1556 917 1624 ubique
935 1556 1026 1611 verbis
1039 1555 1171 1610 Macrobii
1183 1557 1315 1612 insistere.
1345 1559 1406 1614 Nou
1424 1563 1483 1611 erat
1501 1557 1570 1612 enim
1588 1554 1655 1611 mihi

304 1627 459 1698 verisimile,
479 1630 663 1687 Ptolemaeum
680 1633 734 1705 hic,
753 1635 830 1704 quasi
843 1651 911 1689 novo
924 1635 1058 1704 principio
1071 1651 1157 1704 usum,
1176 1635 1251 1704 loqui
1269 1639 1303 1693 de
1321 1638 1440 1694 numeris
1454 1637 1602 1706 jugalibus,
1621 1653 1656 1692 ex

305 1708 404 1776 quibus
422 1710 579 1767 harmoniae
597 1729 651 1768 uon
669 1723 768 1782 essent,
788 1721 819 1770 ut
831 1729 864 1769 ex
877 1715 924 1784 273
944 1715 991 1769 sed
1011 1714 1049 1768 sic
1060 1714 1114 1768 feci
1126 1714 1310 1772 Ptolemaeum
1328 1726 1480 1787 temperare
1498 1717 1656 1782 orationem,

305 1794 336 1838 ut
354 1785 426 1842 hunc
443 1788 490 1843 ille
514 1806 664 1847 sermonem
688 1809 749 1848 cum
772 1793 970 1848 harmoniarum
996 1800 1057 1848 ortu
1075 1800 1262 1864 connecteret,
1286 1803 1370 1864 utque
1393 1811 1447 1849 non
1471 1795 1596 1862 alligarer
1621 1793 1655 1849 ad

307 1865 379 1921 solas
398 1867 447 1924 has
466 1871 671 1939 proportiones:
700 1872 732 1940 ³l,
751 1879 779 1926 et
799 1872 829 1942 Ἀ
849 1879 876 1927 et
894 1875 926 1940 il,
945 1879 973 1928 et
996 1877 1025 1942 if,
1047 1879 1075 1926 et
1098 1871 1127 1940 Ἰ3
1147 1879 1174 1926 et
1195 1872 1239 1944 ¹1⁴³
1266 1874 1371 1944 quiesi
1396 1873 1439 1929 his
1458 1873 1524 1928 solis
1541 1872 1655 1928 fuissem

306 1944 469 2017 adstrictus,
498 1965 551 2004 nou
575 1951 725 2019 potuissem
744 1951 917 2020 probationes
935 1952 1047 2007 idoneas
1067 1967 1102 2005 ex
1120 1967 1178 2020 cap.
1202 1951 1359 2021 repetitas
1384 1951 1544 2019 (secundnm
1561 1969 1657 2006 manu·

306 2021 461 2081 ductionem
480 2028 620 2098 Macrobii)
638 2031 735 2087 afferre
753 2030 846 2106 adea,
865 2047 935 2100 quae
953 2031 1107 2086 Macrobius
1126 2047 1143 2084 a
1160 2029 1317 2085 Ptolemaeo
1335 2033 1452 2101 probata
1469 2031 1515 2086 ait.

393 2104 498 2162 Eadem
516 2113 579 2164 tene
598 2109 632 2164 de
650 2110 759 2166 vocibus
779 2111 940 2180 «potiores»,
962 2109 1111 2178 «uiliores»,
1131 2123 1201 2163 ame
1214 2109 1351 2176 adhibitis,
1370 2125 1420 2177 pro
1439 2109 1537 2180 quihus
1549 2109 1658 2163 Macro·

307 2181 368 2238 bins
386 2185 472 2240 utitur
489 2186 531 2242 his
549 2188 674 2244 vocibus:
695 2203 829 2250 «omues»,
849 2189 981 2258 «plures».
1009 2189 1078 2242 Nam
1096 2203 1190 2242 omnes
1206 2187 1263 2254 jam
1282 2186 1362 2242 modo
1381 2203 1525 2320 exlpressas
1543 2203 1658 2256 propor-

306 2263 395 2318 tiones
412 2267 484 2320 inter
500 2265 576 2323 Jovis
599 2275 626 2323 et
645 2267 717 2323 Solis
744 2273 832 2322 motus
858 2282 908 2338 ego
935 2281 1106 2338 nequaquam
1131 2266 1227 2322 docere
1251 2281 1371 2335 possum.
1434 2272 1510 2321 entet
1527 2265 1556 2320 id
1574 2264 1655 2334 aliua,

307 2359 350 2397 me
369 2343 480 2400 felicior.
1401 2367 1406 2376 ’

394 2424 436 2478 Ne
454 2440 518 2479 vero
537 2433 678 2496 exspectet
696 2445 713 2483 a
730 2443 772 2482 me
790 2429 883 2497 lector,
903 2435 934 2483 ut
945 2426 1143 2483 familiaritates
1162 2425 1333 2496 planetarum
1352 2440 1386 2479 ex
1403 2439 1463 2479 mea
1480 2424 1567 2494 ipsius
1587 2423 1657 2478 Har-

220 2525 224 2532 ·
307 2504 396 2558 monia
415 2503 528 2560 coelesti
545 2505 660 2561 tradam.
690 2509 759 2563 Nam
778 2507 946 2562 consideravi
965 2521 1015 2576 ego
1034 2523 1112 2561 veros
1130 2515 1229 2574 motus,
1247 2511 1278 2560 ut
1296 2503 1314 2558 ii
1333 2519 1366 2559 ex
1385 2503 1448 2560 Sole
1466 2510 1610 2574 apparent,
1629 2511 1658 2558 at

308 2583 466 2652 astrologia,
491 2585 569 2653 cujus
587 2603 651 2654 pars
670 2587 874 2654 (familiaritates
893 2567 1073 2656 planetarum)
1097 2585 1251 2640 considerat
1272 2583 1408 2653 planetas,
1434 2589 1465 2636 ut
1485 2581 1505 2635 ii
1522 2589 1659 2651 apparent

309 2665 495 2733 spectantibus
516 2681 550 2719 ex
569 2666 662 2734 Terra,
682 2683 751 2735 quae
770 2665 834 2721 mihi
853 2672 894 2720 est
912 2665 973 2733 ipsa
989 2664 1060 2720 inter
1078 2665 1203 2736 planetas
1222 2679 1292 2720 unus
1310 2679 1326 2716 e
1344 2677 1463 2718 numero.

396 2743 424 2798 Si
442 2746 503 2813 quia
520 2761 690 2802 veromeam
709 2747 789 2802 etiam
808 2743 969 2800 sententiam
992 2743 1025 2797 de
1048 2743 1220 2800 distinctione
1244 2743 1414 2812 planetarum
1433 2741 1460 2793 in
1478 2739 1659 2810 qualitatihus

310 2821 454 2889 desiderat,
472 2823 546 2876 illam
563 2823 681 2879 inveniet
700 2825 727 2879 iu
746 2823 838 2878 Tertio
856 2822 1063 2890 luterveuiente,
1082 2839 1099 2876 a
1116 2839 1228 2878 numero
1246 2821 1287 2879 32.
1305 2837 1354 2891 per
1379 2829 1525 2890 sequentes
1543 2819 1658 2889 aliquot.

310 2901 419 2956 Summa
437 2901 506 2957 haec
525 2909 579 2959 est:
599 2904 645 2958 Sol
662 2906 689 2958 in
707 2904 807 2958 mundo
821 2903 930 2972 fornraa,
949 2903 1027 2956 Luna
1039 2903 1176 2968 materiae,
1195 2901 1298 2957 scilicet
1311 2914 1397 2969 aquae
1416 2899 1547 2954 rationem
1565 2897 1659 2956 habet.

310 2978 357 3032 Sol
374 2985 448 3034 totus
468 2981 578 3051 ignens,
603 2983 720 3050 speciem
746 2984 826 3038 etiarn
847 2983 1053 3057 immateriatam
1076 2982 1172 3038 emittit
1194 2989 1279 3036 totam
1297 2980 1418 3050 igneam,
1439 2977 1467 3032 id
1493 2985 1535 3032 est
1558 2977 1658 3048 lucem,

309 3057 403 3124 Luna,
422 3063 480 3111 tota
498 3071 585 3128 aquea
602 3062 643 3114 rel
664 3065 754 3130 quasi,
778 3063 876 3118 emittit
894 3063 974 3116 etiarn
993 3062 1110 3131 speciem
1128 3061 1342 3128 humectantem,
1365 3073 1452 3128 eaque
1470 3059 1613 3113 humectat
1631 3060 1659 3113 in

310 3135 402 3190 Terris
420 3135 518 3193 idonea
535 3141 675 3208 subjecta,
699 3147 767 3211 puta
789 3141 906 3194 virentia
929 3157 1092 3209 quocunque
1114 3141 1185 3193 ritae
1210 3153 1317 3208 genere.
1353 3135 1389 3190 Hi
1411 3137 1537 3205 planetae
1556 3137 1658 3208 singuli

310 3217 431 3283 singulas
451 3217 543 3272 unicas
561 3219 663 3274 habent
680 3219 832 3274 facultates.
870 3218 999 3274 Planetae
1018 3219 1101 3272 ceteri
1126 3218 1245 3286 quinque
1272 3215 1471 3269 distribuuntur
1489 3217 1516 3269 iu
1534 3223 1592 3270 tres
1612 3233 1659 3270 su-

310 3295 430 3364 periores
448 3302 476 3348 et
494 3296 563 3350 duos
581 3296 722 3352 inferiores
739 3297 848 3352 realiter
866 3305 893 3350 et
911 3297 965 3352 situ
988 3297 1178 3366 sphaerarum,
1201 3311 1271 3365 quae
1298 3301 1362 3350 sunt
1384 3295 1571 3350 interstinctus
1591 3310 1659 3366 quc-

310 3373 372 3426 dam
390 3372 472 3428 veluti
491 3374 694 3444 diaphragmate
712 3376 785 3430 orbis
803 3375 902 3446 magni.
939 3379 977 3430 At
994 3376 1022 3429 hi
1040 3393 1151 3431 numero
1170 3375 1256 3442 multi,
1276 3375 1381 3432 scilieet
1398 3375 1524 3445 quinque,
1542 3383 1664 3460 possent

310 3453 427 3508 interae
445 3453 573 3522 distingui
590 3470 640 3524 per
658 3455 766 3511 easdem
785 3455 852 3510 duas
870 3455 1013 3510 facultates
1032 3453 1191 3510 calfaciendi
1204 3459 1232 3509 et
1249 3455 1439 3509 humectandi:
1458 3454 1579 3523 oportuit
1597 3455 1660 3510 illas

311 3531 457 3587 combinari
476 3540 503 3588 et
520 3533 549 3587 id
565 3535 593 3587 iu
611 3536 776 3604 geometrica
794 3533 947 3590 differentia
965 3549 1107 3604 excessus,
1126 3533 1222 3600 medii,
1242 3531 1376 3587 defectus.
1412 3533 1482 3588 Hioc
1500 3545 1549 3602 pro
1570 3533 1660 3588 tribus

311 3611 495 3681 superioribus
515 3612 639 3670 nascitur
656 3615 832 3668 contrarietas
852 3629 913 3667 cum
931 3613 1027 3667 medio.
1062 3613 1131 3667 Nam
1158 3612 1185 3666 in
1203 3611 1291 3665 medio
1309 3609 1457 3665 secundum
1476 3609 1660 3680 altitudinem,

311 3689 416 3744 seilicet
433 3690 460 3744 in
478 3690 555 3757 Jove,
574 3699 615 3747 est
633 3692 804 3748 mediocritas
823 3691 920 3747 calone
939 3699 966 3747 et
978 3691 1151 3746 mediocritas
1169 3691 1301 3760 humoris,
1320 3697 1519 3760 temperaturae
1538 3693 1661 3760 optimae

311 3776 339 3823 et
357 3770 397 3823 sic
415 3769 566 3840 beneficae,
586 3769 614 3825 in
632 3772 721 3826 Marte
740 3787 869 3828 excessus
888 3771 996 3839 caloris,
1016 3771 1140 3826 defectus
1158 3769 1293 3838 humoris,
1318 3769 1381 3826 hinc
1399 3771 1458 3840 ipse
1475 3770 1614 3840 malefica,
1632 3771 1661 3826 in

311 3843 427 3905 satrrrno
446 3863 574 3904 excessus
593 3849 715 3904 humoris
733 3859 761 3906 et
778 3850 899 3906 defectus
918 3849 1016 3905 caloris
1036 3849 1147 3919 (quippe
1164 3851 1224 3918 ipse
1242 3849 1417 3918 longissimus
1435 3864 1451 3903 a
1469 3847 1551 3918 Sole),
1570 3849 1599 3903 id
1619 3857 1662 3905 est

312 3929 421 3998 glacies,
440 3927 503 3982 hinc
522 3933 549 3981 et
567 3928 625 3997 ipso
642 3929 781 3985 maleficus
800 3935 827 3984 et
843 3928 926 3982 Morti
944 3928 1104 3982 contrarius.
1127 3926 1181 3981 Pro
1199 3927 1305 3982 duobus
1324 3943 1388 3982 vero
1406 3925 1578 3983 inferioribus
1597 3945 1662 3983 con·

310 4007 438 4064 trarietas
457 4009 515 4061 sina
532 4009 620 4063 medio
639 4009 767 4067 constitui
785 4016 888 4078 potest:
915 4016 945 4062 ut
968 4008 995 4061 in
1019 4007 1104 4062 altero
1128 4007 1226 4062 humor
1249 4005 1462 4061 mediocritatem
1481 4015 1608 4076 superet,
1632 4007 1660 4062 in

311 4085 416 4154 reliquo
436 4085 518 4154 calor,
536 4085 628 4140 Venus
648 4103 685 4143 so.
704 4087 844 4142 humorem
862 4085 971 4142 Saturni
989 4101 1048 4140 eum
1068 4085 1157 4140 calore
1175 4085 1303 4140 mediocri
1320 4083 1405 4152 Jovis,
1424 4085 1584 4158 Mercurius,
1604 4085 1662 4142 Soli

312 4165 430 4235 propior,
449 4157 588 4219 humorem
608 4164 768 4220 mediocrem
786 4165 862 4220 Jouis
881 4182 940 4220 cnm
960 4163 1049 4218 calore
1068 4179 1172 4218 summo
1191 4163 1288 4218 Martis
1303 4163 1409 4231 jungat

399 4245 452 4299 llic
469 4259 545 4300 meus
565 4251 607 4298 est
624 4244 718 4312 lusus,
746 4250 775 4300 at
793 4244 994 4314 metaphysicns
1012 4241 1058 4298 ille
1076 4243 1119 4296 uel
1136 4244 1274 4314 physicus,
1293 4241 1359 4296 nihil
1379 4244 1580 4298 communicans
1598 4257 1661 4297 cnm

312 4321 461 4378 harmoniis
479 4322 664 4392 planetarum:
683 4331 776 4380 utatur
794 4325 840 4394 qui
858 4325 939 4390 uolet,
957 4322 1075 4393 corrigat
1093 4337 1157 4377 vero
1176 4322 1222 4392 qui
1240 4325 1339 4392 potest.

503 4463 578 4520 Finis
597 4469 721 4520 notarum
739 4465 767 4518 iu
785 4463 883 4519 librum
899 4463 948 4518 111.
966 4461 1117 4518 Ptolemaei
1135 4469 1163 4518 et
1181 4479 1242 4518 cum
1259 4461 1293 4518 iis
1312 4460 1468 4531 appendicis

726 4543 864 4612 tonusque
883 4543 951 4598 adeo
963 4541 1059 4611 Operis
1075 4541 1241 4599 Harmonici.

882 4717 1088 4733 ——0-
