3732 5528
853 369 995 440 Apologia.
1533 359 1607 430 ttl'
1649 427 1652 438 ,

252 539 369 602 Morari
391 541 491 604 Solem
515 546 591 604 circa
615 548 744 622 corporis
767 565 850 608 exem
874 548 1060 624 immobilem,
1083 547 1176 610 oculis
1198 553 1288 625 patct,
1311 545 1363 612 sed
1386 544 1597 624 asbcnomicie,

250 630 314 688 Non
345 636 441 691 tamen
472 632 562 690 isilli
586 643 682 694 motus
713 637 791 696 inest
820 637 858 696 ob
879 637 1013 711 luminis,
1046 655 1134 714 quam
1159 643 1190 696 tu
1212 635 1359 708 celebras,
1393 633 1596 706 mobilitatem,

249 736 316 776 nam
349 718 396 777 bic
419 729 515 778 motus
538 719 655 780 luminis
678 731 723 782 eet
753 727 817 784 eine
841 733 983 801 tempore,
1018 728 1080 785 veri
1101 733 1197 786 motus
1220 732 1288 782 eunt
1312 725 1342 782 in
1365 729 1503 799 tempore.
1550 719 1596 778 nd

248 814 359 864 motum
383 823 452 888 perc
476 809 579 866 ceteris
602 808 727 885 placetis
751 811 939 872 inserendum
962 830 1036 890 opus
1060 831 1125 873 esse
1142 811 1204 872 Soli
1227 819 1307 872 motu
1329 811 1437 888 proprii
1458 809 1595 885 corporis,

249 892 279 952 id
310 900 355 952 est
384 893 554 970 dogmatum
586 914 674 954 unum
706 897 800 960 dictae
835 900 995 976 Epitomee.
1051 900 1161 960 umas
1189 906 1305 960 monam
1332 906 1367 958 trs
1389 897 1530 975 refutasti
1562 899 1595 955 in

245 981 372 1057 physico
399 989 533 1042 nactura
563 983 783 1045 Macrocoami?
838 988 875 1044 At
908 988 1030 1050 crmdem
1060 1005 1116 1065 ego
1145 987 1251 1050 Terrae
1281 993 1392 1046 motum
1424 983 1538 1042 delendi
1568 985 1596 1041 in

190 1133 194 1141 ¹
249 1069 385 1144 Epitcme
408 1067 557 1130 doctrinae
578 1071 748 1147 sphaericae
771 1073 921 1150 diurnum,
956 1079 986 1134 in
1008 1077 1082 1136 libro
1107 1082 1169 1146 elue
1191 1073 1245 1136 IV.
1268 1072 1427 1154 (doctrinae
1449 1071 1594 1130 theoricae

247 1153 352 1235 primo)
376 1173 513 1218 annuum.
559 1158 743 1222 Contendant
777 1163 850 1222 inter
879 1181 910 1224 ee
933 1165 999 1224 libri
1022 1165 1126 1236 noemi,
1158 1161 1292 1239 judicent
1313 1178 1382 1220 vero
1408 1164 1595 1236 spectatores,

247 1243 277 1302 id
301 1251 345 1302 est
366 1245 497 1306 lectores.
544 1245 667 1308 Falleris
683 1256 779 1307 tamen
803 1252 827 1308 si
842 1260 939 1326 putas,
962 1260 1062 1329 erepto
1078 1251 1148 1310 mibi
1165 1250 1271 1310 Terrae
1288 1255 1365 1308 motu
1385 1246 1487 1308 cadere
1502 1262 1595 1305 meam

247 1330 456 1406 Harmoniam
488 1331 600 1394 scilicet
629 1351 686 1394 non
716 1336 812 1412 legisti
842 1357 878 1398 ne
903 1340 1020 1398 titulum
1044 1337 1161 1410 caldam
1190 1337 1256 1400 libri
1282 1337 1389 1412 quinti,
1425 1335 1474 1392 ubi
1497 1339 1595 1410 operte

247 1435 362 1492 moneo,
387 1427 419 1478 ut
443 1426 472 1478 et
495 1437 558 1497 cap.
583 1423 612 1480 3.
638 1422 687 1482 ici.
712 1426 784 1496 275,
808 1433 905 1486 stante
928 1430 1016 1488 etiam
1038 1425 1146 1486 Brahei
1169 1426 1323 1497 sententia,
1348 1424 1395 1482 cui
1416 1421 1506 1482 'l'crra
1527 1427 1595 1494 stat,

248 1505 347 1566 valere
369 1506 552 1566 harmonicae
576 1509 846 1584 demonstrationes,
871 1531 944 1590 quas
968 1515 1068 1574 doceo.
1114 1513 1199 1589 Piget
1222 1511 1339 1572 tandem
1367 1516 1410 1570 tot
1432 1507 1596 1570 conbadIc·

249 1597 361 1652 tionum
384 1595 591 1656 faciendarum.
637 1598 711 1658 Nam
735 1599 804 1674 quid
829 1603 949 1661 interest
970 1601 1048 1680 (pag.
1066 1599 1132 1680 20),
1156 1607 1296 1678 quantum
1319 1607 1354 1658 tar
1365 1599 1532 1674 perceperit
1554 1595 1597 1654 cd

245 1683 325 1740 liceto
347 1697 441 1758 morse
463 1683 552 1758 dmm,
576 1687 626 1759 qni
649 1689 858 1748 astronomiam
880 1691 999 1766 insuper
1028 1689 1137 1750 babere
1167 1689 1266 1748 lateris
1295 1688 1442 1765 etiamque
1464 1690 1594 1744 contem·

247 1771 312 1828 sisti
335 1768 446 1845 supra?
490 1770 601 1830 Terncs
624 1772 748 1833 circulos
762 1792 817 1852 ego
833 1793 891 1836 non
915 1780 986 1854 Ipaie
1009 1777 1136 1838 motibus
1158 1775 1329 1853 periodicIs,
1351 1773 1403 1834 scd
1426 1771 1594 1848 regionibus

179 1881 182 1891 =
248 1859 383 1932 assigno,
407 1859 483 1917 intra
506 1875 579 1934 quas
602 1864 770 1922 coercentur
799 1871 904 1924 motus.
951 1866 1027 1941 Ergo
1051 1881 1151 1924 rerum
1180 1863 1228 1924 bic
1251 1862 1349 1922 dixisti
1376 1877 1428 1937 per
1450 1858 1594 1932 accidens,

249 1945 343 2003 orbita
373 1937 508 2021 planetae
539 1947 672 2022 aequalis
702 1957 747 2008 est
777 1948 884 2011 circuio
912 1953 1039 2028 regionis
1062 1970 1133 2013 errae
1160 1949 1273 2023 medio,
1303 1949 1463 2022 eademque
1486 1965 1504 2006 a
1526 1945 1595 2006 Sole

247 2040 293 2090 est
315 2036 485 2092 ecccntrica.
532 2033 568 2092 Et
591 2035 741 2111 quiajam
765 2040 910 2100 excusasti
934 2047 1015 2106 tuam
1039 2041 1076 2100 ab
1100 2041 1278 2100 aeconomia
1300 2043 1399 2096 noetm
1426 2035 1594 2112 peregrina-

245 2121 363 2193 tionem,
389 2123 497 2197 quippe
521 2122 548 2178 in
573 2119 661 2180 allam
684 2124 737 2182 tibi
760 2126 802 2183 sic
825 2125 931 2186 dictam
956 2129 1173 2201 astronomiam,
1196 2134 1228 2186 ut
1244 2133 1342 2186 tamen
1365 2122 1425 2182 tela
1446 2121 1499 2182 tibi
1522 2139 1594 2198 sup-

244 2215 349 2282 petant
369 2209 398 2264 in
424 2216 631 2282 astronomum,
656 2211 814 2286 transfugis
837 2214 925 2284 igitur
947 2215 984 2274 ad
1007 2215 1177 2292 theologos,
1196 2215 1304 2290 jubens
1327 2230 1373 2272 me
1396 2229 1430 2270 ex
1453 2210 1595 2284 scriptura

245 2296 378 2370 probarc,
403 2295 481 2369 quod
506 2296 587 2354 licus
611 2305 723 2358 creator
745 2300 891 2360 coelorum
922 2320 1073 2362 numerum
1102 2303 1289 2379 exquirique
1314 2299 1483 2376 corporibus
1505 2308 1594 2373 rogu-

245 2383 356 2441 iaribue
379 2381 568 2459 desumecrit3
597 2386 653 2444 uisi
677 2386 798 2460 laciam,
822 2405 879 2448 non
903 2397 933 2448 tu
958 2391 1028 2449 mibi
1053 2391 1151 2451 credes
1177 2389 1234 2450 boc
1255 2389 1405 2450 asserenti.
1451 2386 1530 2462 Ego,
1554 2385 1593 2443 mi

245 2469 388 2542 Rcbertc,
422 2473 448 2528 si
470 2477 499 2529 te
521 2473 643 2532 scissem
675 2490 710 2532 err
740 2473 884 2536 hocloco
916 2486 1129 2554 pugnaturum,
1162 2476 1251 2555 plane
1276 2493 1334 2536 non
1357 2474 1592 2550 comparuissem,

248 2556 329 2634 quod
351 2574 410 2616 rrno
432 2558 523 2617 verbo
546 2559 654 2620 dictum
677 2567 748 2620 estc.

331 2644 396 2704 Non
420 2644 528 2704 desinis
549 2665 596 2706 me
618 2665 749 2723 gravare,
772 2668 819 2710 me
842 2652 1046 2712 consonantias
1069 2651 1236 2712 barmoniae
1256 2667 1338 2710 meae
1360 2647 1495 2710 coelestis
1509 2645 1594 2708 aedi·-

245 2733 331 2792 ficare
346 2749 436 2809 super
447 2737 649 2810 proportiones
664 2735 765 2796 horum
782 2739 910 2814 quinque
926 2757 1086 2816 corporum.
1127 2741 1224 2816 Atque
1244 2737 1316 2797 nibil
1331 2736 1400 2797 illae
1415 2737 1510 2794 minus
1525 2742 1593 2794 sunt

246 2838 333 2897 quam
354 2821 549 2894 harmonicae,
574 2829 696 2900 excepta
718 2824 898 2886 tetraddricc.
945 2829 1126 2902 Cognatione
1150 2825 1267 2904 quidem
1281 2825 1382 2901 ailqua
1400 2821 1467 2882 lara
1490 2822 1592 2899 probo,

245 2907 321 2966 trebi
337 2915 429 2968 sertae
446 2907 612 2970 barmoniae
628 2913 745 2970 acertis
759 2912 868 2988 figuris,
888 2914 951 2990 jem
966 2922 1053 2974 antea
1069 2917 1142 2974 inter
1157 2915 1241 2974 orbes
1257 2912 1442 2989 interpositis,
1460 2917 1490 2970 at
1504 2911 1591 2986 ipsis·

244 2997 319 3054 eima
342 2999 371 3054 in
394 2995 546 3057 indiuiduo
569 3001 717 3074 proportio
740 3003 836 3060 canals
859 3002 959 3062 nititur
981 3002 1068 3078 longe
1090 3002 1233 3079 pluribus.
1277 3001 1345 3061 Nou
1366 2998 1505 3068 attulisti,
1530 2997 1592 3056 Ro-

244 3085 343 3154 berte,
367 3091 480 3142 tantum
504 3085 673 3160 dlligentiae
696 3086 734 3146 ed
756 3086 910 3164 legendnm
932 3090 1038 3149 librum
1061 3107 1156 3150 meum
1181 3091 1219 3163 V,
1249 3087 1517 3172 quantaccnvenit
1539 3085 1591 3158 illi,

245 3173 295 3245 qui
328 3171 405 3232 hunc
429 3171 492 3232 vnit
523 3173 705 3248 convellere;
739 3191 828 3251 quare
862 3179 1057 3253 praestitisset
1088 3187 1116 3238 te
1143 3177 1180 3239 de
1203 3179 1310 3254 ignotis
1343 3176 1487 3248 tacuisse,
1522 3175 1592 3250 quia

248 3258 344 3317 bonor
367 3277 425 3319 non
447 3277 542 3333 meus,
566 3260 617 3320 scil
641 3265 778 3320 creatoris
799 3267 904 3338 agitur.

334 3346 386 3407 Ad
411 3346 590 3424 Analyein
613 3347 701 3408 XIII.
748 3350 835 3409 Aliud
858 3359 954 3411 textus
978 3369 1059 3410 mene
1083 3351 1184 3420 texuit,
1209 3349 1289 3409 eliud
1311 3348 1440 3426 anelyeis
1455 3354 1507 3406 tun
1529 3337 1591 3404 dis-

223 3432 360 3493 ¹solvere
392 3435 567 3510 aggreditur.
613 3435 706 3512 Super
736 3440 833 3498 causis
863 3441 1129 3510 consonantiarum,
1163 3453 1222 3495 non
1250 3435 1312 3511 jam
1334 3452 1420 3511 snper
1442 3433 1591 3494 concinnis

246 3523 383 3593 minimis,
408 3540 474 3583 eum
496 3523 645 3584 veteribus
668 3525 739 3584 mibi
762 3527 977 3585 contentionem
1002 3541 1065 3584 cese
1089 3524 1162 3593 dixi,
1186 3523 1281 3597 deqne
1302 3525 1339 3582 iis
1361 3530 1390 3582 te
1412 3539 1449 3580 ne
1473 3519 1589 3596 quidem

247 3609 383 3683 cogitare,
407 3609 480 3670 adeo
504 3628 602 3670 rarum
626 3609 694 3683 diri,
719 3618 751 3670 ut
774 3612 861 3670 etiam
884 3629 930 3671 me
954 3612 989 3672 de
1012 3613 1049 3670 iis
1071 3611 1148 3669 clare
1172 3610 1313 3680 dicentem
1335 3627 1372 3669 ne
1395 3608 1512 3685 quidem
1536 3625 1590 3666 err-
1626 3679 1629 3688 1

246 3696 363 3768 audias,
385 3697 542 3774 respondes
561 3699 643 3756 enim
666 3696 702 3758 de
725 3699 873 3759 concinnis
896 3697 1035 3772 dissonis,
1065 3715 1121 3756 non
1146 3697 1181 3758 de
1205 3698 1410 3760 consonantiis.
1457 3697 1520 3771 Age
1543 3702 1590 3753 ta-

245 3801 320 3855 men,
343 3787 521 3859 penetremus
544 3788 631 3844 etiarn
654 3784 714 3860 illa,
738 3803 813 3861 quae
836 3786 889 3844 abe
912 3793 941 3846 te
965 3785 1002 3846 de
1024 3792 1089 3844 crtn
1113 3787 1317 3846 concinnomm
1339 3792 1406 3844 suut
1428 3783 1516 3844 dicte.

329 3870 419 3932 Recte
449 3873 556 3933 foratae
584 3891 678 3932 meam
712 3876 914 3950 negationem:
947 3874 1108 3948 internodiis
1137 3875 1273 3933 consonis
1294 3888 1351 3930 non
1373 3873 1501 3949 positam
1525 3887 1590 3930 esse

244 3975 426 4019 communem
450 3977 615 4022 mensuram
639 3960 827 4020 numeralem.
875 3963 914 4020 At
936 3964 1078 4021 rationem
1102 3964 1217 4020 unicam
1248 3976 1334 4020 ame
1362 3959 1506 4037 prolatam
1537 3958 1591 4030 eis,

243 4063 320 4122 quac
341 4049 416 4106 ratio
438 4057 535 4108 tamen
558 4065 616 4109 ncn
640 4055 694 4108 est.
737 4047 804 4108 Hoc
827 4048 945 4110 voluisti
970 4049 1074 4120 dicere,
1097 4057 1126 4110 te
1143 4056 1258 4125 praeter
1273 4049 1387 4108 unicam
1410 4047 1491 4108 iliam
1506 4046 1590 4104 eimi-

242 4125 409 4206 litudinem'‚
445 4135 481 4195 de
503 4136 675 4212 pusionibus
699 4134 843 4196 bominem
867 4138 1120 4214 componendbus,
1151 4135 1224 4196 nibli
1246 4133 1414 4212 intelligere.
1460 4133 1590 4194 Ratloe

241 4237 289 4280 me
311 4219 390 4281 diota
411 4221 486 4282 baec
508 4231 565 4282 eet:
596 4226 799 4301 proportiones
823 4226 896 4285 inter
918 4243 950 4285 ee
973 4241 1031 4284 non
1054 4223 1229 4303 multiplices
1253 4230 1321 4282 eunt
1342 4225 1591 4284 incommensura-

243 4306 325 4382 biles,
350 4309 505 4371 Intervalla
529 4327 659 4370 consona
681 4319 749 4370 eunt
770 4315 972 4388 proportiones
999 4314 1074 4371 inter
1097 4329 1128 4372 ee
1154 4329 1212 4372 non
1235 4311 1423 4387 multiplices,
1456 4319 1590 4389 praeter-

143 4401 150 4418 '
242 4385 331 4472 quiam
355 4397 510 4456 intervalla
533 4397 692 4472 diapason,
726 4416 794 4475 ergo
817 4399 972 4460 intervalla
994 4416 1122 4460 consona
1152 4408 1266 4477 praeter
1288 4397 1430 4476 diapason
1453 4406 1520 4458 runt
1542 4401 1590 4456 in-

244 4484 529 4544 commensurabiIia.
573 4484 660 4546 Haeo
680 4488 753 4544 ratic
777 4489 887 4546 invicta
909 4496 969 4559 est,
1003 4505 1092 4562 nuere
1115 4487 1187 4546 nibil
1210 4485 1330 4561 impedit
1361 4485 1406 4546 vai
1432 4487 1587 4559 ,unicam“

243 4588 316 4630 esee.
362 4571 465 4647 Neque
487 4579 585 4632 tamon
609 4571 677 4632 binc
699 4572 794 4634 solum
816 4574 923 4648 iniero,
947 4561 1076 4634 cone'cna
1099 4575 1246 4638 concinnis
1269 4590 1333 4632 esse
1355 4580 1461 4632 natura
1482 4576 1588 4650 priora.

241 4659 316 4718 Nam
340 4661 427 4719 etiarn
450 4667 581 4723 veterum
605 4659 713 4736 aliqui,
745 4662 795 4734 qui
818 4663 1022 4722 consonantiae
1052 4680 1116 4723 esee
1145 4661 1451 4722 incommensurabiles
1482 4678 1589 4736 negare

242 4763 300 4806 non
324 4753 479 4824 poterant,
501 4748 643 4808 concinna
665 4754 770 4806 natura
791 4749 887 4824 priora
910 4750 1048 4809 iecerunt.
1093 4749 1151 4810 Sed
1173 4749 1246 4808 baec
1269 4755 1313 4808 est
1344 4747 1483 4808 illationis
1506 4763 1589 4810 meae

242 4851 341 4908 cauea,
366 4835 435 4910 quia
456 4849 594 4910 masona,
617 4840 651 4898 ct
672 4834 853 4898 diatessaron
878 4831 934 4920 il„
959 4835 1095 4917 diapente
1110 4832 1168 4922 is„
1190 4841 1386 4898 monstrantur
1406 4853 1459 4913 par
1480 4836 1589 4914 figurae
