3676 5536
299 357 358 448 1'92
822 381 864 436 De
882 379 1106 452 Propontionibus

379 561 420 619 Il.
444 560 518 620 Nam
548 558 628 636 quod
652 557 756 618 attinet
784 561 952 634 primarium
982 557 1054 617 illud
1085 567 1115 619 et
1148 533 1336 636 praecipuum
1373 567 1477 620 cantus
1505 557 1642 620 melodici

188 667 216 708 ¹.
297 648 520 722 condimentum,
544 647 762 719 dissonantiam,
785 648 910 722 primum
933 645 998 704 illas
1021 654 1135 722 oportet
1158 646 1306 707 desumtas
1322 665 1387 708 essa
1410 665 1468 706 non
1492 665 1527 707 ex
1550 649 1642 708 inter-

296 736 375 795 vallo
399 752 572 812 quocunque
595 731 783 811 drappnorp,
812 733 864 793 sed
894 751 929 793 ex
957 734 1118 792 intervallis
1147 723 1304 794 concinnis.
1348 735 1424 795 Nam
1456 738 1526 812 quia
1555 751 1642 794 voces

296 823 471 899 singulares,
507 823 545 882 ad
574 838 754 882 communem
785 828 957 881 concentum
987 830 1205 894 concurrentes,
1242 821 1323 882 nulla
1356 823 1514 882 admittunt
1551 824 1644 881 intar-

298 911 376 970 valla
399 913 454 968 nisi
478 912 627 981 concinna,
651 911 724 966 inter
746 923 834 966 sonos
859 908 995 985 deinceps
1018 909 1222 982 succedentes,
1250 918 1319 968 sunt
1341 927 1410 968 vero
1434 909 1567 986 ejusdem
1588 925 1642 986 ge-

297 1001 372 1058 neris
396 1007 425 1057 et
447 1000 522 1070 toni,
551 1004 583 1054 nt
605 997 634 1052 in
658 993 823 1055 delinitione
846 997 1051 1071 praemissum:
1080 997 1164 1056 iacile
1188 1003 1279 1072 patet,
1309 999 1334 1055 si
1357 1015 1416 1056 una
1437 997 1538 1073 aliqua
1568 999 1644 1054 inter

247 1109 251 1116 ⁴
297 1086 370 1145 tales
393 1087 584 1145 constituatur
607 1082 758 1142 harmonia
780 1085 860 1158 (cum
884 1084 1037 1144 barmonia
1060 1085 1153 1143 omnis
1176 1087 1204 1142 in
1223 1087 1364 1144 concinna
1387 1085 1565 1144 dissolvatur
1581 1083 1643 1144 ala-

297 1175 427 1246 menta),
459 1171 540 1230 nulla
561 1169 741 1248 singularum
771 1169 961 1246 divagatione
991 1172 1028 1229 ab
1057 1179 1181 1230 octavae
1203 1187 1274 1232 suae
1301 1171 1398 1232 radice
1427 1171 1489 1232 lieri
1512 1189 1643 1248 unquam

296 1277 391 1337 posse,
415 1265 447 1318 ut
469 1260 555 1319 binae
577 1261 650 1317 inter
676 1276 708 1318 se
731 1257 811 1316 alind
835 1275 924 1333 qnam
946 1261 1118 1318 concinnum
1149 1259 1258 1318 iaciant
1286 1259 1485 1334 intervallum,
1516 1259 1585 1319 licet
1614 1259 1643 1317 id

296 1365 353 1408 non
377 1363 491 1422 semper
513 1349 552 1406 sit
574 1343 780 1424 consonum.*)
824 1343 959 1404 Secundo
983 1348 1038 1408 etsi
1061 1355 1243 1422 praestantes
1265 1347 1389 1408 artifices
1405 1355 1525 1406 utuntur
1547 1350 1640 1406 inter-

296 1435 364 1494 dum
388 1435 574 1494 dissonantiis
597 1432 771 1508 majoribus,
796 1423 839 1490 s'ic
861 1441 893 1491 ut
916 1433 1070 1493 dissonans
1093 1450 1152 1494 vox
1174 1445 1243 1493 tono
1266 1436 1379 1510 integro
1410 1435 1498 1494 distat
1519 1436 1557 1494 ab
1580 1433 1641 1506 illa,

296 1541 373 1600 quae
396 1523 616 1586 consonantiam
638 1522 754 1592 iaceret,
779 1518 808 1576 id
831 1528 927 1580 tamen
951 1537 1009 1578 non
1031 1520 1179 1594 ritaliter,
1202 1522 1258 1581 nisi
1282 1522 1319 1581 ad
1339 1522 1529 1600 gravissimos
1551 1523 1641 1581 animi

296 1619 393 1670 motus
425 1607 626 1686 exprimendos
655 1615 684 1667 et
711 1606 878 1667 eliciendos.
925 1606 1080 1668 Ordinaria
1110 1626 1179 1669 vero
1209 1617 1239 1669 et
1266 1625 1329 1668 cum
1355 1610 1541 1686 jucunditate
1571 1625 1640 1670 oon·

295 1701 395 1776 juncta
422 1715 516 1775 eoque
539 1694 679 1754 naturalis
709 1694 924 1770 quodammodo
957 1695 1137 1756 dissonantia
1159 1699 1313 1757 semitonio
1342 1697 1500 1758 coniicitur.
1544 1695 1640 1772 Hujus

296 1789 337 1846 rei
361 1803 451 1846 causa
472 1801 594 1857 rursum,
618 1790 650 1841 ut
671 1781 867 1858 respondeant
888 1783 992 1842 ultima
1013 1786 1123 1860 primis,
1149 1783 1308 1861 repetenda
1330 1793 1375 1844 est
1396 1803 1432 1845 ex
1454 1784 1640 1861 penitissimis

296 1876 476 1950 geometriae
498 1871 701 1944 fundamentis,
731 1887 768 1930 ex
790 1887 854 1946 cap.
881 1875 907 1928 1.
930 1873 1128 1930 axiomatibus
1151 1875 1179 1930 2.
1209 1880 1238 1930 et
1261 1874 1289 1930 3.
1319 1890 1413 1949 exque
1442 1871 1517 1933 libro
1545 1873 1639 1948 primo

297 1969 326 2022 et
348 1959 592 2037 contemplatione
614 1957 850 2034 quindeoanguli.
895 1958 977 2040 Cum
992 1962 1068 2018 enim
1099 1961 1284 2018 semitonium
1307 1963 1490 2019 contincatur
1512 1961 1639 2019 numeris

299 2050 337 2108 lb
361 2057 390 2108 et
415 2050 470 2121 16,
501 2057 530 2107 et
554 2065 623 2106 vero
649 2060 707 2104 non
729 2053 842 2104 mutum
872 2017 1068 2122 sedeca'ugula
1098 2045 1191 2121 figura
1213 2046 1488 2108 demonstrationem
1519 2047 1637 2120 babeat,

296 2135 348 2196 aed
378 2139 465 2196 etiam
495 2131 745 2211 quindecangnla:
776 2149 878 2209 purum
908 2131 1043 2209 equidem
1066 2133 1174 2207 abluit,
1205 2137 1273 2210 quin
1302 2129 1371 2214 991,
1398 2137 1483 2195 nobis
1506 2134 1638 2194 deliniret

294 2207 511 2302 proportionem
533 2222 743 2293 harmonicam,
775 2237 829 2280 nec
851 2221 946 2280 minus
979 2227 1008 2282 ei
1030 2221 1177 2280 derivatae
1200 2223 1237 2281 ab
1260 2239 1296 2282 aa
1323 2175 1379 2304 9978
1402 2233 1432 2281 et
1459 2217 1563 2302 ¹⁵14st
1590 2218 1638 2302 ¹⁵l,

296 2322 326 2373 et
352 2307 420 2394 lbs„
443 2319 472 2370 et
499 2306 580 2392 ¹⁵)04,
603 2317 670 2368 autc
693 2325 793 2368 omnes
820 2302 884 2387 ¹⁵l„
915 2308 985 2368 illae
1006 2326 1045 2367 sc.
1070 2325 1144 2384 quas
1166 2310 1335 2368 creberrimo
1359 2311 1561 2386 coruponistae
1583 2308 1638 2368 ad·

296 2402 413 2460 mittunt
435 2397 473 2457 ad
496 2397 691 2458 dissonantias
711 2395 857 2471 legitimas
882 2395 1119 2470 conformandam
1146 2413 1201 2456 nec
1223 2405 1285 2456 erat
1306 2397 1390 2456 nobis
1414 2399 1548 2471 exceptio
1571 2397 1638 2468 alia,

296 2505 384 2564 quam
406 2487 487 2558 baec,
510 2485 588 2562 qnod
611 2483 818 2543 demonstratio
840 2481 1127 2560 pentekae'decegoni
1150 2500 1208 2542 non
1231 2493 1308 2544 esset
1323 2485 1502 2544 conformata
1517 2501 1636 2544 numero

296 2575 468 2652 angulorum
490 2573 600 2650 figurae
622 2569 797 2643 immediate,
821 2578 854 2628 ut
876 2579 998 2644 ceterae,
1022 2589 1116 2648 eoque
1139 2587 1196 2630 non
1218 2573 1343 2649 propria,
1368 2571 1419 2631 sed
1443 2590 1479 2632 ex
1503 2570 1639 2634 differan-

296 2663 374 2721 tibus
395 2662 502 2737 liguris,
524 2663 638 2736 trigono
662 2665 691 2717 et
713 2664 878 2734 pentagono
901 2664 1078 2718 transsumta
1101 2665 1130 2716 et
1152 2661 1194 2718 sic
1217 2661 1383 2718 mutuatitia
1407 2667 1436 2719 et
1454 2662 1639 2719 remotissimi

296 2749 420 2825 gradus3
443 2751 521 2820 item,
546 2745 623 2824 quod
646 2743 770 2821 angulus
793 2743 912 2821 quidem
935 2744 1221 2824 pentelaedecagoni
1245 2755 1415 2824 congruerat
1435 2747 1501 2806 aliis
1523 2747 1562 2806 ad
1585 2748 1639 2806 im·

296 2835 435 2914 plendom
455 2834 552 2895 locum
574 2833 702 2911 planum,
725 2840 757 2892 at
779 2839 842 2892 tota
864 2832 957 2906 figura
977 2851 1042 2892 cum
1059 2834 1194 2894 omnibns
1210 2835 1324 2910 angulis
1340 2837 1560 2910 congruentiam
1582 2851 1638 2894 non

296 2922 470 2984 admitteret
515 2921 588 2982 Cum
609 2923 696 2997 igitur
721 2915 784 3000 ¹⁵4,
808 2927 837 2980 et
859 2922 957 2980 sociae
980 2923 1092 2982 ratione
1115 2939 1221 2981 causae
1241 2922 1445 2982 conformantis
1468 2928 1528 2981 tarn
1552 2939 1639 2999 prope

297 3011 500 3070 consonantias
523 3008 671 3081 accedant,
695 3006 766 3084 quid
793 3010 907 3079 mirum,
930 3008 995 3068 illas
1018 3011 1106 3070 etiam
1130 3025 1184 3067 usu
1207 3010 1306 3069 crebro
1337 3012 1412 3069 inter
1433 3012 1640 3088 consonantias

296 3097 457 3158 admisceri.
503 3097 611 3156 Contra
635 3111 703 3156 vero
726 3096 788 3155 toni
811 3091 851 3175 Sl,
874 3102 903 3154 et
926 3090 978 3176 ⁹l„
1001 3095 1100 3157 alteris
1116 3098 1246 3155 torminis
1268 3096 1437 3173 nonangulo
1453 3099 1638 3174 participant,

297 3185 390 3262 ligura
411 3185 526 3260 penitus
548 3181 811 3256 indemonstrabili,
843 3199 932 3258 quara
962 3185 1020 3243 ιιοιιΙ
1043 3201 1164 3257 suaves,
1194 3183 1245 3242 sed
1269 3187 1386 3244 omnino
1415 3184 1550 3244 horridae
1572 3193 1639 3244 sunt

296 3271 503 3347 dissonantiae,
527 3289 577 3350 per
599 3271 663 3330 illos
687 3286 843 3344 eorumque
866 3273 964 3330 socias
984 3274 1184 3349 proportiones
1207 3269 1260 3353 (⁸,s
1292 3282 1321 3331 et
1344 3267 1383 3354 ²9)
1412 3280 1442 3332 et
1469 3267 1508 3354 Ἃ,
1531 3280 1561 3332 et
1586 3267 1639 3353 ⁹2„

297 3369 326 3420 et
350 3355 421 3442 Ἅι,
443 3361 486 3419 sic
508 3352 547 3440 ⁹l,
569 3367 598 3418 et
626 3353 673 3438 ¹⁸s,
696 3367 726 3417 et
750 3353 802 3437 ³⁶7,
833 3365 861 3416 et
884 3352 940 3438 Q„
963 3363 1038 3429 etl
1013 3355 1065 3439 ill„
1089 3355 1156 3438 etc.)
1178 3358 1338 3433 admissae,
1367 3359 1519 3436 multoque
1543 3359 1638 3418 borri-

297 3447 402 3520 diores,
425 3465 500 3524 quae
523 3464 559 3506 cx
580 3448 685 3504 tritono
708 3433 737 3505 'et
759 3443 862 3506 mutilo
886 3445 1021 3520 diapente
1049 3446 1252 3522 similibusque
1282 3447 1443 3506 intervallis
1468 3446 1639 3538 conflantur,

297 3536 333 3596 de
357 3536 460 3612 quibus
484 3533 550 3594 vida
573 3534 738 3608 Ariusium
769 3533 899 3593 oriuntur
922 3533 999 3591 enim
1030 3541 1096 3610 post
1118 3540 1203 3592 tonos
1225 3533 1364 3608 majorem
1396 3540 1425 3593 st
1447 3530 1589 3594 minorem
1613 3543 1640 3592 et

296 3625 490 3694 semitonium,
513 3639 553 3682 sc.
577 3639 612 3681 ex
634 3621 736 3680 borum
759 3629 791 3680 ul
813 3619 1020 3678 elementorum
1044 3621 1253 3699 compositione
1274 3638 1331 3681 non
1354 3619 1495 3695 bannali,
1527 3639 1640 3700 semper

296 3721 397 3774 antem
421 3718 561 3786 quantum
584 3727 602 3768 a
623 3717 744 3780 natura,
768 3712 880 3766 tantum
903 3724 922 3765 a
943 3710 1099 3767 suavitate·
1116 3707 1281 3767 disceditur.

384 3795 483 3856 Tertio
507 3804 617 3855 ceteras
640 3795 883 3854 dissonantiarum
905 3794 986 3870 leges
1009 3791 1132 3855 alterum
1155 3813 1253 3855 aarum
1275 3812 1380 3854 nomen
1404 3797 1546 3868 insinuat,
1574 3811 1637 3854 cnm

298 3901 445 3964 syncopae
472 3882 671 3962 appellantem
702 3884 756 3942 etsi
784 3882 840 3941 boo
868 3889 912 3941 est
944 3898 1096 3942 commune
1128 3881 1263 3942 accidens
1293 3890 1353 3942 tam
1384 3881 1637 3954 dissonantiarum,

298 3991 385 4050 quam
408 3971 638 4050 imperiectarum
660 3971 930 4042 consonantiarum,
958 3971 1010 4031 scd
1034 3987 1110 4029 nunc
1141 3971 1177 4030 de
1201 3970 1389 4030 dissonantiis
1415 3971 1539 4045 agimus.
1586 3969 1642 4028 Or·

298 4060 409 4120 dinarie
431 4061 508 4120 enim
530 4059 586 4118 boc
609 4064 720 4130 tenent,
754 4065 785 4117 ut
808 4073 843 4116 ea
865 4063 983 4116 utantur
1013 4075 1066 4118 ceu
1097 4059 1236 4118 fermento
1263 4066 1314 4117 ant
1339 4057 1401 4118 sale
1431 4065 1483 4116 aut
1504 4055 1589 4116 aceto
1612 4059 1640 4114 in

298 4150 440 4224 opsoniis,
464 4145 583 4220 scilicet,
607 4151 639 4203 ut
661 4162 695 4204 ex
718 4145 776 4204 illis
798 4161 855 4204 non
878 4145 951 4203 fiunt
974 4147 1086 4222 integra
1108 4145 1226 4218 fercula,
1250 4147 1293 4204 sie
1312 4148 1400 4204 etiam
1423 4144 1545 4204 hicnon
1561 4151 1639 4204 totae

297 4239 463 4309 cantiones,
486 4237 542 4294 uisi
565 4249 689 4308 magnae
711 4232 883 4311 emphaseos
906 4249 1009 4306 causa,
1041 4239 1154 4292 scatent
1177 4233 1381 4308 dissonantiis3
1411 4249 1465 4292 nec
1487 4249 1553 4292 cum
1577 4234 1639 4308 ipso

297 4327 391 4382 tactus
412 4323 555 4400 principio
577 4337 637 4380 vox
659 4337 717 4379 una
739 4318 838 4395 aliqua
860 4322 1001 4397 incipiens
1023 4321 1143 4380 incurrit
1165 4323 1193 4379 in
1217 4329 1328 4380 ceteras
1350 4327 1552 4392 consonantes,
1577 4322 1640 4396 ipsa

299 4407 431 4483 dissona,
453 4409 506 4470 sed
528 4409 627 4472 furtim
648 4415 677 4466 et
700 4405 790 4466 veluti
812 4410 1005 4483 tergiversata
1028 4407 1237 4468 dissonantiam
1266 4407 1407 4481 admittit,
1438 4407 1507 4466 dum
1531 4411 1560 4466 in
1586 4423 1640 4466 nno

298 4493 363 4553 loco
379 4500 562 4573 systematis,
585 4513 673 4572 quem
695 4495 849 4571 occupavit
872 4495 988 4555 sublato
1012 4501 1091 4554 tactu
1114 4505 1143 4555 et
1165 4499 1208 4555 sic
1223 4497 1374 4572 posteriori
1390 4496 1541 4571 minusque
1561 4498 1640 4572 prin·

239 4631 243 4640 .
299 4582 387 4658 cipali
409 4591 489 4658 parte
512 4591 607 4643 tactus
629 4585 769 4659 incipiens
791 4600 893 4642 sonum
917 4591 1041 4652 certum,
1065 4584 1312 4643 consentientibus
1335 4582 1462 4658 reliquis,
1485 4590 1553 4660 post
1574 4581 1640 4640 illas

299 4667 394 4728 linitas
417 4671 482 4746 ipsa
503 4669 612 4730 diutius
636 4680 664 4729 et
686 4671 762 4730 ultra
784 4672 957 4748 principium
979 4674 1128 4745 sequentis
1151 4679 1246 4730 tactus
1268 4679 1405 4744 moratur,
1432 4673 1476 4746 sip
1499 4679 1531 4729 ut
1555 4687 1640 4732 vocas

300 4819 470 4918 ”malitia
483 4819 576 4862 loannis
590 4821 672 4864 llarlas
686 4823 772 4865 Arturll
786 4823 936 4866 Bononiensis
955 4824 994 4863 lib.
1009 4821 1040 4864 ll.
1062 4823 1089 4866 da
1110 4825 1158 4866 arta
1172 4825 1329 4876 componendi,
1351 4823 1389 4874 qul
1407 4826 1469 4864 totus
1492 4827 1527 4866 ιιι
1548 4823 1575 4866 ιιι
1597 4823 1639 4864 ‹lla-
