3732 5528
835 339 976 411 Apologia.
1339 367 1346 376 ·
1454 369 1458 384 ·
1513 351 1576 410 sss

231 529 293 582 tota
316 523 447 582 oratioue
469 528 519 581 tua
542 520 725 597 ventilanda,
749 519 841 580 mults
864 518 1052 596 elucidanda,
1075 521 1169 582 multa
1190 522 1357 600 refutanda,
1381 523 1578 600 quaedamst

231 609 417 687 recipiends3
440 611 491 670 sed
515 611 583 686 quia
607 626 664 669 non
689 618 733 668 est
755 611 920 668 institutum
943 609 1038 685 operis
1061 611 1118 668 mei
1141 609 1318 686 harmonici,
1353 611 1389 672 dc
1411 613 1490 670 sonis
1514 611 1577 669 dis·

229 688 341 774 putarc'
357 705 474 776 propter
496 691 640 774 ae'ipsos,
664 697 714 756 sed
739 696 774 755 de
797 712 935 755 sonorum
957 699 1077 756 interae
1092 699 1337 773 proportionibus,
1362 701 1458 758 missis
1476 701 1576 775 itaque

229 785 426 845 locutionibus
458 787 515 843 tuis
552 785 760 863 multiplicibus
797 799 942 860 apponam
980 783 1105 860 paucula
1137 803 1172 843 ex
1203 793 1268 844 mea
1297 789 1451 846 sententia.
1502 785 1576 844 Mihi
1642 783 1645 790 ’

230 875 305 932 enirn
330 889 419 948 quam
441 872 566 948 plurima
588 874 723 931 sonantia
747 871 942 930 consideranti
965 888 1022 930 nou
1039 873 1117 929 bona
1141 870 1256 932 videtur
1278 875 1335 936 iaia
1352 873 1480 933 definitio
1501 875 1577 948 soni,

232 977 293 1037 qna
317 969 348 1018 tu
371 961 471 1018 niteris
493 977 546 1036 per
566 949 846 1034 totum‘fere,'eum
868 975 957 1017 sonus
980 961 1166 1035 percussione
1190 963 1266 1019 aeris
1291 959 1439 1033 definitur,
1464 963 1492 1018 in
1517 977 1585 1038 quo
1609 955 1611 960 ’

230 1063 336 1124 corpus
359 1063 467 1106 sonans
491 1050 632 1106 consistit.
676 1047 752 1106 Nam
781 1049 888 1105 rectius
918 1063 973 1122 ego
997 1045 1154 1105 definivero
1185 1063 1289 1107 sonum
1320 1051 1447 1125 speeiem
1471 1052 1577 1107 imma·

226 1137 364 1194 teriatam
378 1135 516 1212 corporis
538 1133 659 1210 pulsati,
688 1137 718 1192 in
741 1143 883 1211 quantum
908 1133 936 1191 id
961 1141 989 1192 et
1012 1133 1166 1210 figuratum
1195 1147 1224 1194 et
1247 1135 1369 1194 densum
1393 1144 1437 1194 est
1459 1136 1506 1194 vel
1529 1154 1577 1196 ra-

227 1240 301 1296 rum,
325 1223 382 1281 boc
405 1232 449 1281 est
472 1226 537 1282 altre
561 1223 639 1282 intus
661 1222 823 1297 infarctum,
847 1230 877 1281 et
899 1223 928 1278 in
951 1230 1093 1298 quantum
1117 1229 1161 1282 est
1179 1221 1282 1281 durum
1306 1224 1353 1283 rel
1368 1221 1465 1282 molle.
1502 1223 1577 1282 Nam

228 1326 350 1386 corpora
378 1317 474 1369 motus
502 1310 643 1369 violentie
665 1312 791 1386 speciem
822 1308 945 1367 induunt
967 1307 1098 1382 duritiei,
1128 1324 1194 1368 cum
1216 1312 1274 1370 sint
1296 1310 1407 1370 mollis.
1451 1309 1504 1368 Est
1527 1312 1578 1370 ubi

226 1395 321 1473 figura
350 1395 490 1456 violentia
519 1399 699 1474 transspireti
730 1399 803 1457 sitris
827 1399 953 1476 speciem
983 1397 1071 1454 aliam
1094 1395 1204 1470 induit,
1237 1407 1266 1458 et
1287 1399 1417 1458 foramen
1449 1398 1577 1476 amplum
1675 1407 1677 1417 '

226 1487 355 1562 speciem
383 1487 501 1562 praebet
532 1487 718 1562 angustioris.
764 1484 813 1543 Sic
843 1485 936 1542 tensio
968 1482 1107 1542 mollibus
1135 1482 1270 1546 duritiem
1303 1485 1448 1545 conciliat.
1495 1486 1577 1544 Dura

229 1588 300 1631 vero
325 1589 414 1630 causa
437 1573 549 1631 sonitus
573 1575 799 1649 aeqrriparantur
822 1572 968 1643 brevibus,
993 1573 1210 1648 comparatione
1233 1573 1424 1650 longitudinis
1447 1572 1484 1632 sd
1508 1574 1577 1633 lati·
1607 1570 1610 1582 “

227 1657 377 1735 tudinem,
400 1677 468 1717 iram
493 1668 520 1718 et
542 1659 668 1718 latitudo
691 1677 743 1718 ssu
767 1661 912 1718 crassities
941 1666 969 1717 et
993 1657 1111 1717 durities
1134 1659 1311 1720 flexibilitati
1341 1653 1492 1736 derogant.
1539 1657 1578 1720 Ut

227 1763 293 1806 eum
318 1749 424 1806 vitrum
453 1747 578 1806 rotundo
607 1746 690 1806 labro
720 1745 830 1806 affricta
862 1745 945 1822 digiti
976 1747 1103 1806 humecti
1126 1749 1254 1806 sonitum
1279 1747 1355 1822 edit,
1386 1751 1449 1825 ipss
1473 1755 1576 1806 rotun·

228 1833 306 1894 ditas
325 1835 387 1910 jam
411 1843 543 1894 censetur
565 1851 617 1911 pro
640 1834 828 1912 longitudine.
874 1833 957 1892 Haec
978 1833 1141 1910 longitudo,
1167 1851 1262 1894 vacuo
1286 1838 1370 1910 vitro,
1394 1836 1483 1894 babet
1506 1835 1576 1908 latis

227 1921 357 1980 tudinem
381 1928 505 1994 tantam,
535 1931 644 1997 quanta
667 1930 711 1980 est
733 1919 915 1999 profunditas
945 1921 1024 1979 illius
1049 1924 1148 1995 vacui,
1181 1930 1267 1982 sonat
1290 1925 1378 1998 igitur
1400 1932 1495 1982 acute.
1542 1923 1573 1982 Si

226 2012 392 2068 successive
416 2009 577 2087 impleatur,
603 2009 726 2068 demitur
747 2007 893 2067 latitudini
920 2007 1043 2084 jamque
1064 2007 1189 2068 rotunda
1218 2027 1325 2069 sensns
1349 2011 1502 2086 longitudo
1525 2027 1574 2070 re·
1645 2059 1649 2064 .

214 2104 330 2173 'spectu
354 2095 512 2156 diminutae
528 2095 698 2156 latitudinis
722 2103 854 2155 censetur
877 2097 1007 2171 longior,
1036 2113 1125 2156 sonus
1148 2099 1237 2174 igitar
1259 2102 1446 2174 ingravescit.
1485 2098 1575 2158 Talis

224 2185 319 2242 mults
342 2187 507 2244 coacervari
537 2192 659 2263 possent
690 2201 708 2242 a
738 2185 826 2243 variis
858 2185 1063 2260 experimentis
1091 2187 1258 2244 sonantium
1283 2185 1416 2245 deducm.
1464 2184 1575 2244 Verum

225 2271 272 2330 bis
296 2273 408 2344 missis,
440 2289 515 2348 quae
539 2280 606 2330 sunt
629 2269 823 2332 indifferentia
851 2255 991 2348 respaciu'
1008 2279 1124 2332 nostrae
1154 2272 1391 2351 disceptationis,
1424 2289 1514 2350 pergo
1538 2273 1575 2331 sd

224 2359 339 2436 reliqua
361 2366 413 2417 tua
436 2368 615 2435 argumenta.

319 2445 460 2506 Videmus
490 2449 533 2507 ais
563 2451 655 2505 stiam
683 2449 716 2504 in
740 2445 887 2522 physicis,
918 2463 965 2504 res
987 2462 1089 2506 ornnes
1118 2463 1155 2507 es
1175 2448 1238 2505 suis
1262 2449 1426 2522 principiis
1447 2447 1575 2524 conflari

225 2539 376 2608 tanquam
406 2551 442 2593 aa
466 2533 609 2609 partibas
631 2541 659 2592 ct
680 2551 743 2593 aon
766 2541 915 2608 tanquam
945 2535 1068 2593 minora
1097 2551 1134 2594 cc
1155 2534 1334 2607 majoribus.
1380 2533 1420 2592 At
1443 2536 1494 2593 abi
1518 2551 1574 2611 ego

226 2621 295 2692 dixi,
320 2625 463 2680 concinna
486 2629 518 2679 ut
539 2625 651 2680 minora
674 2621 791 2680 conflari
816 2637 849 2679 ex
874 2622 1009 2679 consonis
1033 2629 1064 2678 ut
1086 2621 1256 2697 majoribus,
1282 2631 1421 2698 tauquam
1448 2639 1484 2681 ex
1507 2639 1577 2698 par-

224 2707 330 2767 tibus?
374 2707 538 2782 Praeterea,
562 2711 612 2767 ubi
634 2716 665 2767 tu
689 2709 789 2766 vidisti
811 2723 940 2784 unquam
963 2725 1024 2768 rem
1046 2707 1214 2787 physicam,
1243 2703 1316 2785 puts
1333 2726 1437 2788 corpus
1461 2711 1577 2770 enima-

223 2793 269 2868 lis,
295 2795 414 2854 conflari
438 2814 473 2856 ex
496 2799 556 2855 suis
580 2797 720 2874 partibus,
744 2812 795 2853 seu
819 2795 1027 2872 integralibus,
1051 2806 1083 2853 ut
1106 2814 1141 2856 ex
1165 2799 1275 2874 capite,
1301 2803 1415 2868 trunco,
1439 2797 1576 2873 pedibus,

225 2899 280 2942 ssu
303 2882 496 2956 similaribus,
521 2891 553 2942 ut
575 2901 610 2942 ex
634 2900 727 2954 carue,
752 2882 838 2958 adipe
861 2892 891 2945 ei
914 2880 981 2941 aliis
1003 2881 1197 2958 hujusmodi?
1241 2883 1346 2943 Nonne
1370 2887 1467 2944 omnia
1489 2884 1576 2943 simul

223 2965 356 3030 oriuntur
384 2988 419 3029 ax
442 2971 561 3029 similari
592 2987 689 3030 massa
718 2972 837 3028 seminis
860 2968 1003 3048 producta
1030 2989 1047 3028 a
1070 2971 1211 3031 facultate
1239 2971 1428 3030 formatrice?
1472 2971 1576 3031 Nonne

222 3057 323 3133 aliqua
347 3057 461 3118 demum
484 3067 642 3118 nascuntur
664 3065 730 3134 post
753 3073 856 3134 corpus
875 3057 938 3133 jam
960 3058 1123 3132 formatum,
1149 3067 1181 3117 ut
1204 3057 1303 3134 adeps,
1327 3077 1436 3135 semen,
1461 3059 1573 3134 dentes,

223 3146 326 3218 barba,
349 3147 461 3221 pubes,
486 3147 513 3203 in
537 3145 655 3204 animali
679 3145 808 3204 cornua?
852 3145 984 3204 Dissolvi
1008 3163 1078 3205 sane
1100 3156 1226 3222 possunt
1248 3145 1394 3208 naturalis
1424 3149 1453 3204 in
1476 3154 1575 3224 partes

224 3231 410 3308 hujusmodi,
439 3233 684 3310 quemadmodum
708 3243 736 3292 et
758 3251 814 3309 ego
837 3232 952 3307 doceo,
974 3249 1103 3293 consona
1126 3231 1248 3292 dissolvi
1272 3237 1301 3292 in
1326 3237 1476 3296 concinna.
1501 3233 1576 3294 =Vls

223 3329 256 3378 ut
280 3320 495 3380 accommodem
525 3323 644 3399 propius
667 3329 761 3380 ortum
784 3322 992 3380 cancianorum
1022 3321 1061 3380 sd
1085 3331 1178 3380 ortum
1212 3323 1338 3398 partium
1361 3320 1575 3399 physicarum?

223 3405 368 3468 Tentsbo.
415 3407 551 3466 Consons
573 3406 728 3468 intervalla
749 3417 819 3466 sunt
841 3409 1031 3484 quantitates,
1054 3425 1158 3485 eorpus
1176 3408 1301 3468 hominis
1317 3410 1404 3466 etiarn
1421 3417 1465 3467 est
1480 3425 1575 3484 quan-

223 3504 295 3552 tum.
340 3495 483 3555 Consonis
513 3513 618 3555 nomen
650 3500 816 3573 punitura
837 3511 957 3553 numero
981 3497 1185 3552 concinnatum
1217 3498 1245 3552 in
1268 3497 1359 3570 ipsis,
1390 3505 1419 3553 et
1442 3499 1573 3573 corporis

223 3584 392 3658 proceritati
415 3585 639 3642 mensurationis
663 3599 768 3641 nomen
797 3579 882 3640 datur
905 3597 923 3640 s
944 3595 1066 3640 numero
1089 3581 1212 3658 pedum,
1243 3581 1454 3658 spithamsrum
1478 3593 1507 3640 et
1529 3582 1575 3640 di·

221 3671 355 3746 gitorum.
403 3671 448 3730 lbi
471 3673 613 3733 concinna
635 3669 834 3729 mensurantis
857 3676 924 3726 sunt
948 3684 1086 3726 excessua
1109 3685 1305 3728 consonorum
1336 3685 1422 3746 snper
1445 3685 1575 3728 consona

222 3757 441 3835 formanturque
463 3777 482 3818 a
503 3767 608 3817 natura
632 3757 905 3832 contemperationis
928 3754 1113 3815 harmonicae
1137 3758 1165 3813 in
1184 3757 1311 3832 perfecte
1328 3755 1484 3816 intervallo
1508 3756 1594 3817 dis·.

221 3861 331 3921 pason,
355 3845 402 3905 bie
425 3849 513 3905 etiarn
536 3863 603 3923 pes,
628 3845 791 3922 epithema,
814 3843 923 3919 digitus
947 3843 1087 3903 formatur
1113 3845 1141 3900 in
1166 3846 1230 3920 ipso
1255 3858 1375 3920 corpore
1399 3842 1532 3903 arrimslis
1556 3862 1575 3903 a

219 3933 385 3994 formatrice
409 3934 555 3992 facultate.
601 3931 787 4008 Quamquam
809 3930 905 3990 adhuc
928 3929 1073 3991 claudicat
1095 3931 1123 3987 in
1141 3947 1175 3990 eo
1198 3931 1368 4006 similitudo,
1395 3932 1474 4008 quod
1491 3931 1575 3992 aliter

220 4037 277 4096 pes
299 4021 329 4077 in
351 4020 468 4080 homine
491 4022 645 4094 formatur,
670 4019 755 4079 aliter
777 4025 863 4078 tonus
888 4018 1094 4078 determinatur
1119 4021 1147 4076 in
1172 4017 1323 4097 diapason.

308 4107 483 4170 Indireetam
515 4111 558 4166 ais
589 4125 652 4194 esse
675 4124 769 4166 meam
793 4109 1001 4182 assertionem,
1033 4122 1098 4166 cum
1128 4107 1202 4177 dixi,
1236 4109 1341 4185 cuique
1365 4109 1574 4168 consonantiae

222 4211 305 4254 susrn
329 4213 393 4256 esse
417 4213 534 4255 causam
558 4193 727 4268 internam.'
757 4193 863 4254 Nescio
895 4194 964 4272 qnid
995 4211 1101 4272 argues
1132 4194 1188 4252 bac
1210 4212 1292 4255 voce.
1330 4194 1435 4254 ‘Video
1467 4203 1573 4269 tamen,

221 4290 250 4341 te
273 4278 448 4343 aberrarem
470 4299 535 4342 meo
557 4299 653 4341 sensu.
701 4282 744 4340 De
768 4282 819 4341 illa
843 4299 932 4342 eausa
955 4281 1014 4342 dixi
1038 4299 1108 4358 ego,
1141 4268 1217 4358 quac
1240 4282 1333 4341 forms
1357 4290 1401 4342 est
1432 4285 1573 4342 termino·

221 4387 284 4429 rum
307 4371 511 4449 proportionis,
536 4378 567 4429 at
591 4368 766 4446 triangulum
789 4371 881 4446 ipsius
905 4368 1057 4446 diapente,
1082 4370 1222 4429 diameter
1245 4372 1338 4446 ipsius
1361 4368 1517 4445 diapason,
1542 4378 1573 4429 tu

224 4458 260 4516 de
284 4467 390 4534 apanis
413 4459 623 4536 opponia‚·nac
646 4457 792 4533 quodnam
815 4459 853 4516 sit
876 4457 946 4516 illud
971 4475 1062 4533 agens
1079 4457 1198 4517 indicas.
1245 4458 1335 4535 Atqui
1359 4459 1384 4515 si
1408 4456 1443 4517 de
1466 4466 1574 4535 agente

180 4571 184 4578 ·
223 4549 358 4622 quaestio
383 4552 522 4614 estium
546 4544 669 4604 etmihi
693 4562 798 4621 agens,
829 4543 857 4602 id
881 4552 926 4604 est
948 4541 1106 4605 concilians
1129 4545 1310 4624 proportioni
1333 4561 1416 4603 susm
1438 4548 1574 4605 suavita·

223 4640 283 4692 tem
305 4637 335 4691 in
359 4632 476 4708 auditu,
501 4640 546 4694 est
568 4649 649 4692 mens
673 4648 766 4708 esque
790 4649 848 4689 una
871 4641 900 4690 et
923 4631 1024 4691 eadem
1047 4649 1099 4708 per
1122 4649 1223 4693 omnes
1246 4633 1463 4693 consonantias.

309 4719 378 4780 Alio
402 4724 512 4797 impetu
535 4728 622 4798 capto
645 4735 735 4797 negas
758 4719 927 4795 imperfecta
957 4723 1036 4777 nasei
1061 4741 1078 4779 a
1101 4720 1251 4797 perfectis,
1283 4721 1423 4779 concinne
1453 4719 1573 4780 dissona

131 4793 138 4810 '
175 4872 176 4876 ,
223 4825 241 4868 a
272 4809 417 4869 consonis.
461 4807 545 4885 Nega
574 4805 678 4868 eodem
708 4814 894 4883 argumento,
927 4805 1054 4884 perfecta
1085 4807 1219 4886 componi
1248 4823 1286 4868 ex
1314 4807 1504 4883 imperfectis,
1538 4815 1572 4868 ut
