<?xml version="1.0" encoding="UTF-8"?>
<!DOCTYPE html PUBLIC "-//W3C//DTD XHTML 1.0 Transitional//EN"
    "http://www.w3.org/TR/xhtml1/DTD/xhtml1-transitional.dtd">
<html xmlns="http://www.w3.org/1999/xhtml" xml:lang="en" lang="en">
 <head>
  <title>
</title>
<meta http-equiv="Content-Type" content="text/html;charset=utf-8" />
  <meta name='ocr-system' content='tesseract 3.04.00' />
  <meta name='ocr-capabilities' content='ocr_page ocr_carea ocr_par ocr_line ocrx_word'/>
</head>
<body>
  <div class='ocr_page' id='page_1' title='image "./joanniskepleria26frisgoog_0385.png"; bbox 0 0 3698 5534; ppageno 0'>
   <div class='ocr_carea' id='block_1_1' title="bbox 286 335 1116 444">
    <p class='ocr_par' dir='ltr' id='par_1_1' title="bbox 286 335 1116 444">
     <span class='ocr_line' id='line_1_1' title="bbox 286 335 1116 444; baseline -0.016 0"><span class='ocrx_word' id='word_1_1' title='bbox 286 335 349 444; x_wconf 70' lang='grc' dir='ltr'><strong>ιιι</strong></span> <span class='ocrx_word' id='word_1_2' title='bbox 452 427 454 432; x_wconf 87' lang='grc'>.</span> <span class='ocrx_word' id='word_1_3' title='bbox 796 373 944 430; x_wconf 87' lang='lat' dir='ltr'><strong>Ptolemaei</strong></span> <span class='ocrx_word' id='word_1_4' title='bbox 960 371 1116 431; x_wconf 84' lang='lat' dir='ltr'><strong>Harmonia.</strong></span> 
     </span>
    </p>
   </div>
   <div class='ocr_carea' id='block_1_2' title="bbox 283 553 1635 986">
    <p class='ocr_par' dir='ltr' id='par_1_2' title="bbox 283 553 1635 986">
     <span class='ocr_line' id='line_1_2' title="bbox 283 553 1634 636; baseline -0.004 -16"><span class='ocrx_word' id='word_1_5' title='bbox 283 557 431 636; x_wconf 80' lang='lat' dir='ltr'><strong>iaclllora3</strong></span> <span class='ocrx_word' id='word_1_6' title='bbox 455 565 485 619; x_wconf 92' lang='lat' dir='ltr'><strong>et</strong></span> <span class='ocrx_word' id='word_1_7' title='bbox 506 575 620 618; x_wconf 78' lang='lat' dir='ltr'><strong>mesum</strong></span> <span class='ocrx_word' id='word_1_8' title='bbox 641 575 707 618; x_wconf 92' lang='lat' dir='ltr'><strong>curu</strong></span> <span class='ocrx_word' id='word_1_9' title='bbox 730 573 783 636; x_wconf 87' lang='lat' dir='ltr'><strong>ea,</strong></span> <span class='ocrx_word' id='word_1_10' title='bbox 805 571 882 633; x_wconf 91' lang='lat' dir='ltr'><strong>quae</strong></span> <span class='ocrx_word' id='word_1_11' title='bbox 905 557 971 614; x_wconf 89' lang='lat' dir='ltr'><strong>risu</strong></span> <span class='ocrx_word' id='word_1_12' title='bbox 993 556 1111 632; x_wconf 88' lang='lat' dir='ltr'><strong>cognita</strong></span> <span class='ocrx_word' id='word_1_13' title='bbox 1134 561 1216 630; x_wconf 89' lang='lat' dir='ltr'><strong>sont,</strong></span> <span class='ocrx_word' id='word_1_14' title='bbox 1243 557 1366 636; x_wconf 80' lang='lat' dir='ltr'><strong>poe&#39;tlcls</strong></span> <span class='ocrx_word' id='word_1_15' title='bbox 1390 553 1634 634; x_wconf 75' lang='lat' dir='ltr'><strong>descriptionibus</strong></span> 
     </span>
     <span class='ocr_line' id='line_1_3' title="bbox 284 643 1635 730; baseline -0.003 -24"><span class='ocrx_word' id='word_1_16' title='bbox 284 653 538 724; x_wconf 75' lang='lat' dir='ltr'><strong>repraesentantur</strong></span> <span class='ocrx_word' id='word_1_17' title='bbox 560 645 730 730; x_wconf 81' lang='lat' dir='ltr'><strong>advirum,</strong></span> <span class='ocrx_word' id='word_1_18' title='bbox 753 652 787 704; x_wconf 92' lang='lat' dir='ltr'><strong>ut</strong></span> <span class='ocrx_word' id='word_1_19' title='bbox 807 651 875 703; x_wconf 90' lang='lat' dir='ltr'><strong>sunt</strong></span> <span class='ocrx_word' id='word_1_20' title='bbox 895 643 1036 703; x_wconf 90' lang='lat' dir='ltr'><strong>fluctuum</strong></span> <span class='ocrx_word' id='word_1_21' title='bbox 1059 651 1196 722; x_wconf 87' lang='lat' dir='ltr'><strong>aspectus</strong></span> <span class='ocrx_word' id='word_1_22' title='bbox 1225 651 1253 702; x_wconf 91' lang='grc' dir='ltr'><strong>ιι</strong></span> <span class='ocrx_word' id='word_1_23' title='bbox 1275 643 1407 704; x_wconf 90' lang='lat' dir='ltr'><strong>locorum</strong></span> <span class='ocrx_word' id='word_1_24' title='bbox 1429 643 1520 703; x_wconf 86' lang='lat' dir='ltr'><strong>iacies</strong></span> <span class='ocrx_word' id='word_1_25' title='bbox 1543 645 1635 728; x_wconf 75' lang='lat' dir='ltr'><strong>situs·</strong></span> 
     </span>
     <span class='ocr_line' id='line_1_4' title="bbox 290 729 1635 812; baseline -0.003 -18"><span class='ocrx_word' id='word_1_26' title='bbox 290 751 346 811; x_wconf 90' lang='lat' dir='ltr'><strong>que</strong></span> <span class='ocrx_word' id='word_1_27' title='bbox 370 739 400 794; x_wconf 91' lang='lat' dir='ltr'><strong>et</strong></span> <span class='ocrx_word' id='word_1_28' title='bbox 420 751 537 812; x_wconf 81' lang='lat' dir='ltr'><strong>pugnae</strong></span> <span class='ocrx_word' id='word_1_29' title='bbox 561 741 589 794; x_wconf 88' lang='grc' dir='ltr'><strong>ιι</strong></span> <span class='ocrx_word' id='word_1_30' title='bbox 612 733 768 793; x_wconf 77' lang='lat' dir='ltr'><strong>affectuum</strong></span> <span class='ocrx_word' id='word_1_31' title='bbox 792 733 881 792; x_wconf 88' lang='lat' dir='ltr'><strong>animi</strong></span> <span class='ocrx_word' id='word_1_32' title='bbox 905 732 1127 791; x_wconf 80' lang='lat' dir='ltr'><strong>constitutiones</strong></span> <span class='ocrx_word' id='word_1_33' title='bbox 1150 731 1337 806; x_wconf 88' lang='lat' dir='ltr'><strong>subitaneae;</strong></span> <span class='ocrx_word' id='word_1_34' title='bbox 1360 729 1435 792; x_wconf 89' lang='lat' dir='ltr'><strong>adeo</strong></span> <span class='ocrx_word' id='word_1_35' title='bbox 1451 731 1578 809; x_wconf 89' lang='lat' dir='ltr'><strong>quidem,</strong></span> <span class='ocrx_word' id='word_1_36' title='bbox 1603 735 1635 791; x_wconf 89' lang='lat' dir='ltr'><strong>ut</strong></span> 
     </span>
     <span class='ocr_line' id='line_1_5' title="bbox 284 815 1635 905; baseline -0.004 -23"><span class='ocrx_word' id='word_1_37' title='bbox 284 821 449 882; x_wconf 89' lang='lat' dir='ltr'><strong>auditorum</strong></span> <span class='ocrx_word' id='word_1_38' title='bbox 479 820 569 880; x_wconf 89' lang='lat' dir='ltr'><strong>animi</strong></span> <span class='ocrx_word' id='word_1_39' title='bbox 598 821 751 897; x_wconf 82' lang='lat' dir='ltr'><strong>speciebus</strong></span> <span class='ocrx_word' id='word_1_40' title='bbox 778 827 958 878; x_wconf 87' lang='lat' dir='ltr'><strong>narratarum</strong></span> <span class='ocrx_word' id='word_1_41' title='bbox 997 827 1025 878; x_wconf 91' lang='lat' dir='ltr'><strong>et</strong></span> <span class='ocrx_word' id='word_1_42' title='bbox 1056 815 1266 905; x_wconf 89' lang='lat' dir='ltr'><strong>descriptorum</strong></span> <span class='ocrx_word' id='word_1_43' title='bbox 1296 836 1391 891; x_wconf 88' lang='lat' dir='ltr'><strong>rerum</strong></span> <span class='ocrx_word' id='word_1_44' title='bbox 1419 819 1635 882; x_wconf 76' lang='lat' dir='ltr'><strong>conformentur</strong></span> 
     </span>
     <span class='ocr_line' id='line_1_6' title="bbox 284 899 1248 986; baseline -0.005 -18"><span class='ocrx_word' id='word_1_45' title='bbox 284 926 342 969; x_wconf 92' lang='lat' dir='ltr'><strong>uon</strong></span> <span class='ocrx_word' id='word_1_46' title='bbox 365 926 465 983; x_wconf 91' lang='lat' dir='ltr'><strong>secus,</strong></span> <span class='ocrx_word' id='word_1_47' title='bbox 489 926 524 968; x_wconf 94' lang='lat' dir='ltr'><strong>ac</strong></span> <span class='ocrx_word' id='word_1_48' title='bbox 545 911 570 968; x_wconf 88' lang='lat' dir='ltr'><strong>si</strong></span> <span class='ocrx_word' id='word_1_49' title='bbox 592 907 658 968; x_wconf 88' lang='lat' dir='ltr'><strong>illas</strong></span> <span class='ocrx_word' id='word_1_50' title='bbox 682 925 778 970; x_wconf 85' lang='lat' dir='ltr'><strong>coram</strong></span> <span class='ocrx_word' id='word_1_51' title='bbox 802 899 1079 986; x_wconf 67' lang='lat' dir='ltr'><strong>intueremurffl)</strong></span> <span class='ocrx_word' id='word_1_52' title='bbox 1238 953 1248 982; x_wconf 83' lang='lat'><strong>,</strong></span> 
     </span>
    </p>
   </div>
   <div class='ocr_carea' id='block_1_3' title="bbox 280 1027 1635 2332">
    <p class='ocr_par' dir='ltr' id='par_1_3' title="bbox 280 1027 1635 2332">
     <span class='ocr_line' id='line_1_7' title="bbox 372 1027 1634 1109; baseline 0 -19"><span class='ocrx_word' id='word_1_53' title='bbox 372 1029 422 1090; x_wconf 86' lang='lat' dir='ltr'><strong>Sic</strong></span> <span class='ocrx_word' id='word_1_54' title='bbox 444 1033 544 1106; x_wconf 88' lang='lat' dir='ltr'><strong>itaque</strong></span> <span class='ocrx_word' id='word_1_55' title='bbox 566 1031 615 1109; x_wconf 84' lang='lat' dir='ltr'><strong>fit,</strong></span> <span class='ocrx_word' id='word_1_56' title='bbox 648 1038 681 1089; x_wconf 92' lang='lat' dir='ltr'><strong>ut</strong></span> <span class='ocrx_word' id='word_1_57' title='bbox 703 1029 761 1089; x_wconf 88' lang='lat' dir='ltr'><strong>duo</strong></span> <span class='ocrx_word' id='word_1_58' title='bbox 784 1030 832 1088; x_wconf 88' lang='lat' dir='ltr'><strong>isti</strong></span> <span class='ocrx_word' id='word_1_59' title='bbox 854 1045 959 1089; x_wconf 88' lang='lat' dir='ltr'><strong>sensns</strong></span> <span class='ocrx_word' id='word_1_60' title='bbox 986 1044 1045 1087; x_wconf 91' lang='lat' dir='ltr'><strong>non</strong></span> <span class='ocrx_word' id='word_1_61' title='bbox 1067 1045 1102 1088; x_wconf 91' lang='lat' dir='ltr'><strong>eo</strong></span> <span class='ocrx_word' id='word_1_62' title='bbox 1126 1027 1236 1102; x_wconf 88' lang='lat' dir='ltr'><strong>solum,</strong></span> <span class='ocrx_word' id='word_1_63' title='bbox 1266 1027 1344 1105; x_wconf 93' lang='lat' dir='ltr'><strong>quod</strong></span> <span class='ocrx_word' id='word_1_64' title='bbox 1370 1032 1487 1106; x_wconf 91' lang='lat' dir='ltr'><strong>propria</strong></span> <span class='ocrx_word' id='word_1_65' title='bbox 1509 1030 1634 1106; x_wconf 81' lang='lat' dir='ltr'><strong>quilibet</strong></span> 
     </span>
     <span class='ocr_line' id='line_1_8' title="bbox 283 1116 1633 1195; baseline 0 -18"><span class='ocrx_word' id='word_1_66' title='bbox 283 1117 403 1193; x_wconf 87' lang='lat' dir='ltr'><strong>objecta</strong></span> <span class='ocrx_word' id='word_1_67' title='bbox 425 1119 564 1195; x_wconf 83' lang='lat' dir='ltr'><strong>percipit.</strong></span> <span class='ocrx_word' id='word_1_68' title='bbox 594 1117 645 1178; x_wconf 91' lang='lat' dir='ltr'><strong>sed</strong></span> <span class='ocrx_word' id='word_1_69' title='bbox 670 1120 758 1176; x_wconf 88' lang='lat' dir='ltr'><strong>etiam</strong></span> <span class='ocrx_word' id='word_1_70' title='bbox 781 1133 826 1190; x_wconf 91' lang='lat' dir='ltr'><strong>eo,</strong></span> <span class='ocrx_word' id='word_1_71' title='bbox 850 1116 928 1192; x_wconf 94' lang='lat' dir='ltr'><strong>quod</strong></span> <span class='ocrx_word' id='word_1_72' title='bbox 952 1116 1104 1177; x_wconf 85' lang='lat' dir='ltr'><strong>conterunt</strong></span> <span class='ocrx_word' id='word_1_73' title='bbox 1125 1133 1230 1192; x_wconf 80' lang='lat' dir='ltr'><strong>operes</strong></span> <span class='ocrx_word' id='word_1_74' title='bbox 1259 1123 1288 1176; x_wconf 89' lang='grc' dir='ltr'><strong>ιι</strong></span> <span class='ocrx_word' id='word_1_75' title='bbox 1310 1124 1432 1176; x_wconf 89' lang='lat' dir='ltr'><strong>conatus</strong></span> <span class='ocrx_word' id='word_1_76' title='bbox 1454 1125 1572 1177; x_wconf 88' lang='lat' dir='ltr'><strong>mutuos</strong></span> <span class='ocrx_word' id='word_1_77' title='bbox 1595 1116 1633 1177; x_wconf 87' lang='lat' dir='ltr'><strong>ad</strong></span> 
     </span>
     <span class='ocr_line' id='line_1_9' title="bbox 284 1203 1635 1281; baseline -0.001 -15"><span class='ocrx_word' id='word_1_78' title='bbox 284 1203 423 1266; x_wconf 88' lang='lat' dir='ltr'><strong>discendo</strong></span> <span class='ocrx_word' id='word_1_79' title='bbox 453 1213 484 1276; x_wconf 86' lang='grc' dir='ltr'><strong>Ιιι</strong></span> <span class='ocrx_word' id='word_1_80' title='bbox 512 1204 736 1281; x_wconf 88' lang='lat' dir='ltr'><strong>contemplanda</strong></span> <span class='ocrx_word' id='word_1_81' title='bbox 766 1203 834 1276; x_wconf 89' lang='lat' dir='ltr'><strong>illa,</strong></span> <span class='ocrx_word' id='word_1_82' title='bbox 866 1220 942 1280; x_wconf 89' lang='lat' dir='ltr'><strong>quse</strong></span> <span class='ocrx_word' id='word_1_83' title='bbox 972 1203 1115 1279; x_wconf 87' lang='lat' dir='ltr'><strong>cujusque</strong></span> <span class='ocrx_word' id='word_1_84' title='bbox 1144 1204 1269 1280; x_wconf 58' lang='lat' dir='ltr'><strong>propria«</strong></span> <span class='ocrx_word' id='word_1_85' title='bbox 1282 1205 1400 1280; x_wconf 79' lang='grc' dir='ltr'><strong>Ιιιιιιιιι</strong></span> <span class='ocrx_word' id='word_1_86' title='bbox 1429 1205 1574 1265; x_wconf 85' lang='lat' dir='ltr'><strong>elaborari</strong></span> <span class='ocrx_word' id='word_1_87' title='bbox 1604 1213 1635 1264; x_wconf 90' lang='lat' dir='ltr'><strong>et</strong></span> 
     </span>
     <span class='ocr_line' id='line_1_10' title="bbox 282 1289 1633 1370; baseline -0.002 -16"><span class='ocrx_word' id='word_1_88' title='bbox 282 1291 571 1368; x_wconf 80' lang='lat' dir='ltr'><strong>compleri-debent,</strong></span> <span class='ocrx_word' id='word_1_89' title='bbox 593 1301 626 1352; x_wconf 92' lang='lat' dir='ltr'><strong>ut</strong></span> <span class='ocrx_word' id='word_1_90' title='bbox 649 1301 771 1368; x_wconf 90' lang='lat' dir='ltr'><strong>utroque</strong></span> <span class='ocrx_word' id='word_1_91' title='bbox 793 1290 897 1364; x_wconf 89' lang='lat' dir='ltr'><strong>modo,</strong></span> <span class='ocrx_word' id='word_1_92' title='bbox 921 1293 1055 1366; x_wconf 87' lang='lat' dir='ltr'><strong>inquam,</strong></span> <span class='ocrx_word' id='word_1_93' title='bbox 1086 1289 1240 1369; x_wconf 90' lang='lat' dir='ltr'><strong>plurimum</strong></span> <span class='ocrx_word' id='word_1_94' title='bbox 1263 1290 1416 1368; x_wconf 82' lang='lat' dir='ltr'><strong>proliciunt</strong></span> <span class='ocrx_word' id='word_1_95' title='bbox 1441 1291 1479 1352; x_wconf 86' lang='lat' dir='ltr'><strong>sd</strong></span> <span class='ocrx_word' id='word_1_96' title='bbox 1502 1292 1633 1370; x_wconf 89' lang='lat' dir='ltr'><strong>pulchri·</strong></span> 
     </span>
     <span class='ocr_line' id='line_1_11' title="bbox 282 1377 1634 1456; baseline 0 -18"><span class='ocrx_word' id='word_1_97' title='bbox 282 1379 412 1440; x_wconf 86' lang='lat' dir='ltr'><strong>tudinem</strong></span> <span class='ocrx_word' id='word_1_98' title='bbox 436 1389 465 1440; x_wconf 89' lang='lat' dir='ltr'><strong>et</strong></span> <span class='ocrx_word' id='word_1_99' title='bbox 488 1379 659 1453; x_wconf 80' lang='lat' dir='ltr'><strong>utilitatem,</strong></span> <span class='ocrx_word' id='word_1_100' title='bbox 684 1382 784 1456; x_wconf 90' lang='lat' dir='ltr'><strong>sicque</strong></span> <span class='ocrx_word' id='word_1_101' title='bbox 806 1395 865 1438; x_wconf 93' lang='lat' dir='ltr'><strong>nou</strong></span> <span class='ocrx_word' id='word_1_102' title='bbox 888 1381 944 1455; x_wconf 91' lang='lat' dir='ltr'><strong>ipsi</strong></span> <span class='ocrx_word' id='word_1_103' title='bbox 967 1386 1089 1452; x_wconf 90' lang='lat' dir='ltr'><strong>tautum,</strong></span> <span class='ocrx_word' id='word_1_104' title='bbox 1112 1377 1165 1438; x_wconf 88' lang='lat' dir='ltr'><strong>sod</strong></span> <span class='ocrx_word' id='word_1_105' title='bbox 1185 1381 1273 1437; x_wconf 88' lang='lat' dir='ltr'><strong>etiam</strong></span> <span class='ocrx_word' id='word_1_106' title='bbox 1295 1381 1444 1453; x_wconf 91' lang='lat' dir='ltr'><strong>scientiae,</strong></span> <span class='ocrx_word' id='word_1_107' title='bbox 1468 1397 1543 1456; x_wconf 90' lang='lat' dir='ltr'><strong>quae</strong></span> <span class='ocrx_word' id='word_1_108' title='bbox 1564 1387 1634 1438; x_wconf 91' lang='lat' dir='ltr'><strong>suut</strong></span> 
     </span>
     <span class='ocr_line' id='line_1_12' title="bbox 282 1461 1633 1545; baseline -0.001 -17"><span class='ocrx_word' id='word_1_109' title='bbox 282 1467 414 1528; x_wconf 89' lang='lat' dir='ltr'><strong>alterutri</strong></span> <span class='ocrx_word' id='word_1_110' title='bbox 437 1462 613 1540; x_wconf 76' lang='lat' dir='ltr'><strong>familiares,</strong></span> <span class='ocrx_word' id='word_1_111' title='bbox 627 1474 670 1528; x_wconf 59' lang='lat' dir='ltr'><strong>,ut</strong></span> <span class='ocrx_word' id='word_1_112' title='bbox 693 1483 827 1543; x_wconf 86' lang='lat' dir='ltr'><strong>quasque</strong></span> <span class='ocrx_word' id='word_1_113' title='bbox 849 1463 967 1527; x_wconf 87' lang='lat' dir='ltr'><strong>illarum</strong></span> <span class='ocrx_word' id='word_1_114' title='bbox 989 1475 1035 1526; x_wconf 90' lang='grc' dir='ltr'><strong>ιιι</strong></span> <span class='ocrx_word' id='word_1_115' title='bbox 1056 1461 1169 1525; x_wconf 84' lang='lat' dir='ltr'><strong>ratione</strong></span> <span class='ocrx_word' id='word_1_116' title='bbox 1192 1467 1318 1526; x_wconf 86' lang='lat' dir='ltr'><strong>maxime</strong></span> <span class='ocrx_word' id='word_1_117' title='bbox 1340 1469 1503 1545; x_wconf 76' lang='lat' dir='ltr'><strong>partlcsps3</strong></span> <span class='ocrx_word' id='word_1_118' title='bbox 1531 1467 1633 1542; x_wconf 87' lang='lat' dir='ltr'><strong>cujus-</strong></span> 
     </span>
     <span class='ocr_line' id='line_1_13' title="bbox 284 1551 1632 1632; baseline -0.001 -18"><span class='ocrx_word' id='word_1_119' title='bbox 284 1552 363 1614; x_wconf 88' lang='lat' dir='ltr'><strong>modi</strong></span> <span class='ocrx_word' id='word_1_120' title='bbox 388 1563 433 1614; x_wconf 89' lang='lat' dir='ltr'><strong>cst</strong></span> <span class='ocrx_word' id='word_1_121' title='bbox 456 1573 491 1616; x_wconf 87' lang='lat' dir='ltr'><strong>ax</strong></span> <span class='ocrx_word' id='word_1_122' title='bbox 514 1564 597 1632; x_wconf 90' lang='lat' dir='ltr'><strong>parto</strong></span> <span class='ocrx_word' id='word_1_123' title='bbox 620 1553 739 1631; x_wconf 88' lang='lat' dir='ltr'><strong>quidem</strong></span> <span class='ocrx_word' id='word_1_124' title='bbox 761 1557 843 1612; x_wconf 89' lang='lat' dir='ltr'><strong>visus</strong></span> <span class='ocrx_word' id='word_1_125' title='bbox 867 1562 895 1613; x_wconf 91' lang='lat' dir='ltr'><strong>et</strong></span> <span class='ocrx_word' id='word_1_126' title='bbox 914 1561 1015 1612; x_wconf 88' lang='lat' dir='ltr'><strong>motus</strong></span> <span class='ocrx_word' id='word_1_127' title='bbox 1030 1551 1134 1612; x_wconf 87' lang='lat' dir='ltr'><strong>localis</strong></span> <span class='ocrx_word' id='word_1_128' title='bbox 1157 1569 1266 1626; x_wconf 89' lang='lat' dir='ltr'><strong>eorum,</strong></span> <span class='ocrx_word' id='word_1_129' title='bbox 1290 1570 1365 1628; x_wconf 89' lang='lat' dir='ltr'><strong>quae</strong></span> <span class='ocrx_word' id='word_1_130' title='bbox 1381 1557 1448 1613; x_wconf 88' lang='lat' dir='ltr'><strong>risu</strong></span> <span class='ocrx_word' id='word_1_131' title='bbox 1462 1554 1527 1614; x_wconf 86' lang='lat' dir='ltr'><strong>solo</strong></span> <span class='ocrx_word' id='word_1_132' title='bbox 1550 1571 1632 1616; x_wconf 90' lang='lat' dir='ltr'><strong>corn·</strong></span> 
     </span>
     <span class='ocr_line' id='line_1_14' title="bbox 281 1640 1632 1721; baseline 0.001 -21"><span class='ocrx_word' id='word_1_133' title='bbox 281 1641 423 1721; x_wconf 89' lang='lat' dir='ltr'><strong>prehendi</strong></span> <span class='ocrx_word' id='word_1_134' title='bbox 446 1647 585 1720; x_wconf 88' lang='lat' dir='ltr'><strong>possimt,</strong></span> <span class='ocrx_word' id='word_1_135' title='bbox 614 1641 673 1702; x_wconf 93' lang='lat' dir='ltr'><strong>hoc</strong></span> <span class='ocrx_word' id='word_1_136' title='bbox 702 1649 747 1701; x_wconf 92' lang='grc' dir='ltr'><strong>ιιι</strong></span> <span class='ocrx_word' id='word_1_137' title='bbox 769 1640 940 1701; x_wconf 86' lang='lat' dir='ltr'><strong>coelestium</strong></span> <span class='ocrx_word' id='word_1_138' title='bbox 964 1657 1132 1718; x_wconf 89' lang='lat' dir='ltr'><strong>corpomm,</strong></span> <span class='ocrx_word' id='word_1_139' title='bbox 1163 1645 1355 1713; x_wconf 75' lang='lat' dir='ltr'><strong>astronomia,</strong></span> <span class='ocrx_word' id='word_1_140' title='bbox 1385 1657 1421 1700; x_wconf 88' lang='lat' dir='ltr'><strong>ex</strong></span> <span class='ocrx_word' id='word_1_141' title='bbox 1452 1649 1534 1718; x_wconf 90' lang='lat' dir='ltr'><strong>parts</strong></span> <span class='ocrx_word' id='word_1_142' title='bbox 1563 1648 1632 1702; x_wconf 83' lang='lat' dir='ltr'><strong>vero</strong></span> 
     </span>
     <span class='ocr_line' id='line_1_15' title="bbox 282 1724 1632 1807; baseline -0.001 -17"><span class='ocrx_word' id='word_1_143' title='bbox 282 1731 480 1790; x_wconf 80' lang='lat' dir='ltr'><strong>astronomiae</strong></span> <span class='ocrx_word' id='word_1_144' title='bbox 513 1738 543 1790; x_wconf 89' lang='lat' dir='ltr'><strong>et</strong></span> <span class='ocrx_word' id='word_1_145' title='bbox 576 1729 759 1789; x_wconf 87' lang='lat' dir='ltr'><strong>harmonicas</strong></span> <span class='ocrx_word' id='word_1_146' title='bbox 782 1724 1010 1807; x_wconf 60' lang='lat' dir='ltr'><strong>cognationi).</strong></span> <span class='ocrx_word' id='word_1_147' title='bbox 1058 1727 1184 1787; x_wconf 82' lang='lat' dir='ltr'><strong>Auditus</strong></span> <span class='ocrx_word' id='word_1_148' title='bbox 1214 1738 1243 1786; x_wconf 92' lang='lat' dir='ltr'><strong>et</strong></span> <span class='ocrx_word' id='word_1_149' title='bbox 1270 1737 1366 1787; x_wconf 88' lang='lat' dir='ltr'><strong>motus</strong></span> <span class='ocrx_word' id='word_1_150' title='bbox 1396 1731 1498 1788; x_wconf 82' lang='lat' dir='ltr'><strong>iterum</strong></span> <span class='ocrx_word' id='word_1_151' title='bbox 1530 1728 1632 1789; x_wconf 90' lang='lat' dir='ltr'><strong>localis</strong></span> 
     </span>
     <span class='ocr_line' id='line_1_16' title="bbox 282 1814 1633 1893; baseline 0 -16"><span class='ocrx_word' id='word_1_152' title='bbox 282 1831 398 1890; x_wconf 88' lang='lat' dir='ltr'><strong>corum,</strong></span> <span class='ocrx_word' id='word_1_153' title='bbox 422 1833 498 1893; x_wconf 92' lang='lat' dir='ltr'><strong>quae</strong></span> <span class='ocrx_word' id='word_1_154' title='bbox 520 1815 621 1877; x_wconf 91' lang='lat' dir='ltr'><strong>auditu</strong></span> <span class='ocrx_word' id='word_1_155' title='bbox 647 1817 713 1877; x_wconf 90' lang='lat' dir='ltr'><strong>solo</strong></span> <span class='ocrx_word' id='word_1_156' title='bbox 737 1814 940 1892; x_wconf 79' lang='lat' dir='ltr'><strong>comprehendi</strong></span> <span class='ocrx_word' id='word_1_157' title='bbox 963 1823 1102 1893; x_wconf 90' lang='lat' dir='ltr'><strong>possunt,</strong></span> <span class='ocrx_word' id='word_1_158' title='bbox 1126 1815 1182 1874; x_wconf 92' lang='lat' dir='ltr'><strong>boc</strong></span> <span class='ocrx_word' id='word_1_159' title='bbox 1205 1823 1249 1874; x_wconf 92' lang='lat' dir='ltr'><strong>est</strong></span> <span class='ocrx_word' id='word_1_160' title='bbox 1270 1833 1421 1876; x_wconf 87' lang='lat' dir='ltr'><strong>sonorum:</strong></span> <span class='ocrx_word' id='word_1_161' title='bbox 1450 1816 1633 1892; x_wconf 88' lang='lat' dir='ltr'><strong>harmoniae;</strong></span> 
     </span>
     <span class='ocr_line' id='line_1_17' title="bbox 281 1899 1633 1980; baseline -0.001 -16"><span class='ocrx_word' id='word_1_162' title='bbox 281 1906 386 1964; x_wconf 87' lang='lat' dir='ltr'><strong>ambae</strong></span> <span class='ocrx_word' id='word_1_163' title='bbox 409 1899 528 1980; x_wconf 88' lang='lat' dir='ltr'><strong>quidem</strong></span> <span class='ocrx_word' id='word_1_164' title='bbox 550 1906 687 1963; x_wconf 82' lang='lat' dir='ltr'><strong>ministris</strong></span> <span class='ocrx_word' id='word_1_165' title='bbox 711 1911 740 1966; x_wconf 92' lang='lat' dir='ltr'><strong>et</strong></span> <span class='ocrx_word' id='word_1_166' title='bbox 761 1905 960 1963; x_wconf 86' lang='lat' dir='ltr'><strong>instrumentis</strong></span> <span class='ocrx_word' id='word_1_167' title='bbox 984 1905 1056 1962; x_wconf 92' lang='lat' dir='ltr'><strong>citra</strong></span> <span class='ocrx_word' id='word_1_168' title='bbox 1074 1906 1301 1964; x_wconf 83' lang='lat' dir='ltr'><strong>controversiam</strong></span> <span class='ocrx_word' id='word_1_169' title='bbox 1316 1903 1499 1964; x_wconf 90' lang='lat' dir='ltr'><strong>arithmetica</strong></span> <span class='ocrx_word' id='word_1_170' title='bbox 1515 1913 1544 1963; x_wconf 90' lang='lat' dir='ltr'><strong>et</strong></span> <span class='ocrx_word' id='word_1_171' title='bbox 1558 1921 1633 1980; x_wconf 80' lang='lat' dir='ltr'><strong>geo-</strong></span> 
     </span>
     <span class='ocr_line' id='line_1_18' title="bbox 280 1989 1632 2068; baseline -0.001 -17"><span class='ocrx_word' id='word_1_172' title='bbox 280 1994 385 2051; x_wconf 89' lang='lat' dir='ltr'><strong>metria</strong></span> <span class='ocrx_word' id='word_1_173' title='bbox 406 1999 500 2064; x_wconf 79' lang='lat' dir='ltr'><strong>usae,</strong></span> <span class='ocrx_word' id='word_1_174' title='bbox 527 1991 564 2051; x_wconf 87' lang='lat' dir='ltr'><strong>ad</strong></span> <span class='ocrx_word' id='word_1_175' title='bbox 588 1993 781 2068; x_wconf 82' lang='lat' dir='ltr'><strong>quantitatem</strong></span> <span class='ocrx_word' id='word_1_176' title='bbox 806 2008 875 2050; x_wconf 87' lang='lat' dir='ltr'><strong>vero</strong></span> <span class='ocrx_word' id='word_1_177' title='bbox 908 1997 937 2050; x_wconf 92' lang='lat' dir='ltr'><strong>et</strong></span> <span class='ocrx_word' id='word_1_178' title='bbox 960 1989 1132 2066; x_wconf 85' lang='lat' dir='ltr'><strong>qualitatem</strong></span> <span class='ocrx_word' id='word_1_179' title='bbox 1155 1992 1313 2067; x_wconf 89' lang='lat' dir='ltr'><strong>primorum</strong></span> <span class='ocrx_word' id='word_1_180' title='bbox 1344 1998 1475 2051; x_wconf 91' lang='lat' dir='ltr'><strong>motuum</strong></span> <span class='ocrx_word' id='word_1_181' title='bbox 1501 1999 1632 2052; x_wconf 91' lang='lat' dir='ltr'><strong>euntem·</strong></span> 
     </span>
     <span class='ocr_line' id='line_1_19' title="bbox 280 2075 1632 2159; baseline 0.001 -21"><span class='ocrx_word' id='word_1_182' title='bbox 280 2077 428 2158; x_wconf 89' lang='lat' dir='ltr'><strong>plaudam,</strong></span> <span class='ocrx_word' id='word_1_183' title='bbox 452 2079 642 2140; x_wconf 90' lang='lat' dir='ltr'><strong>consobrinae</strong></span> <span class='ocrx_word' id='word_1_184' title='bbox 652 2075 738 2159; x_wconf 58' lang='grc' dir='ltr'><strong>1(ΠΙ)</strong></span> <span class='ocrx_word' id='word_1_185' title='bbox 759 2085 788 2138; x_wconf 91' lang='lat' dir='ltr'><strong>et</strong></span> <span class='ocrx_word' id='word_1_186' title='bbox 804 2079 885 2155; x_wconf 89' lang='lat' dir='ltr'><strong>ipsae</strong></span> <span class='ocrx_word' id='word_1_187' title='bbox 902 2080 1068 2150; x_wconf 84' lang='lat' dir='ltr'><strong>existentes,</strong></span> <span class='ocrx_word' id='word_1_188' title='bbox 1093 2079 1202 2155; x_wconf 90' lang='lat' dir='ltr'><strong>quippe</strong></span> <span class='ocrx_word' id='word_1_189' title='bbox 1226 2077 1340 2138; x_wconf 87' lang='lat' dir='ltr'><strong>duabus</strong></span> <span class='ocrx_word' id='word_1_190' title='bbox 1363 2088 1450 2140; x_wconf 86' lang='lat' dir='ltr'><strong>natae</strong></span> <span class='ocrx_word' id='word_1_191' title='bbox 1475 2079 1632 2152; x_wconf 89' lang='lat' dir='ltr'><strong>sororibus,</strong></span> 
     </span>
     <span class='ocr_line' id='line_1_20' title="bbox 280 2161 1633 2244; baseline 0.001 -18"><span class='ocrx_word' id='word_1_192' title='bbox 280 2170 347 2228; x_wconf 87' lang='lat' dir='ltr'><strong>risu</strong></span> <span class='ocrx_word' id='word_1_193' title='bbox 370 2173 400 2228; x_wconf 92' lang='lat' dir='ltr'><strong>et</strong></span> <span class='ocrx_word' id='word_1_194' title='bbox 422 2166 534 2242; x_wconf 89' lang='lat' dir='ltr'><strong>auditu,</strong></span> <span class='ocrx_word' id='word_1_195' title='bbox 558 2188 576 2228; x_wconf 89' lang='lat' dir='ltr'><strong>a</strong></span> <span class='ocrx_word' id='word_1_196' title='bbox 598 2166 758 2226; x_wconf 91' lang='lat' dir='ltr'><strong>nutricibus</strong></span> <span class='ocrx_word' id='word_1_197' title='bbox 783 2161 851 2226; x_wconf 87' lang='grc' dir='ltr'><strong>ιιιό</strong></span> <span class='ocrx_word' id='word_1_198' title='bbox 875 2183 910 2226; x_wconf 90' lang='lat' dir='ltr'><strong>cx</strong></span> <span class='ocrx_word' id='word_1_199' title='bbox 935 2167 1109 2242; x_wconf 82' lang='lat' dir='ltr'><strong>cognatione</strong></span> <span class='ocrx_word' id='word_1_200' title='bbox 1132 2182 1186 2224; x_wconf 90' lang='lat' dir='ltr'><strong>sua</strong></span> <span class='ocrx_word' id='word_1_201' title='bbox 1200 2169 1340 2244; x_wconf 85' lang='lat' dir='ltr'><strong>proximis</strong></span> <span class='ocrx_word' id='word_1_202' title='bbox 1363 2167 1515 2241; x_wconf 86' lang='lat' dir='ltr'><strong>educatae,</strong></span> <span class='ocrx_word' id='word_1_203' title='bbox 1538 2167 1633 2228; x_wconf 89' lang='lat' dir='ltr'><strong>arith·</strong></span> 
     </span>
     <span class='ocr_line' id='line_1_21' title="bbox 280 2251 741 2332; baseline 0 -16"><span class='ocrx_word' id='word_1_204' title='bbox 280 2257 388 2316; x_wconf 90' lang='lat' dir='ltr'><strong>metica</strong></span> <span class='ocrx_word' id='word_1_205' title='bbox 409 2263 440 2316; x_wconf 91' lang='grc' dir='ltr'><strong>ιι</strong></span> <span class='ocrx_word' id='word_1_206' title='bbox 461 2257 620 2332; x_wconf 89' lang='lat' dir='ltr'><strong>geometria</strong></span> <span class='ocrx_word' id='word_1_207' title='bbox 632 2251 741 2332; x_wconf 57' lang='grc' dir='ltr'><strong>ΝΠ).</strong></span> 
     </span>
    </p>
   </div>
   <div class='ocr_carea' id='block_1_4' title="bbox 225 2385 1635 4116">
    <p class='ocr_par' dir='ltr' id='par_1_4' title="bbox 225 2385 1635 4116">
     <span class='ocr_line' id='line_1_22' title="bbox 366 2385 1633 2460; baseline 0.002 -16"><span class='ocrx_word' id='word_1_208' title='bbox 366 2389 439 2445; x_wconf 83' lang='lat' dir='ltr'><strong>Nota</strong></span> <span class='ocrx_word' id='word_1_209' title='bbox 456 2391 531 2445; x_wconf 85' lang='lat' dir='ltr'><strong>XXI&#39;.</strong></span> <span class='ocrx_word' id='word_1_210' title='bbox 567 2389 663 2445; x_wconf 83' lang='lat' dir='ltr'><strong>Statim</strong></span> <span class='ocrx_word' id='word_1_211' title='bbox 686 2394 781 2443; x_wconf 84' lang='lat' dir='ltr'><strong>atota</strong></span> <span class='ocrx_word' id='word_1_212' title='bbox 799 2386 1003 2458; x_wconf 85' lang='lat' dir='ltr'><strong>mathematica,</strong></span> <span class='ocrx_word' id='word_1_213' title='bbox 1030 2385 1057 2439; x_wconf 94' lang='lat' dir='ltr'><strong>in</strong></span> <span class='ocrx_word' id='word_1_214' title='bbox 1076 2399 1156 2454; x_wconf 90' lang='lat' dir='ltr'><strong>quarn</strong></span> <span class='ocrx_word' id='word_1_215' title='bbox 1185 2393 1352 2452; x_wconf 87' lang='lat' dir='ltr'><strong>excurrerat</strong></span> <span class='ocrx_word' id='word_1_216' title='bbox 1379 2403 1408 2441; x_wconf 86' lang='lat' dir='ltr'><strong>sc</strong></span> <span class='ocrx_word' id='word_1_217' title='bbox 1428 2389 1575 2460; x_wconf 89' lang='lat' dir='ltr'><strong>recipiens,</strong></span> <span class='ocrx_word' id='word_1_218' title='bbox 1600 2391 1633 2446; x_wconf 92' lang='lat' dir='ltr'><strong>ad</strong></span> 
     </span>
     <span class='ocr_line' id='line_1_23' title="bbox 280 2465 1634 2558; baseline 0.003 -36"><span class='ocrx_word' id='word_1_219' title='bbox 280 2475 386 2540; x_wconf 89' lang='lat' dir='ltr'><strong>partem</strong></span> <span class='ocrx_word' id='word_1_220' title='bbox 406 2468 465 2538; x_wconf 85' lang='lat' dir='ltr'><strong>ejus</strong></span> <span class='ocrx_word' id='word_1_221' title='bbox 484 2467 669 2522; x_wconf 85' lang='lat' dir='ltr'><strong>harmonicam</strong></span> <span class='ocrx_word' id='word_1_222' title='bbox 686 2466 817 2538; x_wconf 89' lang='lat' dir='ltr'><strong>paulatim</strong></span> <span class='ocrx_word' id='word_1_223' title='bbox 835 2465 989 2531; x_wconf 86' lang='lat' dir='ltr'><strong>revertitur,</strong></span> <span class='ocrx_word' id='word_1_224' title='bbox 1008 2465 1070 2520; x_wconf 91' lang='lat' dir='ltr'><strong>dum</strong></span> <span class='ocrx_word' id='word_1_225' title='bbox 1091 2465 1217 2558; x_wconf 42' lang='lat' dir='ltr'><strong>explicat·</strong></span> <span class='ocrx_word' id='word_1_226' title='bbox 1227 2466 1295 2521; x_wconf 92' lang='lat' dir='ltr'><strong>duos</strong></span> <span class='ocrx_word' id='word_1_227' title='bbox 1311 2483 1372 2521; x_wconf 76' lang='lat' dir='ltr'><strong>sens</strong></span> <span class='ocrx_word' id='word_1_228' title='bbox 1368 2485 1407 2523; x_wconf 89' lang='lat' dir='ltr'><strong>us</strong></span> <span class='ocrx_word' id='word_1_229' title='bbox 1426 2469 1634 2526; x_wconf 88' lang='lat' dir='ltr'><strong>mathematicas</strong></span> 
     </span>
     <span class='ocr_line' id='line_1_24' title="bbox 279 2537 1633 2620; baseline 0.001 -16"><span class='ocrx_word' id='word_1_230' title='bbox 279 2547 387 2620; x_wconf 88' lang='lat' dir='ltr'><strong>quidem</strong></span> <span class='ocrx_word' id='word_1_231' title='bbox 405 2547 456 2602; x_wconf 89' lang='lat' dir='ltr'><strong>toti</strong></span> <span class='ocrx_word' id='word_1_232' title='bbox 475 2546 642 2612; x_wconf 83' lang='lat' dir='ltr'><strong>famulantes,</strong></span> <span class='ocrx_word' id='word_1_233' title='bbox 663 2547 711 2601; x_wconf 86' lang='lat' dir='ltr'><strong>sed</strong></span> <span class='ocrx_word' id='word_1_234' title='bbox 730 2561 845 2614; x_wconf 88' lang='lat' dir='ltr'><strong>qnorum</strong></span> <span class='ocrx_word' id='word_1_235' title='bbox 853 2537 932 2598; x_wconf 87' lang='lat' dir='ltr'><strong>alter</strong></span> <span class='ocrx_word' id='word_1_236' title='bbox 950 2542 1106 2596; x_wconf 89' lang='lat' dir='ltr'><strong>harmoniae</strong></span> <span class='ocrx_word' id='word_1_237' title='bbox 1125 2545 1252 2614; x_wconf 88' lang='lat' dir='ltr'><strong>proprius</strong></span> <span class='ocrx_word' id='word_1_238' title='bbox 1271 2547 1314 2616; x_wconf 90' lang='lat' dir='ltr'><strong>sit,</strong></span> <span class='ocrx_word' id='word_1_239' title='bbox 1334 2547 1441 2603; x_wconf 87' lang='lat' dir='ltr'><strong>auditus</strong></span> <span class='ocrx_word' id='word_1_240' title='bbox 1460 2549 1572 2616; x_wconf 88' lang='lat' dir='ltr'><strong>scilicet,</strong></span> <span class='ocrx_word' id='word_1_241' title='bbox 1592 2566 1633 2605; x_wconf 89' lang='lat' dir='ltr'><strong>ee·</strong></span> 
     </span>
     <span class='ocr_line' id='line_1_25' title="bbox 278 2620 1633 2700; baseline -0.002 -15"><span class='ocrx_word' id='word_1_242' title='bbox 278 2629 343 2686; x_wconf 86' lang='lat' dir='ltr'><strong>teris</strong></span> <span class='ocrx_word' id='word_1_243' title='bbox 362 2630 433 2684; x_wconf 92' lang='lat' dir='ltr'><strong>enim</strong></span> <span class='ocrx_word' id='word_1_244' title='bbox 446 2625 650 2681; x_wconf 87' lang='lat' dir='ltr'><strong>mathematicis</strong></span> <span class='ocrx_word' id='word_1_245' title='bbox 669 2624 817 2694; x_wconf 87' lang='lat' dir='ltr'><strong>disciplinis</strong></span> <span class='ocrx_word' id='word_1_246' title='bbox 837 2630 941 2678; x_wconf 90' lang='lat' dir='ltr'><strong>tanturn</strong></span> <span class='ocrx_word' id='word_1_247' title='bbox 965 2636 1015 2691; x_wconf 89' lang='lat' dir='ltr'><strong>per</strong></span> <span class='ocrx_word' id='word_1_248' title='bbox 1033 2620 1159 2676; x_wconf 87' lang='lat' dir='ltr'><strong>accidens</strong></span> <span class='ocrx_word' id='word_1_249' title='bbox 1178 2625 1272 2690; x_wconf 72' lang='lat' dir='ltr'><strong>seruit,</strong></span> <span class='ocrx_word' id='word_1_250' title='bbox 1299 2633 1412 2700; x_wconf 88' lang='lat' dir='ltr'><strong>propter</strong></span> <span class='ocrx_word' id='word_1_251' title='bbox 1435 2627 1539 2683; x_wconf 89' lang='lat' dir='ltr'><strong>scilicet</strong></span> <span class='ocrx_word' id='word_1_252' title='bbox 1557 2627 1633 2682; x_wconf 90' lang='lat' dir='ltr'><strong>insti·</strong></span> 
     </span>
     <span class='ocr_line' id='line_1_26' title="bbox 276 2695 1634 2776; baseline -0.002 -13"><span class='ocrx_word' id='word_1_253' title='bbox 276 2707 396 2763; x_wconf 86' lang='lat' dir='ltr'><strong>tationes</strong></span> <span class='ocrx_word' id='word_1_254' title='bbox 415 2705 512 2775; x_wconf 88' lang='lat' dir='ltr'><strong>orales,</strong></span> <span class='ocrx_word' id='word_1_255' title='bbox 530 2719 601 2776; x_wconf 91' lang='lat' dir='ltr'><strong>quae</strong></span> <span class='ocrx_word' id='word_1_256' title='bbox 622 2695 736 2774; x_wconf 89' lang='lat' dir='ltr'><strong>poss&#39;ent</strong></span> <span class='ocrx_word' id='word_1_257' title='bbox 755 2705 836 2758; x_wconf 88' lang='lat' dir='ltr'><strong>etiarn</strong></span> <span class='ocrx_word' id='word_1_258' title='bbox 855 2718 904 2773; x_wconf 90' lang='lat' dir='ltr'><strong>per</strong></span> <span class='ocrx_word' id='word_1_259' title='bbox 924 2701 1009 2756; x_wconf 89' lang='lat' dir='ltr'><strong>solam</strong></span> <span class='ocrx_word' id='word_1_260' title='bbox 1028 2700 1171 2756; x_wconf 89' lang='lat' dir='ltr'><strong>lectionem</strong></span> <span class='ocrx_word' id='word_1_261' title='bbox 1189 2703 1257 2773; x_wconf 85' lang='lat' dir='ltr'><strong>fieri,</strong></span> <span class='ocrx_word' id='word_1_262' title='bbox 1276 2713 1304 2758; x_wconf 89' lang='lat' dir='ltr'><strong>at</strong></span> <span class='ocrx_word' id='word_1_263' title='bbox 1321 2705 1478 2762; x_wconf 86' lang='lat' dir='ltr'><strong>harmonica</strong></span> <span class='ocrx_word' id='word_1_264' title='bbox 1491 2705 1634 2776; x_wconf 86' lang='lat' dir='ltr'><strong>disciplina</strong></span> 
     </span>
     <span class='ocr_line' id='line_1_27' title="bbox 280 2781 1633 2856; baseline 0 -14"><span class='ocrx_word' id='word_1_265' title='bbox 280 2787 338 2842; x_wconf 90' lang='lat' dir='ltr'><strong>sine</strong></span> <span class='ocrx_word' id='word_1_266' title='bbox 364 2785 457 2841; x_wconf 90' lang='lat' dir='ltr'><strong>auditu</strong></span> <span class='ocrx_word' id='word_1_267' title='bbox 484 2783 570 2856; x_wconf 86' lang='lat' dir='ltr'><strong>(quod</strong></span> <span class='ocrx_word' id='word_1_268' title='bbox 595 2785 726 2840; x_wconf 87' lang='lat' dir='ltr'><strong>musicam</strong></span> <span class='ocrx_word' id='word_1_269' title='bbox 750 2784 862 2850; x_wconf 77' lang='lat' dir='ltr'><strong>attinet)</strong></span> <span class='ocrx_word' id='word_1_270' title='bbox 891 2781 962 2836; x_wconf 88' lang='lat' dir='ltr'><strong>tradi</strong></span> <span class='ocrx_word' id='word_1_271' title='bbox 987 2781 1088 2852; x_wconf 91' lang='lat' dir='ltr'><strong>nequit.</strong></span> <span class='ocrx_word' id='word_1_272' title='bbox 1130 2782 1280 2852; x_wconf 86' lang='lat' dir='ltr'><strong>Propterea</strong></span> <span class='ocrx_word' id='word_1_273' title='bbox 1308 2783 1427 2839; x_wconf 91' lang='lat' dir='ltr'><strong>ostendit</strong></span> <span class='ocrx_word' id='word_1_274' title='bbox 1453 2783 1633 2856; x_wconf 87' lang='lat' dir='ltr'><strong>Ptolemaeus,</strong></span> 
     </span>
     <span class='ocr_line' id='line_1_28' title="bbox 234 2861 1634 2936; baseline 0.002 -17"><span class='ocrx_word' id='word_1_275' title='bbox 234 2861 239 2873; x_wconf 84' lang='lat'>&#39;</span> <span class='ocrx_word' id='word_1_276' title='bbox 280 2861 415 2936; x_wconf 87' lang='lat' dir='ltr'><strong>quomodo</strong></span> <span class='ocrx_word' id='word_1_277' title='bbox 440 2872 501 2919; x_wconf 90' lang='lat' dir='ltr'><strong>uter</strong></span> <span class='ocrx_word' id='word_1_278' title='bbox 522 2879 555 2918; x_wconf 90' lang='grc' dir='ltr'><strong>ιιι</strong></span> <span class='ocrx_word' id='word_1_279' title='bbox 582 2878 680 2918; x_wconf 88' lang='lat' dir='ltr'><strong>sensus</strong></span> <span class='ocrx_word' id='word_1_280' title='bbox 704 2863 778 2917; x_wconf 87' lang='lat' dir='ltr'><strong>circa</strong></span> <span class='ocrx_word' id='word_1_281' title='bbox 795 2871 898 2916; x_wconf 91' lang='lat' dir='ltr'><strong>motum</strong></span> <span class='ocrx_word' id='word_1_282' title='bbox 926 2861 1040 2916; x_wconf 87' lang='lat' dir='ltr'><strong>localem</strong></span> <span class='ocrx_word' id='word_1_283' title='bbox 1068 2877 1144 2916; x_wconf 87' lang='lat' dir='ltr'><strong>suam</strong></span> <span class='ocrx_word' id='word_1_284' title='bbox 1163 2863 1300 2932; x_wconf 89' lang='lat' dir='ltr'><strong>propriam</strong></span> <span class='ocrx_word' id='word_1_285' title='bbox 1320 2861 1458 2918; x_wconf 89' lang='lat' dir='ltr'><strong>scientiam</strong></span> <span class='ocrx_word' id='word_1_286' title='bbox 1483 2861 1634 2935; x_wconf 71' lang='lat' dir='ltr'><strong>progignat,</strong></span> 
     </span>
     <span class='ocr_line' id='line_1_29' title="bbox 279 2939 1634 3008; baseline 0.002 -12"><span class='ocrx_word' id='word_1_287' title='bbox 279 2940 353 2998; x_wconf 86' lang='grc' dir='ltr'><strong>ιιιιιι</strong></span> <span class='ocrx_word' id='word_1_288' title='bbox 372 2948 572 3008; x_wconf 78' lang='lat' dir='ltr'><strong>astronomiam,</strong></span> <span class='ocrx_word' id='word_1_289' title='bbox 595 2941 704 2997; x_wconf 84' lang='lat' dir='ltr'><strong>aurlitus</strong></span> <span class='ocrx_word' id='word_1_290' title='bbox 722 2940 905 2996; x_wconf 89' lang='lat' dir='ltr'><strong>harmonicen.</strong></span> <span class='ocrx_word' id='word_1_291' title='bbox 944 2939 1025 2994; x_wconf 87' lang='lat' dir='ltr'><strong>Certo</strong></span> <span class='ocrx_word' id='word_1_292' title='bbox 1044 2945 1135 2994; x_wconf 90' lang='lat' dir='ltr'><strong>autem</strong></span> <span class='ocrx_word' id='word_1_293' title='bbox 1154 2941 1267 2995; x_wconf 88' lang='lat' dir='ltr'><strong>coneilio</strong></span> <span class='ocrx_word' id='word_1_294' title='bbox 1287 2939 1320 2995; x_wconf 89' lang='lat' dir='ltr'><strong>de</strong></span> <span class='ocrx_word' id='word_1_295' title='bbox 1338 2942 1382 2996; x_wconf 87' lang='lat' dir='ltr'><strong>bis</strong></span> <span class='ocrx_word' id='word_1_296' title='bbox 1396 2941 1501 2998; x_wconf 88' lang='lat' dir='ltr'><strong>duobus</strong></span> <span class='ocrx_word' id='word_1_297' title='bbox 1515 2945 1634 3001; x_wconf 86' lang='lat' dir='ltr'><strong>scientiis</strong></span> 
     </span>
     <span class='ocr_line' id='line_1_30' title="bbox 279 3017 1633 3112; baseline 0.004 -39"><span class='ocrx_word' id='word_1_298' title='bbox 279 3017 431 3088; x_wconf 85' lang='lat' dir='ltr'><strong>praelator,</strong></span> <span class='ocrx_word' id='word_1_299' title='bbox 458 3021 616 3087; x_wconf 89' lang='lat' dir='ltr'><strong>ostendeus,</strong></span> <span class='ocrx_word' id='word_1_300' title='bbox 641 3021 798 3112; x_wconf 79' lang='lat' dir='ltr'><strong>quomodo</strong></span> <span class='ocrx_word' id='word_1_301' title='bbox 796 3021 868 3076; x_wconf 87' lang='lat' dir='ltr'><strong>circe</strong></span> <span class='ocrx_word' id='word_1_302' title='bbox 887 3029 933 3074; x_wconf 87' lang='lat' dir='ltr'><strong>eos</strong></span> <span class='ocrx_word' id='word_1_303' title='bbox 953 3020 1049 3074; x_wconf 81' lang='lat' dir='ltr'><strong>sensns</strong></span> <span class='ocrx_word' id='word_1_304' title='bbox 1074 3019 1183 3075; x_wconf 87' lang='lat' dir='ltr'><strong>auditus</strong></span> <span class='ocrx_word' id='word_1_305' title='bbox 1202 3029 1230 3076; x_wconf 88' lang='lat' dir='ltr'><strong>et</strong></span> <span class='ocrx_word' id='word_1_306' title='bbox 1248 3019 1321 3074; x_wconf 81' lang='lat' dir='ltr'><strong>visus</strong></span> <span class='ocrx_word' id='word_1_307' title='bbox 1348 3021 1425 3076; x_wconf 90' lang='lat' dir='ltr'><strong>sibi</strong></span> <span class='ocrx_word' id='word_1_308' title='bbox 1417 3023 1531 3078; x_wconf 88' lang='lat' dir='ltr'><strong>mriccm</strong></span> <span class='ocrx_word' id='word_1_309' title='bbox 1550 3023 1633 3079; x_wconf 86' lang='lat' dir='ltr'><strong>lamu-</strong></span> 
     </span>
     <span class='ocr_line' id='line_1_31' title="bbox 279 3096 1634 3169; baseline 0.004 -16"><span class='ocrx_word' id='word_1_310' title='bbox 279 3097 384 3166; x_wconf 89' lang='lat' dir='ltr'><strong>lentur,</strong></span> <span class='ocrx_word' id='word_1_311' title='bbox 402 3096 507 3154; x_wconf 90' lang='lat' dir='ltr'><strong>seilicet</strong></span> <span class='ocrx_word' id='word_1_312' title='bbox 524 3107 554 3154; x_wconf 91' lang='lat' dir='ltr'><strong>ut</strong></span> <span class='ocrx_word' id='word_1_313' title='bbox 573 3101 617 3156; x_wconf 85' lang='lat' dir='ltr'><strong>vel</strong></span> <span class='ocrx_word' id='word_1_314' title='bbox 635 3099 675 3154; x_wconf 91' lang='lat' dir='ltr'><strong>sic</strong></span> <span class='ocrx_word' id='word_1_315' title='bbox 694 3099 785 3154; x_wconf 88' lang='lat' dir='ltr'><strong>statim</strong></span> <span class='ocrx_word' id='word_1_316' title='bbox 803 3097 880 3152; x_wconf 91' lang='lat' dir='ltr'><strong>initio</strong></span> <span class='ocrx_word' id='word_1_317' title='bbox 900 3104 1009 3166; x_wconf 87' lang='lat' dir='ltr'><strong>gustum</strong></span> <span class='ocrx_word' id='word_1_318' title='bbox 1027 3097 1157 3166; x_wconf 88' lang='lat' dir='ltr'><strong>praebeat</strong></span> <span class='ocrx_word' id='word_1_319' title='bbox 1182 3097 1320 3153; x_wconf 85' lang='lat' dir='ltr'><strong>societatis</strong></span> <span class='ocrx_word' id='word_1_320' title='bbox 1340 3099 1481 3169; x_wconf 90' lang='lat' dir='ltr'><strong>utriusque</strong></span> <span class='ocrx_word' id='word_1_321' title='bbox 1507 3103 1634 3158; x_wconf 86' lang='lat' dir='ltr'><strong>scientiae</strong></span> 
     </span>
     <span class='ocr_line' id='line_1_32' title="bbox 279 3139 1634 3270; baseline 0.006 -41"><span class='ocrx_word' id='word_1_322' title='bbox 279 3175 308 3230; x_wconf 93' lang='lat' dir='ltr'><strong>ln</strong></span> <span class='ocrx_word' id='word_1_323' title='bbox 324 3139 532 3246; x_wconf 85' lang='lat' dir='ltr'><strong>participatione</strong></span> <span class='ocrx_word' id='word_1_324' title='bbox 550 3178 756 3270; x_wconf 82' lang='lat' dir='ltr'><strong>proportionum</strong></span> <span class='ocrx_word' id='word_1_325' title='bbox 775 3167 992 3230; x_wconf 86' lang='lat' dir='ltr'><strong>harmonicorum</strong></span> <span class='ocrx_word' id='word_1_326' title='bbox 1017 3183 1045 3228; x_wconf 92' lang='lat' dir='ltr'><strong>et</strong></span> <span class='ocrx_word' id='word_1_327' title='bbox 1062 3175 1102 3236; x_wconf 83' lang='grc' dir='ltr'><strong>ιιι</strong></span> <span class='ocrx_word' id='word_1_328' title='bbox 1121 3176 1257 3229; x_wconf 86' lang='lat' dir='ltr'><strong>axiomata</strong></span> <span class='ocrx_word' id='word_1_329' title='bbox 1275 3185 1443 3246; x_wconf 76' lang='lat' dir='ltr'><strong>praestruat,</strong></span> <span class='ocrx_word' id='word_1_330' title='bbox 1470 3179 1571 3248; x_wconf 91' lang='lat' dir='ltr'><strong>qulbus</strong></span> <span class='ocrx_word' id='word_1_331' title='bbox 1590 3181 1634 3237; x_wconf 88' lang='lat' dir='ltr'><strong>de·</strong></span> 
     </span>
     <span class='ocr_line' id='line_1_33' title="bbox 278 3253 1633 3326; baseline 0.004 -19"><span class='ocrx_word' id='word_1_332' title='bbox 278 3259 425 3318; x_wconf 85' lang='grc' dir='ltr'><strong>ιιιοιιιιιιι,</strong></span> <span class='ocrx_word' id='word_1_333' title='bbox 450 3255 637 3312; x_wconf 87' lang='lat' dir='ltr'><strong>harmonias</strong></span> <span class='ocrx_word' id='word_1_334' title='bbox 630 3273 658 3310; x_wconf 92' lang='grc' dir='ltr'><strong>ιιι</strong></span> <span class='ocrx_word' id='word_1_335' title='bbox 677 3255 752 3311; x_wconf 91' lang='lat' dir='ltr'><strong>coelo</strong></span> <span class='ocrx_word' id='word_1_336' title='bbox 776 3269 843 3309; x_wconf 86' lang='lat' dir='ltr'><strong>esse.</strong></span> <span class='ocrx_word' id='word_1_337' title='bbox 881 3253 956 3308; x_wconf 86' lang='lat' dir='ltr'><strong>Haec</strong></span> <span class='ocrx_word' id='word_1_338' title='bbox 980 3253 1148 3310; x_wconf 88' lang='lat' dir='ltr'><strong>discurrendi</strong></span> <span class='ocrx_word' id='word_1_339' title='bbox 1173 3255 1242 3310; x_wconf 81' lang='lat' dir='ltr'><strong>ratio</strong></span> <span class='ocrx_word' id='word_1_340' title='bbox 1267 3256 1398 3312; x_wconf 89' lang='lat' dir='ltr'><strong>lectorum</strong></span> <span class='ocrx_word' id='word_1_341' title='bbox 1418 3257 1554 3326; x_wconf 82' lang='lat' dir='ltr'><strong>aliquibus</strong></span> <span class='ocrx_word' id='word_1_342' title='bbox 1580 3273 1633 3312; x_wconf 91' lang='lat' dir='ltr'><strong>non</strong></span> 
     </span>
     <span class='ocr_line' id='line_1_34' title="bbox 279 3331 1633 3406; baseline 0.004 -18"><span class='ocrx_word' id='word_1_343' title='bbox 279 3332 346 3388; x_wconf 83' lang='lat' dir='ltr'><strong>satis</strong></span> <span class='ocrx_word' id='word_1_344' title='bbox 363 3331 440 3386; x_wconf 87' lang='lat' dir='ltr'><strong>firma</strong></span> <span class='ocrx_word' id='word_1_345' title='bbox 464 3350 515 3388; x_wconf 86' lang='lat' dir='ltr'><strong>nac</strong></span> <span class='ocrx_word' id='word_1_346' title='bbox 533 3335 653 3404; x_wconf 86' lang='lat' dir='ltr'><strong>legitima</strong></span> <span class='ocrx_word' id='word_1_347' title='bbox 671 3341 698 3389; x_wconf 90' lang='lat' dir='ltr'><strong>et</strong></span> <span class='ocrx_word' id='word_1_348' title='bbox 716 3333 805 3404; x_wconf 89' lang='lat' dir='ltr'><strong>logica</strong></span> <span class='ocrx_word' id='word_1_349' title='bbox 823 3346 882 3388; x_wconf 89' lang='lat' dir='ltr'><strong>esse</strong></span> <span class='ocrx_word' id='word_1_350' title='bbox 902 3331 1049 3401; x_wconf 83' lang='lat' dir='ltr'><strong>ridebitur,</strong></span> <span class='ocrx_word' id='word_1_351' title='bbox 1075 3333 1123 3388; x_wconf 86' lang='lat' dir='ltr'><strong>aad</strong></span> <span class='ocrx_word' id='word_1_352' title='bbox 1150 3335 1248 3389; x_wconf 88' lang='lat' dir='ltr'><strong>saltem</strong></span> <span class='ocrx_word' id='word_1_353' title='bbox 1267 3335 1428 3404; x_wconf 83' lang='lat' dir='ltr'><strong>symbolica,</strong></span> <span class='ocrx_word' id='word_1_354' title='bbox 1454 3343 1482 3389; x_wconf 91' lang='grc' dir='ltr'><strong>ιι</strong></span> <span class='ocrx_word' id='word_1_355' title='bbox 1506 3337 1633 3406; x_wconf 83' lang='lat' dir='ltr'><strong>sequelae</strong></span> 
     </span>
     <span class='ocr_line' id='line_1_35' title="bbox 279 3411 1633 3484; baseline 0.003 -17"><span class='ocrx_word' id='word_1_356' title='bbox 279 3427 328 3470; x_wconf 86' lang='lat' dir='ltr'><strong>ssu</strong></span> <span class='ocrx_word' id='word_1_357' title='bbox 346 3414 508 3470; x_wconf 87' lang='lat' dir='ltr'><strong>connexioni</strong></span> <span class='ocrx_word' id='word_1_358' title='bbox 531 3416 714 3484; x_wconf 83' lang='lat' dir='ltr'><strong>qualicunque</strong></span> <span class='ocrx_word' id='word_1_359' title='bbox 737 3413 891 3469; x_wconf 84' lang='lat' dir='ltr'><strong>tabularum</strong></span> <span class='ocrx_word' id='word_1_360' title='bbox 910 3411 1057 3467; x_wconf 86' lang='grc' dir='ltr'><strong>Οιιιιιιιιιι</strong></span> <span class='ocrx_word' id='word_1_361' title='bbox 1074 3413 1329 3481; x_wconf 84' lang='lat' dir='ltr'><strong>Metamorphossos</strong></span> <span class='ocrx_word' id='word_1_362' title='bbox 1355 3413 1474 3469; x_wconf 89' lang='lat' dir='ltr'><strong>similior.</strong></span> <span class='ocrx_word' id='word_1_363' title='bbox 1513 3417 1548 3468; x_wconf 81' lang='grc' dir='ltr'><strong>ιιι</strong></span> <span class='ocrx_word' id='word_1_364' title='bbox 1573 3433 1633 3470; x_wconf 81' lang='lat' dir='ltr'><strong>cun</strong></span> 
     </span>
     <span class='ocr_line' id='line_1_36' title="bbox 280 3491 1634 3564; baseline 0.003 -17"><span class='ocrx_word' id='word_1_365' title='bbox 280 3492 316 3562; x_wconf 84' lang='lat' dir='ltr'><strong>sit</strong></span> <span class='ocrx_word' id='word_1_366' title='bbox 333 3491 411 3548; x_wconf 89' lang='lat' dir='ltr'><strong>locus</strong></span> <span class='ocrx_word' id='word_1_367' title='bbox 429 3509 479 3563; x_wconf 88' lang='lat' dir='ltr'><strong>per</strong></span> <span class='ocrx_word' id='word_1_368' title='bbox 497 3509 527 3550; x_wconf 89' lang='lat' dir='ltr'><strong>se</strong></span> <span class='ocrx_word' id='word_1_369' title='bbox 539 3494 679 3563; x_wconf 86' lang='lat' dir='ltr'><strong>jocundus</strong></span> <span class='ocrx_word' id='word_1_370' title='bbox 697 3501 725 3548; x_wconf 89' lang='lat' dir='ltr'><strong>et</strong></span> <span class='ocrx_word' id='word_1_371' title='bbox 743 3491 830 3560; x_wconf 90' lang='lat' dir='ltr'><strong>utilis,</strong></span> <span class='ocrx_word' id='word_1_372' title='bbox 858 3491 987 3559; x_wconf 88' lang='lat' dir='ltr'><strong>detegens</strong></span> <span class='ocrx_word' id='word_1_373' title='bbox 1006 3491 1105 3546; x_wconf 87' lang='lat' dir='ltr'><strong>artium</strong></span> <span class='ocrx_word' id='word_1_374' title='bbox 1124 3492 1374 3547; x_wconf 84' lang='lat' dir='ltr'><strong>mathematicorum</strong></span> <span class='ocrx_word' id='word_1_375' title='bbox 1401 3509 1583 3564; x_wconf 86' lang='lat' dir='ltr'><strong>sensuumque</strong></span> <span class='ocrx_word' id='word_1_376' title='bbox 1601 3497 1634 3552; x_wconf 86' lang='lat' dir='ltr'><strong>iia</strong></span> 
     </span>
     <span class='ocr_line' id='line_1_37' title="bbox 278 3569 1634 3642; baseline 0.001 -14"><span class='ocrx_word' id='word_1_377' title='bbox 278 3572 480 3628; x_wconf 84' lang='lat' dir='ltr'><strong>inservientium</strong></span> <span class='ocrx_word' id='word_1_378' title='bbox 494 3571 681 3642; x_wconf 77' lang='lat' dir='ltr'><strong>cognationem</strong></span> <span class='ocrx_word' id='word_1_379' title='bbox 699 3573 769 3628; x_wconf 90' lang='lat' dir='ltr'><strong>inter</strong></span> <span class='ocrx_word' id='word_1_380' title='bbox 787 3587 817 3626; x_wconf 90' lang='grc' dir='ltr'><strong>ιι</strong></span> <span class='ocrx_word' id='word_1_381' title='bbox 835 3576 943 3638; x_wconf 89' lang='lat' dir='ltr'><strong>mutuo,</strong></span> <span class='ocrx_word' id='word_1_382' title='bbox 967 3569 1052 3624; x_wconf 91' lang='lat' dir='ltr'><strong>lector</strong></span> <span class='ocrx_word' id='word_1_383' title='bbox 1071 3584 1174 3640; x_wconf 90' lang='lat' dir='ltr'><strong>aequus</strong></span> <span class='ocrx_word' id='word_1_384' title='bbox 1192 3569 1282 3636; x_wconf 90' lang='lat' dir='ltr'><strong>illam,</strong></span> <span class='ocrx_word' id='word_1_385' title='bbox 1308 3587 1473 3641; x_wconf 87' lang='lat' dir='ltr'><strong>quacunque</strong></span> <span class='ocrx_word' id='word_1_386' title='bbox 1492 3575 1634 3630; x_wconf 85' lang='lat' dir='ltr'><strong>occasione</strong></span> 
     </span>
     <span class='ocr_line' id='line_1_38' title="bbox 278 3649 1635 3726; baseline 0.001 -17"><span class='ocrx_word' id='word_1_387' title='bbox 278 3651 456 3726; x_wconf 89' lang='lat' dir='ltr'><strong>propositam,</strong></span> <span class='ocrx_word' id='word_1_388' title='bbox 476 3661 553 3723; x_wconf 88' lang='lat' dir='ltr'><strong>grato</strong></span> <span class='ocrx_word' id='word_1_389' title='bbox 572 3651 660 3707; x_wconf 90' lang='lat' dir='ltr'><strong>auimo</strong></span> <span class='ocrx_word' id='word_1_390' title='bbox 679 3651 803 3721; x_wconf 88' lang='lat' dir='ltr'><strong>accipiet.</strong></span> <span class='ocrx_word' id='word_1_391' title='bbox 840 3651 885 3704; x_wconf 89' lang='lat' dir='ltr'><strong>Mc</strong></span> <span class='ocrx_word' id='word_1_392' title='bbox 904 3649 976 3720; x_wconf 90' lang='lat' dir='ltr'><strong>quod</strong></span> <span class='ocrx_word' id='word_1_393' title='bbox 994 3649 1100 3716; x_wconf 89' lang='lat' dir='ltr'><strong>attinet,</strong></span> <span class='ocrx_word' id='word_1_394' title='bbox 1119 3649 1253 3718; x_wconf 86' lang='lat' dir='ltr'><strong>explicavi</strong></span> <span class='ocrx_word' id='word_1_395' title='bbox 1270 3649 1329 3706; x_wconf 87' lang='lat' dir='ltr'><strong>libr.</strong></span> <span class='ocrx_word' id='word_1_396' title='bbox 1348 3651 1396 3708; x_wconf 92' lang='lat' dir='ltr'><strong>lll.</strong></span> <span class='ocrx_word' id='word_1_397' title='bbox 1415 3668 1474 3721; x_wconf 89' lang='lat' dir='ltr'><strong>cap.</strong></span> <span class='ocrx_word' id='word_1_398' title='bbox 1492 3653 1517 3720; x_wconf 84' lang='lat'><strong>3,</strong></span> <span class='ocrx_word' id='word_1_399' title='bbox 1537 3654 1635 3724; x_wconf 87' lang='lat' dir='ltr'><strong>quibua</strong></span> 
     </span>
     <span class='ocr_line' id='line_1_39' title="bbox 279 3727 1633 3800; baseline 0 -13"><span class='ocrx_word' id='word_1_400' title='bbox 279 3733 313 3788; x_wconf 90' lang='lat' dir='ltr'><strong>de</strong></span> <span class='ocrx_word' id='word_1_401' title='bbox 332 3731 421 3787; x_wconf 88' lang='lat' dir='ltr'><strong>causis</strong></span> <span class='ocrx_word' id='word_1_402' title='bbox 440 3731 467 3785; x_wconf 94' lang='lat' dir='ltr'><strong>in</strong></span> <span class='ocrx_word' id='word_1_403' title='bbox 487 3731 610 3800; x_wconf 90' lang='lat' dir='ltr'><strong>qualibet</strong></span> <span class='ocrx_word' id='word_1_404' title='bbox 626 3748 656 3786; x_wconf 88' lang='grc' dir='ltr'><strong>ιι</strong></span> <span class='ocrx_word' id='word_1_405' title='bbox 674 3733 760 3787; x_wconf 87' lang='lat' dir='ltr'><strong>totius</strong></span> <span class='ocrx_word' id='word_1_406' title='bbox 779 3729 897 3791; x_wconf 83' lang='lat' dir='ltr'><strong>universi</strong></span> <span class='ocrx_word' id='word_1_407' title='bbox 915 3728 998 3783; x_wconf 87' lang='lat' dir='ltr'><strong>insint</strong></span> <span class='ocrx_word' id='word_1_408' title='bbox 1017 3727 1173 3784; x_wconf 88' lang='lat' dir='ltr'><strong>barmoniae</strong></span> <span class='ocrx_word' id='word_1_409' title='bbox 1191 3736 1219 3784; x_wconf 93' lang='lat' dir='ltr'><strong>et</strong></span> <span class='ocrx_word' id='word_1_410' title='bbox 1236 3729 1371 3800; x_wconf 88' lang='lat' dir='ltr'><strong>quomodo</strong></span> <span class='ocrx_word' id='word_1_411' title='bbox 1391 3732 1418 3789; x_wconf 92' lang='lat' dir='ltr'><strong>iu</strong></span> <span class='ocrx_word' id='word_1_412' title='bbox 1431 3731 1561 3800; x_wconf 74' lang='lat' dir='ltr'><strong>siugulis,</strong></span> <span class='ocrx_word' id='word_1_413' title='bbox 1581 3750 1633 3789; x_wconf 91' lang='lat' dir='ltr'><strong>uun</strong></span> 
     </span>
     <span class='ocr_line' id='line_1_40' title="bbox 225 3804 1633 3880; baseline 0.001 -18"><span class='ocrx_word' id='word_1_414' title='bbox 225 3859 227 3862; x_wconf 86' lang='lat'>.</span> <span class='ocrx_word' id='word_1_415' title='bbox 279 3809 384 3866; x_wconf 90' lang='lat' dir='ltr'><strong>scilicet</strong></span> <span class='ocrx_word' id='word_1_416' title='bbox 402 3809 463 3866; x_wconf 89' lang='lat' dir='ltr'><strong>ideo</strong></span> <span class='ocrx_word' id='word_1_417' title='bbox 483 3804 657 3879; x_wconf 85' lang='lat' dir='ltr'><strong>singulariter</strong></span> <span class='ocrx_word' id='word_1_418' title='bbox 678 3810 773 3864; x_wconf 89' lang='lat' dir='ltr'><strong>insunt</strong></span> <span class='ocrx_word' id='word_1_419' title='bbox 798 3807 826 3860; x_wconf 92' lang='lat' dir='ltr'><strong>iu</strong></span> <span class='ocrx_word' id='word_1_420' title='bbox 852 3812 934 3862; x_wconf 88' lang='lat' dir='ltr'><strong>cautu</strong></span> <span class='ocrx_word' id='word_1_421' title='bbox 956 3807 1038 3875; x_wconf 89' lang='lat' dir='ltr'><strong>inque</strong></span> <span class='ocrx_word' id='word_1_422' title='bbox 1065 3813 1140 3861; x_wconf 89' lang='lat' dir='ltr'><strong>motu</strong></span> <span class='ocrx_word' id='word_1_423' title='bbox 1158 3807 1291 3877; x_wconf 89' lang='lat' dir='ltr'><strong>siderum,</strong></span> <span class='ocrx_word' id='word_1_424' title='bbox 1318 3809 1381 3879; x_wconf 91' lang='lat' dir='ltr'><strong>quia</strong></span> <span class='ocrx_word' id='word_1_425' title='bbox 1400 3810 1444 3864; x_wconf 89' lang='lat' dir='ltr'><strong>bic</strong></span> <span class='ocrx_word' id='word_1_426' title='bbox 1462 3807 1561 3880; x_wconf 87' lang='lat' dir='ltr'><strong>oculis,</strong></span> <span class='ocrx_word' id='word_1_427' title='bbox 1589 3810 1633 3865; x_wconf 93' lang='lat' dir='ltr'><strong>ille</strong></span> 
     </span>
     <span class='ocr_line' id='line_1_41' title="bbox 278 3885 1634 3960; baseline 0 -16"><span class='ocrx_word' id='word_1_428' title='bbox 278 3889 389 3945; x_wconf 87' lang='lat' dir='ltr'><strong>auribus</strong></span> <span class='ocrx_word' id='word_1_429' title='bbox 407 3888 563 3960; x_wconf 87' lang='lat' dir='ltr'><strong>percipitur,</strong></span> <span class='ocrx_word' id='word_1_430' title='bbox 582 3887 630 3943; x_wconf 91' lang='lat' dir='ltr'><strong>sed</strong></span> <span class='ocrx_word' id='word_1_431' title='bbox 643 3887 707 3959; x_wconf 91' lang='lat' dir='ltr'><strong>quia</strong></span> <span class='ocrx_word' id='word_1_432' title='bbox 723 3885 867 3954; x_wconf 90' lang='lat' dir='ltr'><strong>utrobique</strong></span> <span class='ocrx_word' id='word_1_433' title='bbox 880 3894 969 3940; x_wconf 90' lang='lat' dir='ltr'><strong>motus</strong></span> <span class='ocrx_word' id='word_1_434' title='bbox 988 3893 1043 3954; x_wconf 90' lang='lat' dir='ltr'><strong>est,</strong></span> <span class='ocrx_word' id='word_1_435' title='bbox 1059 3891 1174 3954; x_wconf 89' lang='lat' dir='ltr'><strong>uterque</strong></span> <span class='ocrx_word' id='word_1_436' title='bbox 1192 3896 1319 3942; x_wconf 86' lang='lat' dir='ltr'><strong>accurate</strong></span> <span class='ocrx_word' id='word_1_437' title='bbox 1337 3889 1501 3958; x_wconf 87' lang='lat' dir='ltr'><strong>percipitur,</strong></span> <span class='ocrx_word' id='word_1_438' title='bbox 1522 3897 1634 3958; x_wconf 68' lang='lat' dir='ltr'><strong>uterque</strong></span> 
     </span>
     <span class='ocr_line' id='line_1_42' title="bbox 279 3962 1633 4039; baseline -0.003 -15"><span class='ocrx_word' id='word_1_439' title='bbox 279 3962 454 4039; x_wconf 77' lang='lat' dir='ltr'><strong>dispensatur</strong></span> <span class='ocrx_word' id='word_1_440' title='bbox 472 3983 506 4022; x_wconf 88' lang='lat' dir='ltr'><strong>ex</strong></span> <span class='ocrx_word' id='word_1_441' title='bbox 525 3967 635 4023; x_wconf 89' lang='lat' dir='ltr'><strong>arbitrio</strong></span> <span class='ocrx_word' id='word_1_442' title='bbox 654 3966 766 4033; x_wconf 89' lang='lat' dir='ltr'><strong>mentis,</strong></span> <span class='ocrx_word' id='word_1_443' title='bbox 794 3963 949 4019; x_wconf 89' lang='lat' dir='ltr'><strong>harmonias</strong></span> <span class='ocrx_word' id='word_1_444' title='bbox 972 3963 1149 4033; x_wconf 83' lang='lat' dir='ltr'><strong>intelligentis</strong></span> <span class='ocrx_word' id='word_1_445' title='bbox 1173 3973 1202 4020; x_wconf 89' lang='lat' dir='ltr'><strong>et</strong></span> <span class='ocrx_word' id='word_1_446' title='bbox 1228 3967 1350 4022; x_wconf 87' lang='lat' dir='ltr'><strong>amantis.</strong></span> <span class='ocrx_word' id='word_1_447' title='bbox 1389 3967 1426 4021; x_wconf 86' lang='lat' dir='ltr'><strong>Et</strong></span> <span class='ocrx_word' id='word_1_448' title='bbox 1444 3967 1502 4021; x_wconf 89' lang='lat' dir='ltr'><strong>risu</strong></span> <span class='ocrx_word' id='word_1_449' title='bbox 1526 3969 1633 4036; x_wconf 84' lang='lat' dir='ltr'><strong>quidem</strong></span> 
     </span>
     <span class='ocr_line' id='line_1_43' title="bbox 277 4041 1632 4116; baseline -0.003 -14"><span class='ocrx_word' id='word_1_450' title='bbox 277 4047 340 4116; x_wconf 87' lang='lat' dir='ltr'><strong>lux,</strong></span> <span class='ocrx_word' id='word_1_451' title='bbox 368 4047 463 4102; x_wconf 87' lang='lat' dir='ltr'><strong>auditu</strong></span> <span class='ocrx_word' id='word_1_452' title='bbox 482 4061 565 4101; x_wconf 87' lang='lat' dir='ltr'><strong>sonus</strong></span> <span class='ocrx_word' id='word_1_453' title='bbox 583 4045 785 4114; x_wconf 88' lang='lat' dir='ltr'><strong>percipiuntur,</strong></span> <span class='ocrx_word' id='word_1_454' title='bbox 812 4041 870 4097; x_wconf 88' lang='lat' dir='ltr'><strong>illic</strong></span> <span class='ocrx_word' id='word_1_455' title='bbox 894 4057 910 4096; x_wconf 90' lang='lat' dir='ltr'><strong>a</strong></span> <span class='ocrx_word' id='word_1_456' title='bbox 929 4041 1073 4110; x_wconf 84' lang='lat' dir='ltr'><strong>superficie</strong></span> <span class='ocrx_word' id='word_1_457' title='bbox 1092 4057 1235 4112; x_wconf 88' lang='lat' dir='ltr'><strong>corporum</strong></span> <span class='ocrx_word' id='word_1_458' title='bbox 1260 4042 1374 4113; x_wconf 87' lang='lat' dir='ltr'><strong>delapsa</strong></span> <span class='ocrx_word' id='word_1_459' title='bbox 1393 4045 1511 4112; x_wconf 85' lang='lat' dir='ltr'><strong>species,</strong></span> <span class='ocrx_word' id='word_1_460' title='bbox 1537 4045 1582 4100; x_wconf 89' lang='lat' dir='ltr'><strong>hic</strong></span> <span class='ocrx_word' id='word_1_461' title='bbox 1599 4045 1632 4100; x_wconf 88' lang='lat' dir='ltr'><strong>ab</strong></span> 
     </span>
    </p>
   </div>
   <div class='ocr_carea' id='block_1_5' title="bbox 170 4121 1631 4197">
    <p class='ocr_par' dir='ltr' id='par_1_5' title="bbox 170 4121 1631 4197">
     <span class='ocr_line' id='line_1_44' title="bbox 170 4121 1631 4197; baseline -0.001 -17"><span class='ocrx_word' id='word_1_462' title='bbox 170 4185 173 4194; x_wconf 50' lang='lat'>‚</span> <span class='ocrx_word' id='word_1_463' title='bbox 223 4145 230 4168; x_wconf 73' lang='grc' dir='ltr'><strong>ι</strong></span> <span class='ocrx_word' id='word_1_464' title='bbox 278 4127 339 4196; x_wconf 87' lang='lat' dir='ltr'><strong>ipsa</strong></span> <span class='ocrx_word' id='word_1_465' title='bbox 357 4126 528 4197; x_wconf 89' lang='lat' dir='ltr'><strong>corpulentia</strong></span> <span class='ocrx_word' id='word_1_466' title='bbox 549 4139 651 4188; x_wconf 79' lang='grc' dir='ltr'><strong>ιιιιιιιι,</strong></span> <span class='ocrx_word' id='word_1_467' title='bbox 681 4129 713 4178; x_wconf 94' lang='grc' dir='ltr'><strong>ιιι</strong></span> <span class='ocrx_word' id='word_1_468' title='bbox 735 4128 799 4177; x_wconf 91' lang='lat' dir='ltr'><strong>sunt</strong></span> <span class='ocrx_word' id='word_1_469' title='bbox 821 4121 849 4174; x_wconf 91' lang='lat' dir='ltr'><strong>in</strong></span> <span class='ocrx_word' id='word_1_470' title='bbox 867 4127 944 4176; x_wconf 88' lang='lat' dir='ltr'><strong>motu</strong></span> <span class='ocrx_word' id='word_1_471' title='bbox 963 4123 1135 4178; x_wconf 88' lang='lat' dir='ltr'><strong>constitutae.</strong></span> <span class='ocrx_word' id='word_1_472' title='bbox 1173 4123 1270 4192; x_wconf 81' lang='lat' dir='ltr'><strong>ltaque</strong></span> <span class='ocrx_word' id='word_1_473' title='bbox 1293 4139 1327 4178; x_wconf 86' lang='lat' dir='ltr'><strong>ex</strong></span> <span class='ocrx_word' id='word_1_474' title='bbox 1346 4124 1405 4177; x_wconf 89' lang='lat' dir='ltr'><strong>risu</strong></span> <span class='ocrx_word' id='word_1_475' title='bbox 1434 4125 1555 4194; x_wconf 89' lang='lat' dir='ltr'><strong>simplice</strong></span> <span class='ocrx_word' id='word_1_476' title='bbox 1579 4141 1631 4179; x_wconf 92' lang='lat' dir='ltr'><strong>non</strong></span> 
     </span>
    </p>
   </div>
   <div class='ocr_carea' id='block_1_6' title="bbox 206 4199 1634 4905">
    <p class='ocr_par' dir='ltr' id='par_1_6' title="bbox 206 4199 1634 4905">
     <span class='ocr_line' id='line_1_45' title="bbox 275 4199 1632 4276; baseline -0.004 -13"><span class='ocrx_word' id='word_1_477' title='bbox 275 4205 430 4276; x_wconf 87' lang='lat' dir='ltr'><strong>judicamus</strong></span> <span class='ocrx_word' id='word_1_478' title='bbox 448 4205 482 4260; x_wconf 90' lang='lat' dir='ltr'><strong>de</strong></span> <span class='ocrx_word' id='word_1_479' title='bbox 500 4205 627 4273; x_wconf 83' lang='lat' dir='ltr'><strong>internis,</strong></span> <span class='ocrx_word' id='word_1_480' title='bbox 655 4203 707 4257; x_wconf 91' lang='lat' dir='ltr'><strong>nisi</strong></span> <span class='ocrx_word' id='word_1_481' title='bbox 725 4200 839 4256; x_wconf 87' lang='lat' dir='ltr'><strong>accedat</strong></span> <span class='ocrx_word' id='word_1_482' title='bbox 864 4199 1033 4269; x_wconf 86' lang='lat' dir='ltr'><strong>experientia</strong></span> <span class='ocrx_word' id='word_1_483' title='bbox 1051 4217 1141 4256; x_wconf 84' lang='lat' dir='ltr'><strong>rernm</strong></span> <span class='ocrx_word' id='word_1_484' title='bbox 1160 4201 1327 4256; x_wconf 88' lang='lat' dir='ltr'><strong>internarum</strong></span> <span class='ocrx_word' id='word_1_485' title='bbox 1353 4203 1387 4260; x_wconf 88' lang='lat' dir='ltr'><strong>ab</strong></span> <span class='ocrx_word' id='word_1_486' title='bbox 1407 4203 1527 4258; x_wconf 86' lang='lat' dir='ltr'><strong>externis</strong></span> <span class='ocrx_word' id='word_1_487' title='bbox 1553 4219 1632 4258; x_wconf 88' lang='lat' dir='ltr'><strong>nexa·</strong></span> 
     </span>
     <span class='ocr_line' id='line_1_46' title="bbox 279 4276 1632 4353; baseline -0.003 -13"><span class='ocrx_word' id='word_1_488' title='bbox 279 4302 347 4353; x_wconf 89' lang='lat' dir='ltr'><strong>rum,</strong></span> <span class='ocrx_word' id='word_1_489' title='bbox 366 4292 397 4340; x_wconf 90' lang='lat' dir='ltr'><strong>ut</strong></span> <span class='ocrx_word' id='word_1_490' title='bbox 414 4301 447 4340; x_wconf 89' lang='lat' dir='ltr'><strong>ex</strong></span> <span class='ocrx_word' id='word_1_491' title='bbox 468 4283 562 4340; x_wconf 89' lang='lat' dir='ltr'><strong>auditu</strong></span> <span class='ocrx_word' id='word_1_492' title='bbox 579 4281 648 4349; x_wconf 86' lang='lat' dir='ltr'><strong>soni,</strong></span> <span class='ocrx_word' id='word_1_493' title='bbox 668 4281 702 4335; x_wconf 90' lang='lat' dir='ltr'><strong>de</strong></span> <span class='ocrx_word' id='word_1_494' title='bbox 719 4279 832 4335; x_wconf 89' lang='lat' dir='ltr'><strong>internis</strong></span> <span class='ocrx_word' id='word_1_495' title='bbox 851 4276 965 4334; x_wconf 80' lang='lat' dir='ltr'><strong>iacimus</strong></span> <span class='ocrx_word' id='word_1_496' title='bbox 982 4280 1120 4348; x_wconf 89' lang='lat' dir='ltr'><strong>propriam</strong></span> <span class='ocrx_word' id='word_1_497' title='bbox 1132 4280 1339 4349; x_wconf 56' lang='lat' dir='ltr'><strong>conjecturam„</strong></span> <span class='ocrx_word' id='word_1_498' title='bbox 1362 4281 1450 4338; x_wconf 79' lang='lat' dir='ltr'><strong>Aliter</strong></span> <span class='ocrx_word' id='word_1_499' title='bbox 1462 4283 1546 4350; x_wconf 87' lang='lat' dir='ltr'><strong>igitur</strong></span> <span class='ocrx_word' id='word_1_500' title='bbox 1558 4280 1632 4336; x_wconf 91' lang='lat' dir='ltr'><strong>audi·</strong></span> 
     </span>
     <span class='ocr_line' id='line_1_47' title="bbox 280 4355 1632 4430; baseline -0.003 -12"><span class='ocrx_word' id='word_1_501' title='bbox 280 4371 326 4418; x_wconf 90' lang='lat' dir='ltr'><strong>tus</strong></span> <span class='ocrx_word' id='word_1_502' title='bbox 344 4363 378 4417; x_wconf 91' lang='lat' dir='ltr'><strong>de</strong></span> <span class='ocrx_word' id='word_1_503' title='bbox 397 4369 480 4419; x_wconf 88' lang='lat' dir='ltr'><strong>cantu</strong></span> <span class='ocrx_word' id='word_1_504' title='bbox 498 4368 630 4430; x_wconf 86' lang='lat' dir='ltr'><strong>testatur,</strong></span> <span class='ocrx_word' id='word_1_505' title='bbox 659 4359 738 4414; x_wconf 91' lang='lat' dir='ltr'><strong>aliter</strong></span> <span class='ocrx_word' id='word_1_506' title='bbox 756 4357 831 4412; x_wconf 86' lang='lat' dir='ltr'><strong>risus</strong></span> <span class='ocrx_word' id='word_1_507' title='bbox 850 4357 884 4411; x_wconf 89' lang='lat' dir='ltr'><strong>ds</strong></span> <span class='ocrx_word' id='word_1_508' title='bbox 903 4355 1084 4412; x_wconf 89' lang='lat' dir='ltr'><strong>coelestibus:</strong></span> <span class='ocrx_word' id='word_1_509' title='bbox 1113 4356 1153 4414; x_wconf 92' lang='lat' dir='ltr'><strong>illi</strong></span> <span class='ocrx_word' id='word_1_510' title='bbox 1173 4374 1256 4416; x_wconf 89' lang='lat' dir='ltr'><strong>sonus</strong></span> <span class='ocrx_word' id='word_1_511' title='bbox 1283 4360 1351 4415; x_wconf 85' lang='lat' dir='ltr'><strong>iacit</strong></span> <span class='ocrx_word' id='word_1_512' title='bbox 1371 4359 1499 4418; x_wconf 89' lang='lat' dir='ltr'><strong>iudicium</strong></span> <span class='ocrx_word' id='word_1_513' title='bbox 1517 4361 1632 4428; x_wconf 82' lang='lat' dir='ltr'><strong>longitu-</strong></span> 
     </span>
     <span class='ocr_line' id='line_1_48' title="bbox 206 4435 1631 4504; baseline -0.001 -9"><span class='ocrx_word' id='word_1_514' title='bbox 206 4467 214 4482; x_wconf 82' lang='lat'><strong>·</strong></span> <span class='ocrx_word' id='word_1_515' title='bbox 282 4439 351 4495; x_wconf 88' lang='lat' dir='ltr'><strong>diuis</strong></span> <span class='ocrx_word' id='word_1_516' title='bbox 370 4447 397 4496; x_wconf 89' lang='lat' dir='ltr'><strong>et</strong></span> <span class='ocrx_word' id='word_1_517' title='bbox 415 4440 545 4495; x_wconf 89' lang='lat' dir='ltr'><strong>tensionis</strong></span> <span class='ocrx_word' id='word_1_518' title='bbox 568 4438 729 4496; x_wconf 89' lang='lat' dir='ltr'><strong>chordarum</strong></span> <span class='ocrx_word' id='word_1_519' title='bbox 754 4443 819 4504; x_wconf 83' lang='grc' dir='ltr'><strong>ιιι,</strong></span> <span class='ocrx_word' id='word_1_520' title='bbox 848 4435 945 4504; x_wconf 90' lang='lat' dir='ltr'><strong>quibus</strong></span> <span class='ocrx_word' id='word_1_521' title='bbox 970 4435 1142 4493; x_wconf 85' lang='lat' dir='ltr'><strong>continentur</strong></span> <span class='ocrx_word' id='word_1_522' title='bbox 1165 4435 1337 4504; x_wconf 87' lang='lat' dir='ltr'><strong>harmoniae,</strong></span> <span class='ocrx_word' id='word_1_523' title='bbox 1366 4435 1430 4491; x_wconf 91' lang='lat' dir='ltr'><strong>huic</strong></span> <span class='ocrx_word' id='word_1_524' title='bbox 1452 4437 1556 4504; x_wconf 85' lang='lat' dir='ltr'><strong>auguli.</strong></span> <span class='ocrx_word' id='word_1_525' title='bbox 1583 4439 1631 4494; x_wconf 89' lang='lat' dir='ltr'><strong>sub</strong></span> 
     </span>
     <span class='ocr_line' id='line_1_49' title="bbox 280 4511 1630 4588; baseline 0.001 -18"><span class='ocrx_word' id='word_1_526' title='bbox 280 4517 379 4588; x_wconf 89' lang='lat' dir='ltr'><strong>quibus</strong></span> <span class='ocrx_word' id='word_1_527' title='bbox 398 4519 527 4574; x_wconf 88' lang='lat' dir='ltr'><strong>coelestia</strong></span> <span class='ocrx_word' id='word_1_528' title='bbox 545 4519 683 4588; x_wconf 85' lang='lat' dir='ltr'><strong>videntur,</strong></span> <span class='ocrx_word' id='word_1_529' title='bbox 712 4531 767 4570; x_wconf 93' lang='lat' dir='ltr'><strong>nou</strong></span> <span class='ocrx_word' id='word_1_530' title='bbox 786 4513 906 4586; x_wconf 92' lang='lat' dir='ltr'><strong>produnt</strong></span> <span class='ocrx_word' id='word_1_531' title='bbox 924 4513 1043 4569; x_wconf 77' lang='lat' dir='ltr'><strong>sisarum</strong></span> <span class='ocrx_word' id='word_1_532' title='bbox 1063 4531 1151 4569; x_wconf 90' lang='lat' dir='ltr'><strong>rerum</strong></span> <span class='ocrx_word' id='word_1_533' title='bbox 1172 4515 1365 4586; x_wconf 88' lang='lat' dir='ltr'><strong>quantitatem,</strong></span> <span class='ocrx_word' id='word_1_534' title='bbox 1385 4511 1433 4568; x_wconf 90' lang='lat' dir='ltr'><strong>sed</strong></span> <span class='ocrx_word' id='word_1_535' title='bbox 1453 4519 1483 4567; x_wconf 92' lang='lat' dir='ltr'><strong>ut</strong></span> <span class='ocrx_word' id='word_1_536' title='bbox 1500 4515 1567 4572; x_wconf 89' lang='lat' dir='ltr'><strong>baec</strong></span> <span class='ocrx_word' id='word_1_537' title='bbox 1586 4519 1630 4572; x_wconf 86' lang='lat' dir='ltr'><strong>hu·</strong></span> 
     </span>
     <span class='ocr_line' id='line_1_50' title="bbox 281 4583 1634 4668; baseline 0.002 -17"><span class='ocrx_word' id='word_1_538' title='bbox 281 4597 392 4665; x_wconf 87' lang='lat' dir='ltr'><strong>beatur,</strong></span> <span class='ocrx_word' id='word_1_539' title='bbox 417 4602 525 4666; x_wconf 89' lang='lat' dir='ltr'><strong>oportet</strong></span> <span class='ocrx_word' id='word_1_540' title='bbox 542 4598 595 4652; x_wconf 89' lang='lat' dir='ltr'><strong>alia</strong></span> <span class='ocrx_word' id='word_1_541' title='bbox 613 4597 693 4668; x_wconf 89' lang='lat' dir='ltr'><strong>plura</strong></span> <span class='ocrx_word' id='word_1_542' title='bbox 711 4611 761 4665; x_wconf 87' lang='lat' dir='ltr'><strong>per</strong></span> <span class='ocrx_word' id='word_1_543' title='bbox 778 4594 952 4666; x_wconf 86' lang='lat' dir='ltr'><strong>longissimas</strong></span> <span class='ocrx_word' id='word_1_544' title='bbox 973 4593 1144 4649; x_wconf 90' lang='lat' dir='ltr'><strong>inductiones</strong></span> <span class='ocrx_word' id='word_1_545' title='bbox 1163 4595 1301 4650; x_wconf 87' lang='lat' dir='ltr'><strong>accedere:</strong></span> <span class='ocrx_word' id='word_1_546' title='bbox 1338 4583 1463 4648; x_wconf 86' lang='lat' dir='ltr'><strong>Vicissim</strong></span> <span class='ocrx_word' id='word_1_547' title='bbox 1482 4603 1523 4650; x_wconf 89' lang='lat' dir='ltr'><strong>est</strong></span> <span class='ocrx_word' id='word_1_548' title='bbox 1542 4596 1634 4668; x_wconf 88' lang='lat' dir='ltr'><strong>aliqua</strong></span> 
     </span>
     <span class='ocr_line' id='line_1_51' title="bbox 280 4673 1632 4747; baseline 0.001 -17"><span class='ocrx_word' id='word_1_549' title='bbox 280 4675 379 4730; x_wconf 91' lang='lat' dir='ltr'><strong>horum</strong></span> <span class='ocrx_word' id='word_1_550' title='bbox 396 4689 524 4729; x_wconf 87' lang='lat' dir='ltr'><strong>sensuum</strong></span> <span class='ocrx_word' id='word_1_551' title='bbox 543 4676 698 4745; x_wconf 90' lang='lat' dir='ltr'><strong>similitudo,</strong></span> <span class='ocrx_word' id='word_1_552' title='bbox 718 4691 799 4746; x_wconf 87' lang='lat' dir='ltr'><strong>quam</strong></span> <span class='ocrx_word' id='word_1_553' title='bbox 817 4673 952 4746; x_wconf 88' lang='lat' dir='ltr'><strong>ignorarit</strong></span> <span class='ocrx_word' id='word_1_554' title='bbox 970 4673 1152 4741; x_wconf 88' lang='lat' dir='ltr'><strong>Ptolemaeus,</strong></span> <span class='ocrx_word' id='word_1_555' title='bbox 1170 4673 1251 4742; x_wconf 82' lang='lat' dir='ltr'><strong>hujus</strong></span> <span class='ocrx_word' id='word_1_556' title='bbox 1267 4673 1323 4728; x_wconf 91' lang='lat' dir='ltr'><strong>loci</strong></span> <span class='ocrx_word' id='word_1_557' title='bbox 1341 4678 1463 4746; x_wconf 89' lang='lat' dir='ltr'><strong>propria,</strong></span> <span class='ocrx_word' id='word_1_558' title='bbox 1482 4677 1554 4747; x_wconf 89' lang='lat' dir='ltr'><strong>quod</strong></span> <span class='ocrx_word' id='word_1_559' title='bbox 1574 4681 1632 4735; x_wconf 87' lang='lat' dir='ltr'><strong>soni</strong></span> 
     </span>
     <span class='ocr_line' id='line_1_52' title="bbox 281 4751 1631 4824; baseline 0.001 -15"><span class='ocrx_word' id='word_1_560' title='bbox 281 4751 390 4824; x_wconf 89' lang='lat' dir='ltr'><strong>quidem</strong></span> <span class='ocrx_word' id='word_1_561' title='bbox 408 4759 436 4806; x_wconf 87' lang='lat' dir='ltr'><strong>st</strong></span> <span class='ocrx_word' id='word_1_562' title='bbox 454 4761 549 4810; x_wconf 88' lang='lat' dir='ltr'><strong>cantus</strong></span> <span class='ocrx_word' id='word_1_563' title='bbox 566 4755 699 4810; x_wconf 86' lang='lat' dir='ltr'><strong>humanus</strong></span> <span class='ocrx_word' id='word_1_564' title='bbox 718 4753 812 4809; x_wconf 90' lang='lat' dir='ltr'><strong>auditu</strong></span> <span class='ocrx_word' id='word_1_565' title='bbox 830 4753 1035 4823; x_wconf 89' lang='lat' dir='ltr'><strong>percipluntur,</strong></span> <span class='ocrx_word' id='word_1_566' title='bbox 1054 4758 1227 4819; x_wconf 76' lang='lat' dir='ltr'><strong>mutescere,</strong></span> <span class='ocrx_word' id='word_1_567' title='bbox 1247 4751 1374 4807; x_wconf 89' lang='lat' dir='ltr'><strong>coelestis</strong></span> <span class='ocrx_word' id='word_1_568' title='bbox 1393 4753 1551 4810; x_wconf 88' lang='lat' dir='ltr'><strong>barmoniae</strong></span> <span class='ocrx_word' id='word_1_569' title='bbox 1569 4757 1631 4810; x_wconf 83' lang='lat' dir='ltr'><strong>snb</strong></span> 
     </span>
     <span class='ocr_line' id='line_1_53' title="bbox 279 4829 1632 4905; baseline -0.001 -15"><span class='ocrx_word' id='word_1_570' title='bbox 279 4831 397 4902; x_wconf 75' lang='lat' dir='ltr'><strong>lectum,</strong></span> <span class='ocrx_word' id='word_1_571' title='bbox 422 4832 482 4886; x_wconf 86' lang='lat' dir='ltr'><strong>risu</strong></span> <span class='ocrx_word' id='word_1_572' title='bbox 501 4845 549 4886; x_wconf 86' lang='lat' dir='ltr'><strong>seu</strong></span> <span class='ocrx_word' id='word_1_573' title='bbox 568 4831 658 4905; x_wconf 86' lang='lat' dir='ltr'><strong>aliqua</strong></span> <span class='ocrx_word' id='word_1_574' title='bbox 681 4832 754 4888; x_wconf 84' lang='grc' dir='ltr'><strong>ιιιιιι</strong></span> <span class='ocrx_word' id='word_1_575' title='bbox 773 4832 888 4902; x_wconf 85' lang='lat' dir='ltr'><strong>analoga</strong></span> <span class='ocrx_word' id='word_1_576' title='bbox 905 4831 1050 4899; x_wconf 80' lang='lat' dir='ltr'><strong>facultate,</strong></span> <span class='ocrx_word' id='word_1_577' title='bbox 1079 4845 1149 4902; x_wconf 88' lang='lat' dir='ltr'><strong>quae</strong></span> <span class='ocrx_word' id='word_1_578' title='bbox 1175 4829 1255 4886; x_wconf 88' lang='lat' dir='ltr'><strong>sitin</strong></span> <span class='ocrx_word' id='word_1_579' title='bbox 1275 4831 1351 4902; x_wconf 87' lang='lat' dir='ltr'><strong>Sole,</strong></span> <span class='ocrx_word' id='word_1_580' title='bbox 1379 4832 1480 4903; x_wconf 83' lang='lat' dir='ltr'><strong>partim</strong></span> <span class='ocrx_word' id='word_1_581' title='bbox 1504 4833 1586 4889; x_wconf 87' lang='lat' dir='ltr'><strong>etiarn</strong></span> <span class='ocrx_word' id='word_1_582' title='bbox 1604 4834 1632 4889; x_wconf 89' lang='lat' dir='ltr'><strong>iu</strong></span> 
     </span>
    </p>
   </div>
   <div class='ocr_carea' id='block_1_7' title="bbox 0 0 1854 5534">
    <p class='ocr_par' dir='ltr' id='par_1_7' title="bbox 0 0 1854 5534">
     <span class='ocr_line' id='line_1_54' title="bbox 0 0 1854 5534; baseline 0 1"><span class='ocrx_word' id='word_1_583' title='bbox 0 0 1854 5534; x_wconf 95' lang='lat' dir='ltr'><strong> </strong></span> 
     </span>
    </p>
   </div>
  </div>
 </body>
</html>
