3564 5540
581 386 758 443 Harmonicis.
794 387 937 446 Liberllh
961 389 1049 463 Caput
1061 393 1106 449 iv.
1200 348 1204 364 «
1457 403 1517 466 153

249 555 342 621 Porro
373 563 598 640 comparationis
620 587 681 628 seu
711 571 916 630 abstractionis
945 561 1100 633 methodus
1129 571 1189 633 alia
1222 584 1266 635 est
1292 575 1436 654 generalis
1464 595 1517 638 seu

163 644 355 722 arithmetica,
379 649 437 709 alia
459 654 604 729 specialis,
628 655 810 718 harmonicas
832 662 957 738 propria.
1004 660 1193 723 Arithmetice
1222 663 1340 740 quidem
1370 665 1519 742 eliguntur

163 747 293 794 consona
314 739 427 796 minora
455 738 560 816 duplo,
592 759 714 820 quorum
737 763 827 804 tinum
855 763 912 806 non
936 749 976 806 ait
998 745 1117 807 alterius
1139 767 1207 826 pars
1236 752 1319 828 talia,
1351 749 1439 831 quam
1463 753 1517 814 de·

162 821 322 897 signaverit
344 824 444 902 aliqua
466 827 609 890 medietas
632 831 800 894 harmonica
822 835 926 912 cepitis
949 837 1115 912 superioris.

181 939 331 1002 Intersunt
357 961 425 1021 ergo
800 951 831 1006 ln
849 951 933 1022 notis,
953 967 987 1006 ex
1006 951 1161 1022 anticipato.

162 1039 223 1080 luter
237 1051 293 1082 eon·
342 1046 431 1086 concin-

136 1149 146 1164 =
166 1096 292 1134 abacista·
321 1099 430 1139 nabsan:
703 1085 1260 1236 ffiffssffiififflffisssffi
1305 1147 1318 1169 a

182 1197 193 1230 ι
238 1181 242 1193 ’
383 1177 397 1220 s'
499 1189 514 1196 “
542 1189 590 1198 ““
819 1195 843 1202 ”
865 1197 885 1201 ‘¹
929 1196 937 1202 ’

163 1232 173 1264 ι
239 1235 245 1262 t
470 1247 474 1260 ·

1319 1163 1337 1172 -
1375 1165 1379 1168 .

939 1193 1118 1237 ...¹.„.....
1131 1197 1163 1204 ..
1175 1196 1260 1206 .....
1285 1159 1373 1212 ...Ε

759 1150 1515 1264 -ι--ἓθιι-ι-ι-ιιΘ-ιι-ψέὲξέξ

159 1549 272 1650 isbaal:
298 1615 330 1624 ‚
352 1526 407 1658 ⁰(ss
531 1556 707 1638 Harmonice
731 1567 1129 1641 comparatioconsonorum
1151 1562 1370 1624 intervallorum
1393 1565 1513 1640 respicit

370 1645 373 1652 '
449 1651 545 1722 ortum
567 1664 680 1720 eorum,
714 1659 744 1710 et
766 1670 853 1729 qnam
877 1652 1028 1730 quodlibet
1056 1672 1092 1714 ex
1115 1659 1179 1711 ortu
1201 1666 1255 1710 suo
1283 1651 1421 1709 sortiatur
1443 1650 1513 1710 alti·

156 1724 300 1787 tudinem.
343 1729 418 1790 Nam
460 1739 510 1810 pe'r
538 1749 639 1794 omncs
666 1743 885 1816 proportionum
921 1739 1181 1818 comparandarum
1216 1739 1355 1798 terminos
1386 1735 1513 1814 maJores

156 1829 232 1872 unus
257 1824 288 1874 et
309 1815 387 1876 idem
410 1818 534 1879 circulus
557 1829 635 1882 totus
658 1835 891 1902 repraesentetur
913 1831 998 1906 eique
1014 1828 1141 1904 analoga
1160 1825 1268 1886 chorda
1283 1827 1406 1901 integra,
1430 1841 1512 1884 eom-

157 1903 253 1962 munis
279 1907 413 1966 omnibus
435 1908 615 1968 sectionibus
638 1911 822 1974 harmonicis.
867 1919 962 1992 Igitur
984 1917 1262 1976 omnibus'numeris
1285 1912 1429 1988 muj0rum
1452 1923 1513 1972 ter-

157 1991 303 2049 minorum
326 2011 361 2051 ex
384 1997 562 2055 sectionibus
584 1997 769 2074 harmonicis,
792 2003 904 2063 seilicet
926 2007 963 2074 ‘lg
984 2007 1017 2077 3,
1042 2007 1078 2077 t,
1104 2001 1139 2076 5,
1164 2006 1199 2076 li,
1225 2004 1259 2074 ὃ,
1285 2001 1304 2058 8
1327 1999 1511 2076 quaerendus

156 2085 201 2135 est
223 2083 389 2140 communis
412 2085 547 2144 minimus
571 2085 708 2146 dividuus
733 2091 808 2162 120,
833 2099 863 2150 et
885 2090 994 2151 chorda
1008 2099 1072 2152 tota
1094 2098 1138 2150 est
1155 2086 1363 2166 distinguenda
1385 2090 1414 2144 in
1438 2089 1511 2147 toti-

157 2163 221 2222 dem
245 2175 347 2242 partes
370 2169 523 2247 aequales,
557 2181 590 2231 ut
612 2191 701 2234 sonus
724 2179 814 2237 totius
837 2177 962 2239 chordae
986 2179 1179 2240 constituatur
1208 2194 1260 2256 pro
1283 2176 1428 2234 communi
1451 2183 1513 2238 ter·

156 2253 233 2310 mirso
260 2253 370 2331 maJore
394 2260 522 2318 omnium
545 2277 738 2322 eonsouorum
769 2283 819 2343 per
848 2269 993 2326 sectiones
1020 2267 1180 2338 suetorum,
1211 2272 1240 2326 at
1268 2261 1510 2324 accommodaudi

157 2341 274 2398 tormini
298 2345 442 2419 minores,
474 2353 505 2405 ut
528 2349 602 2408 iuter
624 2368 656 2411 ss
680 2355 839 2430 comparati
862 2355 1041 2414 constituant
1062 2352 1219 2414 intervella
1247 2351 1402 2422 concinna,
1436 2367 1513 2427 quaa

159 2425 215 2486 lroe
239 2431 339 2507 capite
361 2433 591 2511 investigantum
614 2438 758 2513 prodeunt
781 2450 879 2501 autem
903 2441 1123 2518 eadem,2quae
1145 2443 1226 2518 prins
1249 2436 1439 2500 arithmetice.

577 2523 651 2584 Ecca
673 2527 702 2584 in
726 2530 802 2586 notis
826 2547 862 2589 ex
884 2529 1052 2605 anticipato.

838 2637 1319 2652 -t—u———ffl———U

561 2639 1317 2811 ,ἓῗξ-Ξῢξῇζῇξέ

732 2784 1260 2796 ”mmm—um„

799 2811 1319 2862 mmmmmmmm

800 2945 1065 3010 ltl

301 3553 326 3682 Nam
301 3453 326 3516 do
299 3313 328 3414 120
308 3159 333 3279 par·

363 3794 377 3828 ι
520 3807 553 3864 96
802 3792 804 3800 ’
887 3773 891 3830 l
1198 3715 1215 3791 4¹
1233 3715 1348 3833 9651100

361 3825 375 3864 ⁵
555 3854 564 3960 g
779 3861 952 3918 aas
1023 3861 1346 3921 ersom

364 3961 563 4070 epm

162 4165 368 4178 ——a--m

161 4254 210 4310 sed
228 4253 300 4308 bene
318 4250 352 4307 in
363 4250 482 4306 minores
500 4246 602 4318 speciei
620 4247 739 4303 alterius.
775 4249 799 4302 3.
819 4246 860 4316 Si,
884 4254 915 4302 ut
933 4262 996 4318 pars
1020 4245 1200 4318 multiplicata
1222 4254 1305 4316 sugat
1328 4245 1516 4318 quantitatem,

161 4335 201 4389 sio
220 4332 302 4387 etiam
322 4347 385 4400 pars
404 4327 598 4407 consonantiae
617 4342 735 4380 consona
753 4325 796 4382 iel
814 4326 946 4381 conciuua
963 4335 1074 4396 augeret
1093 4327 1297 4382 consonantiam
1319 4326 1362 4382 rel
1380 4325 1515 4382 concinni·

160 4419 245 4469 tatem
264 4410 358 4478 totius,
377 4427 432 4466 non
450 4409 621 4464 efficerentur
638 4405 746 4461 tandem
765 4422 798 4459 ex
817 4405 1031 4462 accumulatione
1051 4404 1235 4462 dissonantiae
1258 4413 1286 4460 et
1302 4405 1472 4461 inconcinna

234 4489 364 4562 Quaestio
381 4489 415 4542 11.
450 4489 493 4544 An
512 4487 704 4543 consonantiae
721 4487 842 4542 habeant
860 4501 940 4542 unam
959 4499 1126 4540 communem
1143 4497 1310 4552 mensuram,
1328 4491 1395 4554 puta
1412 4493 1514 4542 tonum·

165 4566 261 4638 diesin,
280 4583 384 4622 comma
402 4567 475 4624 eta?
510 4567 650 4638 Neaeram
668 4581 755 4634 neque
774 4565 845 4619 enim
863 4571 894 4620 at
912 4571 976 4620 suut
987 4565 1185 4634 proportiones,
1203 4563 1267 4632 quia
1279 4563 1318 4622 sic
1331 4572 1397 4623 rurrt
1413 4565 1514 4622 incom-

163 4646 373 4716 mensurabiles,
397 4645 425 4700 id
448 4653 490 4702 est
509 4643 741 4703 commensurabili
760 4657 887 4696 mensura
904 4651 1042 4710 carentes3
1068 4655 1156 4712 neque
1173 4647 1203 4696 ut
1221 4649 1284 4697 aunt
1304 4644 1425 4714 species,
1451 4643 1516 4711 quia

164 4723 268 4790 saurais,
290 4741 325 4782 ex
345 4724 444 4800 quibus
463 4735 537 4781 ortae
556 4725 707 4795 quibusque
726 4721 866 4780 definitae,
895 4719 975 4776 etiam
994 4726 1088 4774 contra
1110 4737 1139 4775 sa
1157 4725 1250 4777 mutuo
1274 4723 1418 4779 distinctae
1441 4731 1512 4778 aunt.

163 4801 273 4858 Habent
291 4821 316 4858 n.
336 4819 353 4874 q
375 4802 534 4858 rrdammodo
551 4813 675 4858 naturam
694 4802 848 4872 figurarum,
863 4797 921 4868 jam
939 4811 1003 4853 vero
1021 4797 1143 4868 trigonus
1156 4807 1184 4854 et
1195 4807 1363 4870 pentagonus
1377 4799 1404 4856 in
1419 4797 1514 4856 eodem

166 4881 266 4948 circulo
289 4881 363 4954 loug'
398 4881 474 4940 diues
503 4881 604 4938 habent
625 4881 741 4939 laterum
769 4877 1063 4938 incommensurabiles·
1105 4879 1227 4952 Denique
1254 4893 1382 4937 mensura
1405 4877 1514 4951 quidem
