3676 5536
655 354 662 364 '
734 349 817 406 161666
833 349 1051 422 1111666111
1267 437 1270 454 ᾗ
1504 371 1567 430 646

232 534 234 544 ⁴
303 527 373 582 Nam
393 526 503 583 scibiles
522 524 721 596 6661666666,
747 525 794 579 sed
821 525 869 580 illa
885 525 1047 600 impropria,
1072 530 1140 586 haec
1159 539 1262 588 remoto
1283 538 1381 604 666616,
1411 542 1442 592 61
1457 537 1527 595 libro
1545 539 1567 595 1.

218 607 347 678 666614.
367 605 591 661 demonstratum.
627 605 665 660 Et
683 619 818 674 congruae
838 612 912 670 sunt,
936 607 1048 663 sedilia
1065 607 1261 682 non'omnihus
1283 615 1387 682 angulis
1410 617 1568 686 aequaliter,

215 689 244 742 in
263 687 355 742 eadem
374 686 463 740 16666
482 685 687 754 congruentiae,
711 683 779 736 haec
802 684 927 738 omnibus
946 686 1053 751 quidem
1072 689 1191 758 angulis,
1215 692 1262 746 scd
1286 694 1462 760 congruentia
1487 696 1567 765 plane

215 782 269 820 non
287 763 471 831 6666661111,
493 763 566 832 quod
584 769 723 817 ostensum
741 763 810 818 libro
828 763 863 818 11.
882 780 959 836 prop.
977 767 1019 822 29.
1056 768 1247 825 Rudimentum
1266 772 1348 840 igitur
1370 774 1507 844 quoddam
1525 781 1568 830 eet

215 842 382 898 efficacitatis
401 849 430 896 et
448 841 532 898 661611
550 848 677 906 conatus,
697 850 725 895 at
745 841 861 898 effectus
879 843 923 898 661
940 843 1031 900 661166
1050 847 1091 901 661
1109 849 1293 920 imperfectus.

301 953 412 1012 Multas
435 952 546 1011 babent
575 951 631 1009 hae
654 950 765 1026 ligatae
788 952 905 1026 stellas,
935 939 988 1013 illa
1011 956 1129 1030 quidem
1152 961 1295 1036 6616666,
1329 979 1452 1036 quarum
1474 953 1586 1023 161666

214 1040 393 1103 subtendunt
414 1057 499 1100 arcus
523 1039 621 1098 circuli
645 1037 710 1110 hos,
745 1036 816 1116 480,
848 1037 923 1112 960,
957 1041 1047 1114 1120,
1077 1041 1168 1117 156⁰,
1196 1045 1286 1120 1680,
1317 1048 1372 1108 1666
1397 1067 1466 1109 6666
1490 1069 1566 1128 666-

215 1139 297 1203 1666,
327 1146 449 1206 666666
471 1127 565 1186 161666
587 1125 767 1185 subtendunt
788 1123 873 1186 61666
897 1127 997 1187 circuli
1027 1127 1098 1204 54⁰,
1136 1129 1227 1209 1260,
1263 1133 1354 1208 1620,
1389 1134 1479 1194 1110.
1526 1141 1567 1196 At

215 1235 280 1278 cum
303 1217 358 1276 hae
381 1215 485 1276 stellae
508 1230 597 1274 66666
619 1212 750 1273 habeant
772 1214 910 1290 angulos,
941 1218 969 1272 in
994 1234 1068 1292 quos
1096 1235 1155 1277 666
1183 1224 1361 1298 66616166166
1391 1222 1491 1300 anguli
1514 1226 1565 1284 6111
1671 1219 1673 1226 ’

214 1306 334 1381 congrui
358 1305 411 1381 (sic
434 1304 517 1362 utin
541 1319 630 1362 cavos
654 1301 779 1378 angulos
801 1305 1014 1378 pentagonioae
1037 1313 1067 1364 61
1089 1305 1285 1384 decagonicae
1308 1313 1492 1389 recipiuntur
1509 1329 1564 1370 an-

215 1394 277 1470 guli
300 1392 496 1468 pentagoniei,
532 1392 562 1447 in
586 1391 776 1464 octogonicae
796 1389 921 1466 angulus
944 1396 1099 1468 tetragoni,
1131 1397 1161 1452 in
1179 1396 1415 1474 dodecagonicae
1439 1398 1565 1474 angulus

215 1477 345 1559 trigoni),
370 1487 461 1538 restat
483 1479 572 1554 igitur
587 1479 623 1534 116
639 1475 704 1536 6616
719 1483 880 1552 66616666,
905 1496 979 1554 6666
993 1481 1091 1541 radios
1112 1481 1243 1558 dicimus,
1268 1489 1473 1562 congruentias
1497 1494 1566 1546 6661

213 1571 301 1645 igitur
324 1565 441 1627 viliores
464 1569 536 1643 ipsis
558 1567 619 1624 suis
641 1565 831 1642 primigeniis.

784 1765 925 1900 66666
953 1801 1004 1874 vt.

213 1945 302 2016 Quae
321 1946 368 2002 sit
385 1945 542 2016 cognatio
567 1945 771 2015 aspectibus
790 1961 860 1999 oum
879 1949 1118 2002 consonantiis
1136 1951 1275 2005 musicis
1294 1951 1326 2007 16
1345 1967 1507 2023 numero,
1527 1959 1564 2008 61

779 2047 895 2088 666666
915 2049 994 2103 6666.

301 2179 415 2256 Quibus
449 2179 652 2238 occasionibus
684 2176 817 2236 detectae
850 2179 910 2236 6161
944 2179 1189 2254 configurationes
1227 2183 1361 2243 61666666
1396 2189 1562 2262 666166666

214 2285 313 2329 66666
335 2285 482 2340 6666666,
505 2284 564 2324 666
587 2274 631 2326 661
653 2265 741 2340 hujus
764 2264 821 2323 loci
845 2281 1080 2342 commemorare,
1104 2272 1230 2345 pertinet
1244 2274 1320 2329 6616
1336 2271 1393 2331 1666
1415 2271 1453 2332 ad
1468 2282 1566 2331 astro-

112 2423 115 2430 ,
212 2357 322 2432 logiam
352 2359 456 2432 egique
479 2353 515 2414 de
539 2371 576 2413 66
596 2371 627 2412 66
655 2361 722 2411 6616
745 2368 838 2411 66666
864 2357 902 2412 12
933 2355 964 2412 16
988 2353 1066 2414 libro
1092 2357 1128 2417 de
1151 2356 1244 2416 Stella
1266 2357 1352 2418 Nova
1382 2366 1412 2418 61
1434 2359 1564 2435 Trigono
1619 2383 1625 2396 ·

212 2445 304 2521 lgneo
328 2461 390 2519 cap.
414 2445 441 2515 8,
468 2443 498 2520 a,
524 2442 571 2514 10,
605 2441 735 2499 6161666
760 2447 873 2499 166166
897 2441 1050 2502 discrimen
1073 2447 1176 2521 ingens
1200 2445 1314 2505 ostendi
1337 2449 1412 2506 inter
1426 2455 1564 2524 aspectus
1679 2496 1684 2504 .

214 2541 244 2592 61
271 2534 344 2590 16166
368 2539 465 2590 661666
495 2536 674 2600 66666616,
707 2531 946 2588 6666666116166
976 2531 1185 2608 astrologicae,
1219 2534 1269 2592 eed
1294 2536 1383 2592 etiam
1406 2533 1476 2595 ,1616,
1500 2534 1564 2594 Ρ161

213 2617 398 2678 Mirandulae
422 2618 546 2676 Comitis
574 2620 701 2674 rationes
724 2615 961 2693 philosophicas,
995 2617 1063 2678 huic
1092 2623 1179 2680 etiam
1209 2619 1387 2694 astrologiae
1408 2625 1484 2698 parti
1508 2639 1563 2700 op-

214 2703 334 2786 positas,
358 2705 451 2765 solide
474 2712 507 2763 ut
523 2706 627 2780 opinor
650 2703 782 2776 dissolvi,
808 2720 866 2778 qua
882 2704 1073 2765 dissolvenda
1095 2715 1124 2766 61
1139 2708 1292 2768 6616166616
1307 2709 1432 2768 luerunt.
1472 2709 1578 2792 (1666-1

214 2812 272 2872 666
294 2801 363 2854 6616
385 2809 492 2852 novem
516 2809 608 2850 66666
632 2790 789 2850 Helisaeus
812 2790 951 2850 116611666
974 2791 1015 2853 Μ.
1040 2793 1078 2852 D.
1103 2803 1133 2854 61
1154 2795 1346 2873 philosophus
1370 2812 1429 2857 non
1453 2798 1563 2858 incele-

212 2884 272 2942 bris
294 2881 370 2942 libro
393 2881 555 2939 'leutonica
578 2879 678 2955 lingua
701 2877 779 2937 adito
803 2895 911 2938 novam
936 2879 1012 2938 hanc
1024 2881 1251 2958 philosophiam,
1275 2885 1338 2959 ipse
1358 2886 1450 2944 veteri
1466 2891 1563 2944 astro·

213 2971 312 3044 logice
342 2967 475 3041 deditus,
509 2965 737 3042 impugnandam
767 2968 938 3039 sumsisset,
975 2969 1102 3044 itemque
1134 2971 1210 3028 alius
1232 2971 1376 3045 medicus,
1407 2970 1563 3048 Philippus

216 3057 366 3128 Feeeiius,
398 3059 426 3113 in
458 3057 632 3114 contrarium
663 3051 840 3128 astrologiae
872 3055 968 3130 capita
998 3059 1162 3131 promiscue
1186 3060 1284 3118 omnia
1311 3059 1443 3134 interque
1466 3077 1501 3118 66
1534 3066 1563 3119 61

215 3144 377 3204 doctrinam
400 3143 441 3203 (16
460 3141 738 3216 configurationibus
762 3151 972 3216 oppugnasset,
996 3159 1051 3218 ego
1075 3147 1190 3220 utrique
1213 3147 1313 3218 restiti,
1338 3145 1424 3204 editis
1448 3145 1563 3207 duobus

212 3232 321 3292 libellis
337 3231 517 3300 Teutonicis,
542 3246 665 3305 quorum
687 3229 771 3288 611661
794 3228 911 3287 titulus:
935 3228 1100 3304 Responsio
1123 3231 1165 3290 nd
1179 3232 1293 3302 objecta
1307 3231 1437 3306 Rdaiini,
1461 3233 1561 3293 alteri:

218 3319 337 3380 aaran
359 3317 575 3377 interveniens.
620 3316 657 3375 Et
680 3319 708 3374 in
725 3315 782 3374 hoc
803 3316 921 3392 quidem
946 3319 1099 3376 veritatem
1123 3317 1237 3378 delendi
1253 3329 1433 3394 aspectuum,
1457 3321 1486 3377 in
1510 3321 1562 3380 illo

213 3423 284 3466 vero
307 3405 427 3465 modurn
449 3421 570 3478 causae,
600 3419 658 3479 6666
682 3412 818 3478 aspectus
849 3405 907 3462 sint
936 3401 1083 3477 61666666,
1112 3409 1232 3464 6666661.
1277 3407 1381 3482 116666
1405 3407 1562 3468 6161616611

212 3497 329 3570 scriptis
358 3493 395 3552 ad
423 3509 469 3552 66
498 3492 589 3550 literis
618 3493 717 3550 testati
748 3498 830 3562 eunt,
861 3507 939 3548 nunc
968 3489 1083 3549 demum
1107 3493 1271 3568 astrologos
1300 3511 1320 3551 a
1340 3511 1386 3552 me
1413 3497 1560 3570 puriorem

211 3579 429 3661 philosophiam
454 3579 560 3639 doceri.
606 3579 639 3637 16
671 3577 805 3638 66611666
834 3577 942 3636 libellis
966 3581 1148 3651 cognationis
1177 3581 1311 3654 memini,
1343 3597 1419 3656 quae
1442 3583 1560 3641 musicis

212 3671 411 3730 consonantiis
435 3667 594 3727 intercedat
617 3683 681 3725 cum
705 3663 884 3744 aspectibus,
906 3664 956 3724 sed
980 3666 1008 3721 in
1025 3667 1117 3742 primo
1141 3665 1236 3725 6611666
1259 3667 1342 3727 166661
1364 3670 1561 3727 circanume-

212 3775 276 3816 rum
300 3766 480 3832 aspectuum,
505 3753 646 3832 quosdam
669 3755 783 3830 spurios
814 3752 861 3811 661
885 3759 961 3813 66616
984 3752 1144 3813 imbecilles
1168 3755 1327 3813 observans
1351 3757 1424 3813 iuter
1446 3758 1561 3832 praeci-

211 3862 299 3922 puos,
323 3845 466 3920 quosdam
488 3844 620 3902 fortiores
643 3843 760 3918 penitus
782 3839 948 3916 negligens,
980 3841 1010 3897 in
1033 3839 1203 3900 ’1661661616
1226 3858 1295 3900 6666
1324 3845 1409 3918 66661
1430 3842 1484 3901 1666
1507 3842 1561 3902 de-

211 3934 305 3992 iectus
329 3931 537 4008 speculationis
560 3946 643 3988 meae
667 3927 815 4003 detegere,
839 3927 918 4004 quod
941 3928 1031 4003 paulo
1053 3929 1176 4006 pleniori
1201 3929 1405 4001 declaratione,
1428 3929 1495 3988 loco
1519 3932 1561 3988 sic
1676 3919 1694 3978 .‘

210 4019 398 4097 postulante,
423 4017 612 4094 repetendum
636 4017 734 4075 censui
758 4031 851 4090 nuper
874 4017 902 4074 in
924 4015 1139 4092 prolegomenis
1162 4015 1403 4092 Ephemeridum,
1434 4015 1484 4076 sol.
1509 4017 1560 4088 33,

213 4109 271 4180 31,
302 4108 358 4180 35,
388 4101 486 4181 3600)
532 4103 615 4178 Quae
639 4120 707 4162 6666
735 4103 775 4160 ibi
803 4102 861 4161 loci
891 4110 1009 4180 propter
1040 4106 1202 4163 institutam
1225 4106 1398 4164 brevitatem
1421 4103 1561 4180 explicari

211 4195 306 4256 insius
328 4211 386 4252 non
400 4200 566 4269 potuerunt,
590 4207 626 4249 66
644 4189 707 4266 jam
722 4189 779 4258 hic,
804 4189 905 4249 ordine
924 4193 966 4248 sic
982 4190 1099 4264 1666616,
1124 4191 1276 4269 supplebo.
1322 4191 1457 4264 Axioma,
1480 4191 1560 4267 quod
1604 4233 1606 4239 -

212 4299 290 4344 anno
317 4283 409 4341 1606.
433 4288 613 4356 usurpatum,
647 4275 825 4336 1666611616
849 4276 1073 4354 Ephemeridum
1097 4281 1187 4338 eumei
1212 4277 1437 4339 examinandum
1463 4285 1492 4336 et
1513 4295 1561 4339 re·

211 4369 373 4440 latendum,
396 4367 452 4427 hoc
475 4375 553 4427 erat:
586 4363 757 4423 0666166666
779 4363 882 4422 Deum
905 4372 961 4423 661
983 4382 1019 4425 es
1041 4365 1211 4426 haemona
1233 4373 1341 4424 cantas
1366 4365 1453 4440 infra
1475 4373 1559 4425 6616-

211 4475 298 4530 vam,
329 4457 405 4514 libro
429 4453 683 4528 11161666616116,
716 4451 889 4509 6666661666
911 4453 985 4527 lepos
1013 4452 1257 4512 ordinandorum
1281 4459 1472 4526 6666616666,
1504 4461 1561 4512 ont

212 4545 255 4604 661
276 4543 407 4604 coelestes
428 4549 562 4618 66666166
589 4548 799 4616 attemperant
827 4555 916 4596 66666
944 4539 1088 4612 bominis,
1117 4540 1404 4599 concordantiamm
1433 4540 1560 4600 illoram

206 4631 333 4706 16611666.
378 4629 444 4688 Η66
466 4631 582 4689 axioma
603 4629 629 4686 si
652 4644 752 4687 verum
771 4623 964 4702 undiquaque
987 4635 1079 4699 esset,
1105 4635 1250 4704 oporteret
1273 4644 1336 4686 asae
1360 4626 1479 4687 totidem
1501 4645 1559 4686 nn-

213 4736 293 4779 mero
323 4726 475 4794 aspectus,
505 4725 577 4792 quot
604 4723 673 4775 sant
701 4711 924 4775 concordantiae
952 4729 1045 4788 66666
1075 4713 1112 4773 66
1144 4713 1293 4790 diapason.
1343 4714 1419 4774 Nam
1446 4715 1559 4776 sextilis

212 4805 372 4883 respondet
393 4807 496 4866 tertias
519 4802 613 4879 molli,
645 4802 776 4884 quintilis
798 4801 902 4860 1661166
924 4799 1030 4876 durae,
1061 4800 1221 4882 quadratus
1243 4803 1438 4886 diatessaron,
1465 4805 1559 4871 1616666
