<?xml version="1.0" encoding="UTF-8"?>
<!DOCTYPE html PUBLIC "-//W3C//DTD XHTML 1.0 Transitional//EN"
    "http://www.w3.org/TR/xhtml1/DTD/xhtml1-transitional.dtd">
<html xmlns="http://www.w3.org/1999/xhtml" xml:lang="en" lang="en">
 <head>
  <title>
</title>
<meta http-equiv="Content-Type" content="text/html;charset=utf-8" />
  <meta name='ocr-system' content='tesseract 3.04.00' />
  <meta name='ocr-capabilities' content='ocr_page ocr_carea ocr_par ocr_line ocrx_word'/>
</head>
<body>
  <div class='ocr_page' id='page_1' title='image "./joanniskepleria26frisgoog_0252.png"; bbox 0 0 3676 5536; ppageno 0'>
   <div class='ocr_carea' id='block_1_1' title="bbox 677 350 1579 429">
    <p class='ocr_par' dir='ltr' id='par_1_1' title="bbox 677 350 1579 429">
     <span class='ocr_line' id='line_1_1' title="bbox 677 350 1579 429; baseline -0.003 -19"><span class='ocrx_word' id='word_1_1' title='bbox 677 393 679 399; x_wconf 84' lang='lat'><em>-</em></span> <span class='ocrx_word' id='word_1_2' title='bbox 752 350 1060 424; x_wconf 64' lang='lat' dir='ltr'><strong>tiburnoapnrr.</strong></span> <span class='ocrx_word' id='word_1_3' title='bbox 1178 356 1179 359; x_wconf 76' lang='grc'>’</span> <span class='ocrx_word' id='word_1_4' title='bbox 1517 370 1579 429; x_wconf 67' lang='lat'><strong>221</strong></span> 
     </span>
    </p>
   </div>
   <div class='ocr_carea' id='block_1_2' title="bbox 137 525 1583 1002">
    <p class='ocr_par' dir='ltr' id='par_1_2' title="bbox 137 525 1583 1002">
     <span class='ocr_line' id='line_1_2' title="bbox 233 525 1581 600; baseline 0.01 -20"><span class='ocrx_word' id='word_1_5' title='bbox 233 525 363 596; x_wconf 77' lang='lat' dir='ltr'><strong>iattrima,</strong></span> <span class='ocrx_word' id='word_1_6' title='bbox 381 533 449 595; x_wconf 84' lang='lat' dir='ltr'><strong>puta</strong></span> <span class='ocrx_word' id='word_1_7' title='bbox 466 534 569 582; x_wconf 83' lang='lat' dir='ltr'><strong>rectum</strong></span> <span class='ocrx_word' id='word_1_8' title='bbox 586 534 615 582; x_wconf 90' lang='lat' dir='ltr'><strong>et</strong></span> <span class='ocrx_word' id='word_1_9' title='bbox 632 543 750 594; x_wconf 75' lang='lat' dir='ltr'><strong>emmim,</strong></span> <span class='ocrx_word' id='word_1_10' title='bbox 767 534 914 598; x_wconf 78' lang='lat' dir='ltr'><strong>noratque</strong></span> <span class='ocrx_word' id='word_1_11' title='bbox 930 528 1059 598; x_wconf 77' lang='lat' dir='ltr'><strong>ehcnlos,</strong></span> <span class='ocrx_word' id='word_1_12' title='bbox 1084 529 1215 599; x_wconf 80' lang='lat' dir='ltr'><strong>quisunt</strong></span> <span class='ocrx_word' id='word_1_13' title='bbox 1226 531 1258 584; x_wconf 82' lang='lat' dir='ltr'><strong>&#39;in</strong></span> <span class='ocrx_word' id='word_1_14' title='bbox 1275 531 1338 600; x_wconf 79' lang='lat' dir='ltr'><strong>ipss</strong></span> <span class='ocrx_word' id='word_1_15' title='bbox 1353 533 1581 594; x_wconf 79' lang='lat' dir='ltr'><strong>intellectualiter.</strong></span> 
     </span>
     <span class='ocr_line' id='line_1_3' title="bbox 233 604 1581 686; baseline 0.008 -26"><span class='ocrx_word' id='word_1_16' title='bbox 233 604 329 660; x_wconf 86' lang='lat' dir='ltr'><strong>Omnis</strong></span> <span class='ocrx_word' id='word_1_17' title='bbox 346 621 411 674; x_wconf 69' lang='lat' dir='ltr'><strong>crgo</strong></span> <span class='ocrx_word' id='word_1_18' title='bbox 433 607 623 665; x_wconf 84' lang='lat' dir='ltr'><strong>mathematica</strong></span> <span class='ocrx_word' id='word_1_19' title='bbox 646 607 761 674; x_wconf 84' lang='lat' dir='ltr'><strong>primum</strong></span> <span class='ocrx_word' id='word_1_20' title='bbox 784 614 848 664; x_wconf 91' lang='lat' dir='ltr'><strong>sunt</strong></span> <span class='ocrx_word' id='word_1_21' title='bbox 872 609 900 664; x_wconf 93' lang='lat' dir='ltr'><strong>in</strong></span> <span class='ocrx_word' id='word_1_22' title='bbox 916 607 1023 677; x_wconf 73' lang='lat' dir='ltr'><strong>mima,</strong></span> <span class='ocrx_word' id='word_1_23' title='bbox 1049 615 1076 663; x_wconf 88' lang='lat' dir='ltr'><strong>at</strong></span> <span class='ocrx_word' id='word_1_24' title='bbox 1100 613 1164 662; x_wconf 88' lang='lat' dir='ltr'><strong>ante</strong></span> <span class='ocrx_word' id='word_1_25' title='bbox 1180 625 1305 664; x_wconf 81' lang='lat' dir='ltr'><strong>numeror</strong></span> <span class='ocrx_word' id='word_1_26' title='bbox 1328 615 1432 669; x_wconf 84' lang='lat' dir='ltr'><strong>numeri</strong></span> <span class='ocrx_word' id='word_1_27' title='bbox 1455 613 1484 670; x_wconf 82' lang='lat' dir='ltr'><strong>&#39;ae</strong></span> <span class='ocrx_word' id='word_1_28' title='bbox 1506 605 1581 686; x_wconf 84' lang='lat' dir='ltr'><strong>ipsas</strong></span> 
     </span>
     <span class='ocr_line' id='line_1_4' title="bbox 232 686 1581 756; baseline 0.009 -17"><span class='ocrx_word' id='word_1_29' title='bbox 232 693 385 756; x_wconf 80' lang='lat' dir='ltr'><strong>moventes,</strong></span> <span class='ocrx_word' id='word_1_30' title='bbox 410 695 439 740; x_wconf 87' lang='lat' dir='ltr'><strong>et</strong></span> <span class='ocrx_word' id='word_1_31' title='bbox 456 695 519 742; x_wconf 87' lang='lat' dir='ltr'><strong>aute</strong></span> <span class='ocrx_word' id='word_1_32' title='bbox 536 686 637 754; x_wconf 75' lang='lat' dir='ltr'><strong>figuras</strong></span> <span class='ocrx_word' id='word_1_33' title='bbox 656 694 819 756; x_wconf 87' lang='lat' dir='ltr'><strong>apparentes</strong></span> <span class='ocrx_word' id='word_1_34' title='bbox 837 686 940 756; x_wconf 76' lang='lat' dir='ltr'><strong>figurae</strong></span> <span class='ocrx_word' id='word_1_35' title='bbox 957 687 1068 756; x_wconf 88' lang='lat' dir='ltr'><strong>vitales,</strong></span> <span class='ocrx_word' id='word_1_36' title='bbox 1095 694 1125 742; x_wconf 89' lang='lat' dir='ltr'><strong>et</strong></span> <span class='ocrx_word' id='word_1_37' title='bbox 1142 695 1204 742; x_wconf 89' lang='lat' dir='ltr'><strong>aute</strong></span> <span class='ocrx_word' id='word_1_38' title='bbox 1223 687 1386 748; x_wconf 80' lang='lat' dir='ltr'><strong>concordata</strong></span> <span class='ocrx_word' id='word_1_39' title='bbox 1411 693 1454 748; x_wconf 85' lang='lat' dir='ltr'><strong>vcl</strong></span> <span class='ocrx_word' id='word_1_40' title='bbox 1472 695 1581 751; x_wconf 83' lang='lat' dir='ltr'><strong>concin-</strong></span> 
     </span>
     <span class='ocr_line' id='line_1_5' title="bbox 232 763 1583 840; baseline 0.009 -22"><span class='ocrx_word' id='word_1_41' title='bbox 232 772 299 818; x_wconf 88' lang='lat' dir='ltr'><strong>nata</strong></span> <span class='ocrx_word' id='word_1_42' title='bbox 316 765 391 840; x_wconf 89' lang='lat' dir='ltr'><strong>ipsae</strong></span> <span class='ocrx_word' id='word_1_43' title='bbox 408 765 529 820; x_wconf 86' lang='lat' dir='ltr'><strong>rationes</strong></span> <span class='ocrx_word' id='word_1_44' title='bbox 547 765 799 826; x_wconf 80' lang='lat' dir='ltr'><strong>concordantiarum</strong></span> <span class='ocrx_word' id='word_1_45' title='bbox 818 782 870 826; x_wconf 86' lang='lat' dir='ltr'><strong>sen</strong></span> <span class='ocrx_word' id='word_1_46' title='bbox 885 767 1070 832; x_wconf 83' lang='lat' dir='ltr'><strong>harmonicae,</strong></span> <span class='ocrx_word' id='word_1_47' title='bbox 1085 772 1116 826; x_wconf 85' lang='lat' dir='ltr'><strong>et</strong></span> <span class='ocrx_word' id='word_1_48' title='bbox 1133 763 1196 820; x_wconf 89' lang='lat' dir='ltr'><strong>au&#39;te</strong></span> <span class='ocrx_word' id='word_1_49' title='bbox 1214 781 1336 836; x_wconf 88' lang='lat' dir='ltr'><strong>corpora,</strong></span> <span class='ocrx_word' id='word_1_50' title='bbox 1354 785 1425 840; x_wconf 84' lang='lat' dir='ltr'><strong>quae</strong></span> <span class='ocrx_word' id='word_1_51' title='bbox 1442 781 1583 830; x_wconf 87' lang='lat' dir='ltr'><strong>morentur</strong></span> 
     </span>
     <span class='ocr_line' id='line_1_6' title="bbox 137 837 1581 916; baseline 0.007 -18"><span class='ocrx_word' id='word_1_52' title='bbox 137 881 141 898; x_wconf 91' lang='lat'><strong><em>.</em></strong></span> <span class='ocrx_word' id='word_1_53' title='bbox 231 841 260 896; x_wconf 92' lang='lat' dir='ltr'><strong>in</strong></span> <span class='ocrx_word' id='word_1_54' title='bbox 278 837 414 908; x_wconf 89' lang='lat' dir='ltr'><strong>circulum,</strong></span> <span class='ocrx_word' id='word_1_55' title='bbox 432 843 484 912; x_wconf 85' lang='lat' dir='ltr'><strong>ipsi</strong></span> <span class='ocrx_word' id='word_1_56' title='bbox 503 843 672 912; x_wconf 88' lang='lat' dir='ltr'><strong>inconspicni</strong></span> <span class='ocrx_word' id='word_1_57' title='bbox 690 843 757 913; x_wconf 83' lang='lat' dir='ltr'>cycli</span> <span class='ocrx_word' id='word_1_58' title='bbox 776 843 877 898; x_wconf 90' lang='lat' dir='ltr'><strong>conditi</strong></span> <span class='ocrx_word' id='word_1_59' title='bbox 894 853 968 902; x_wconf 88' lang='lat' dir='ltr'><strong>suut:</strong></span> <span class='ocrx_word' id='word_1_60' title='bbox 988 853 1083 916; x_wconf 84' lang='lat' dir='ltr'><strong>estque</strong></span> <span class='ocrx_word' id='word_1_61' title='bbox 1101 842 1191 900; x_wconf 89' lang='lat' dir='ltr'><strong>anima</strong></span> <span class='ocrx_word' id='word_1_62' title='bbox 1212 845 1329 914; x_wconf 83' lang='lat' dir='ltr'><strong>omnium</strong></span> <span class='ocrx_word' id='word_1_63' title='bbox 1345 863 1438 904; x_wconf 84' lang='lat' dir='ltr'><strong>rerum</strong></span> <span class='ocrx_word' id='word_1_64' title='bbox 1457 867 1581 909; x_wconf 83' lang='lat' dir='ltr'><strong>consum·</strong></span> 
     </span>
     <span class='ocr_line' id='line_1_7' title="bbox 231 917 1581 1002; baseline 0.004 -25"><span class='ocrx_word' id='word_1_65' title='bbox 231 922 314 977; x_wconf 86' lang='lat' dir='ltr'><strong>mutio</strong></span> <span class='ocrx_word' id='word_1_66' title='bbox 338 929 365 974; x_wconf 90' lang='lat' dir='ltr'><strong>et</strong></span> <span class='ocrx_word' id='word_1_67' title='bbox 384 922 451 977; x_wconf 86' lang='lat' dir='ltr'><strong>baec</strong></span> <span class='ocrx_word' id='word_1_68' title='bbox 470 930 512 992; x_wconf 77' lang='lat' dir='ltr'><strong>est</strong></span> <span class='ocrx_word' id='word_1_69' title='bbox 531 921 671 978; x_wconf 82' lang='lat' dir='ltr'>exornatio</span> <span class='ocrx_word' id='word_1_70' title='bbox 694 921 825 992; x_wconf 76' lang='lat' dir='ltr'><strong>quaedam</strong></span> <span class='ocrx_word' id='word_1_71' title='bbox 849 921 902 977; x_wconf 88' lang='lat' dir='ltr'><strong>alia</strong></span> <span class='ocrx_word' id='word_1_72' title='bbox 921 925 1039 996; x_wconf 79' lang='lat' dir='ltr'><strong>(praeter</strong></span> <span class='ocrx_word' id='word_1_73' title='bbox 1057 917 1209 988; x_wconf 86' lang='lat' dir='ltr'><strong>sensilem),</strong></span> <span class='ocrx_word' id='word_1_74' title='bbox 1235 937 1304 990; x_wconf 89' lang='lat' dir='ltr'><strong>quae</strong></span> <span class='ocrx_word' id='word_1_75' title='bbox 1323 930 1350 980; x_wconf 89' lang='lat' dir='ltr'><strong>et</strong></span> <span class='ocrx_word' id='word_1_76' title='bbox 1368 925 1430 996; x_wconf 90' lang='lat' dir='ltr'><strong>ipsa</strong></span> <span class='ocrx_word' id='word_1_77' title='bbox 1447 944 1476 984; x_wconf 86' lang='lat' dir='ltr'><strong>ee</strong></span> <span class='ocrx_word' id='word_1_78' title='bbox 1494 929 1581 1002; x_wconf 86' lang='lat' dir='ltr'><strong>ipsam</strong></span> 
     </span>
    </p>
   </div>
   <div class='ocr_carea' id='block_1_3' title="bbox 230 997 1581 1161">
    <p class='ocr_par' dir='ltr' id='par_1_3' title="bbox 230 997 1581 1161">
     <span class='ocr_line' id='line_1_8' title="bbox 232 997 1581 1080; baseline 0.006 -26"><span class='ocrx_word' id='word_1_79' title='bbox 232 997 343 1054; x_wconf 79' lang='lat' dir='ltr'><strong>adducit</strong></span> <span class='ocrx_word' id='word_1_80' title='bbox 359 1001 403 1065; x_wconf 86' lang='lat' dir='ltr'><strong>(ad</strong></span> <span class='ocrx_word' id='word_1_81' title='bbox 421 1003 484 1071; x_wconf 84' lang='lat' dir='ltr'><strong>res),</strong></span> <span class='ocrx_word' id='word_1_82' title='bbox 503 1009 565 1076; x_wconf 17' lang='lat' dir='ltr'><strong>etta</strong></span> <span class='ocrx_word' id='word_1_83' title='bbox 582 999 705 1056; x_wconf 77' lang='lat' dir='ltr'><strong>familiari</strong></span> <span class='ocrx_word' id='word_1_84' title='bbox 724 1009 751 1056; x_wconf 92' lang='lat' dir='ltr'><strong>et</strong></span> <span class='ocrx_word' id='word_1_85' title='bbox 770 1009 884 1070; x_wconf 78' lang='lat' dir='ltr'><strong>cognato</strong></span> <span class='ocrx_word' id='word_1_86' title='bbox 904 1002 1036 1073; x_wconf 89' lang='lat' dir='ltr'><strong>principio</strong></span> <span class='ocrx_word' id='word_1_87' title='bbox 1055 999 1210 1070; x_wconf 78' lang='lat' dir='ltr'><strong>adducitur,</strong></span> <span class='ocrx_word' id='word_1_88' title='bbox 1235 1018 1358 1075; x_wconf 74' lang='lat' dir='ltr'><strong>quaeque</strong></span> <span class='ocrx_word' id='word_1_89' title='bbox 1375 1007 1432 1061; x_wconf 89' lang='lat' dir='ltr'><strong>vita</strong></span> <span class='ocrx_word' id='word_1_90' title='bbox 1449 1015 1477 1062; x_wconf 88' lang='lat' dir='ltr'><strong>et</strong></span> <span class='ocrx_word' id='word_1_91' title='bbox 1495 1025 1525 1064; x_wconf 88' lang='lat' dir='ltr'><strong>se</strong></span> <span class='ocrx_word' id='word_1_92' title='bbox 1542 1009 1581 1080; x_wconf 93' lang='lat' dir='ltr'><strong>ip-</strong></span> 
     </span>
     <span class='ocr_line' id='line_1_9' title="bbox 230 1077 1581 1161; baseline -0.003 -27"><span class='ocrx_word' id='word_1_93' title='bbox 230 1093 289 1134; x_wconf 87' lang='lat' dir='ltr'><strong>sam</strong></span> <span class='ocrx_word' id='word_1_94' title='bbox 307 1077 402 1149; x_wconf 89' lang='lat' dir='ltr'><strong>implet</strong></span> <span class='ocrx_word' id='word_1_95' title='bbox 419 1086 447 1135; x_wconf 90' lang='lat' dir='ltr'><strong>et</strong></span> <span class='ocrx_word' id='word_1_96' title='bbox 465 1095 481 1132; x_wconf 92' lang='lat' dir='ltr'><strong>a</strong></span> <span class='ocrx_word' id='word_1_97' title='bbox 499 1081 626 1135; x_wconf 77' lang='lat' dir='ltr'><strong>creatore</strong></span> <span class='ocrx_word' id='word_1_98' title='bbox 643 1079 771 1148; x_wconf 89' lang='lat' dir='ltr'><strong>impletur</strong></span> <span class='ocrx_word' id='word_1_99' title='bbox 792 1081 951 1148; x_wconf 88' lang='lat' dir='ltr'><strong>incorporeo</strong></span> <span class='ocrx_word' id='word_1_100' title='bbox 970 1090 998 1135; x_wconf 85' lang='lat' dir='ltr'><strong>et</strong></span> <span class='ocrx_word' id='word_1_101' title='bbox 1015 1079 1155 1135; x_wconf 87' lang='lat' dir='ltr'><strong>indistanti</strong></span> <span class='ocrx_word' id='word_1_102' title='bbox 1181 1079 1269 1134; x_wconf 89' lang='lat' dir='ltr'><strong>modo.</strong></span> <span class='ocrx_word' id='word_1_103' title='bbox 1314 1080 1512 1161; x_wconf 71' lang='lat' dir='ltr'><strong>(„N0n101ige</strong></span> <span class='ocrx_word' id='word_1_104' title='bbox 1526 1085 1581 1144; x_wconf 64' lang='lat' dir='ltr'><strong>ab.</strong></span> 
     </span>
    </p>
   </div>
   <div class='ocr_carea' id='block_1_4' title="bbox 221 1162 1583 1712">
    <p class='ocr_par' dir='ltr' id='par_1_4' title="bbox 221 1162 1583 1712">
     <span class='ocr_line' id='line_1_10' title="bbox 231 1162 1582 1243; baseline 0.001 -22"><span class='ocrx_word' id='word_1_105' title='bbox 231 1162 337 1221; x_wconf 84' lang='lat' dir='ltr'><strong>catab</strong></span> <span class='ocrx_word' id='word_1_106' title='bbox 360 1179 554 1238; x_wconf 89' lang='lat' dir='ltr'><strong>unoquoque;</strong></span> <span class='ocrx_word' id='word_1_107' title='bbox 578 1165 607 1220; x_wconf 92' lang='lat' dir='ltr'><strong>in</strong></span> <span class='ocrx_word' id='word_1_108' title='bbox 630 1165 694 1239; x_wconf 88' lang='lat' dir='ltr'><strong>ipso</strong></span> <span class='ocrx_word' id='word_1_109' title='bbox 718 1164 862 1234; x_wconf 82' lang='lat' dir='ltr'><strong>vivimus,</strong></span> <span class='ocrx_word' id='word_1_110' title='bbox 891 1181 1042 1223; x_wconf 84' lang='lat' dir='ltr'><strong>movemur</strong></span> <span class='ocrx_word' id='word_1_111' title='bbox 1064 1172 1093 1225; x_wconf 92' lang='lat' dir='ltr'><strong>et</strong></span> <span class='ocrx_word' id='word_1_112' title='bbox 1114 1163 1259 1243; x_wconf 65' lang='lat' dir='ltr'><strong>sumnat)</strong></span> <span class='ocrx_word' id='word_1_113' title='bbox 1294 1163 1331 1217; x_wconf 85' lang='lat' dir='ltr'><strong>Et</strong></span> <span class='ocrx_word' id='word_1_114' title='bbox 1348 1166 1582 1233; x_wconf 80' lang='lat' dir='ltr'><strong>cumproiertex·</strong></span> 
     </span>
     <span class='ocr_line' id='line_1_11' title="bbox 221 1243 1582 1314; baseline 0.001 -16"><span class='ocrx_word' id='word_1_115' title='bbox 221 1244 372 1313; x_wconf 80' lang='lat' dir='ltr'><strong>-plicatque</strong></span> <span class='ocrx_word' id='word_1_116' title='bbox 390 1245 509 1300; x_wconf 75' lang='lat' dir='ltr'><strong>rabones</strong></span> <span class='ocrx_word' id='word_1_117' title='bbox 527 1245 600 1314; x_wconf 82' lang='lat' dir='ltr'><strong>ejus,</strong></span> <span class='ocrx_word' id='word_1_118' title='bbox 623 1251 688 1300; x_wconf 90' lang='lat' dir='ltr'><strong>tunc</strong></span> <span class='ocrx_word' id='word_1_119' title='bbox 707 1253 734 1300; x_wconf 87' lang='lat' dir='ltr'><strong>et</strong></span> <span class='ocrx_word' id='word_1_120' title='bbox 753 1245 879 1301; x_wconf 88' lang='lat' dir='ltr'><strong>scientiae</strong></span> <span class='ocrx_word' id='word_1_121' title='bbox 898 1246 1000 1314; x_wconf 80' lang='lat' dir='ltr'><strong>detegit</strong></span> <span class='ocrx_word' id='word_1_122' title='bbox 1018 1246 1111 1302; x_wconf 86' lang='lat' dir='ltr'><strong>omn&#39;es</strong></span> <span class='ocrx_word' id='word_1_123' title='bbox 1137 1252 1165 1300; x_wconf 88' lang='lat' dir='ltr'><strong>et</strong></span> <span class='ocrx_word' id='word_1_124' title='bbox 1184 1247 1307 1302; x_wconf 85' lang='lat' dir='ltr'><strong>virtutes.</strong></span> <span class='ocrx_word' id='word_1_125' title='bbox 1344 1243 1518 1298; x_wconf 66' lang='lat' dir='ltr'><strong>dissentiatur</strong></span> <span class='ocrx_word' id='word_1_126' title='bbox 1535 1245 1582 1314; x_wconf 78' lang='lat' dir='ltr'><strong>ipi-</strong></span> 
     </span>
     <span class='ocr_line' id='line_1_12' title="bbox 231 1323 1582 1396; baseline 0.003 -20"><span class='ocrx_word' id='word_1_127' title='bbox 231 1335 280 1377; x_wconf 83' lang='lat' dir='ltr'><strong>rur</strong></span> <span class='ocrx_word' id='word_1_128' title='bbox 296 1325 324 1378; x_wconf 94' lang='lat' dir='ltr'><strong>in</strong></span> <span class='ocrx_word' id='word_1_129' title='bbox 341 1323 416 1379; x_wconf 87' lang='lat' dir='ltr'><strong>hisce</strong></span> <span class='ocrx_word' id='word_1_130' title='bbox 434 1324 578 1393; x_wconf 85' lang='lat' dir='ltr'><strong>speciebus</strong></span> <span class='ocrx_word' id='word_1_131' title='bbox 595 1325 697 1393; x_wconf 89' lang='lat' dir='ltr'><strong>anima,</strong></span> <span class='ocrx_word' id='word_1_132' title='bbox 722 1333 772 1378; x_wconf 83' lang='lat' dir='ltr'><strong>nee</strong></span> <span class='ocrx_word' id='word_1_133' title='bbox 791 1324 1012 1390; x_wconf 84' lang='lat' dir='ltr'><strong>existimandum,</strong></span> <span class='ocrx_word' id='word_1_134' title='bbox 1040 1341 1195 1396; x_wconf 88' lang='lat' dir='ltr'><strong>numerum,</strong></span> <span class='ocrx_word' id='word_1_135' title='bbox 1222 1327 1268 1396; x_wconf 89' lang='lat' dir='ltr'><strong>qui</strong></span> <span class='ocrx_word' id='word_1_136' title='bbox 1287 1327 1315 1380; x_wconf 84' lang='lat' dir='ltr'><strong>in</strong></span> <span class='ocrx_word' id='word_1_137' title='bbox 1331 1324 1391 1394; x_wconf 90' lang='lat' dir='ltr'><strong>ipsa</strong></span> <span class='ocrx_word' id='word_1_138' title='bbox 1413 1324 1495 1392; x_wconf 85' lang='lat' dir='ltr'><strong>inest,</strong></span> <span class='ocrx_word' id='word_1_139' title='bbox 1522 1339 1582 1380; x_wconf 85' lang='lat' dir='ltr'><strong>csse</strong></span> 
     </span>
     <span class='ocr_line' id='line_1_13' title="bbox 230 1400 1582 1475; baseline 0.002 -19"><span class='ocrx_word' id='word_1_140' title='bbox 230 1400 430 1466; x_wconf 72' lang='lat' dir='ltr'><strong>multitudinum</strong></span> <span class='ocrx_word' id='word_1_141' title='bbox 449 1404 593 1468; x_wconf 87' lang='lat' dir='ltr'><strong>unitatum,</strong></span> <span class='ocrx_word' id='word_1_142' title='bbox 611 1417 701 1472; x_wconf 85' lang='lat' dir='ltr'><strong>neque</strong></span> <span class='ocrx_word' id='word_1_143' title='bbox 717 1401 804 1457; x_wconf 81' lang='lat' dir='ltr'><strong>forma</strong></span> <span class='ocrx_word' id='word_1_144' title='bbox 821 1409 849 1457; x_wconf 85' lang='lat' dir='ltr'><strong>et</strong></span> <span class='ocrx_word' id='word_1_145' title='bbox 865 1404 927 1458; x_wconf 88' lang='lat' dir='ltr'><strong>idea</strong></span> <span class='ocrx_word' id='word_1_146' title='bbox 945 1418 1047 1474; x_wconf 87' lang='lat' dir='ltr'><strong>corum,</strong></span> <span class='ocrx_word' id='word_1_147' title='bbox 1068 1419 1137 1475; x_wconf 90' lang='lat' dir='ltr'><strong>quae</strong></span> <span class='ocrx_word' id='word_1_148' title='bbox 1155 1405 1307 1462; x_wconf 77' lang='lat' dir='ltr'><strong>lociasnnt</strong></span> <span class='ocrx_word' id='word_1_149' title='bbox 1325 1402 1500 1471; x_wconf 85' lang='lat' dir='ltr'><strong>dislocabilia,</strong></span> <span class='ocrx_word' id='word_1_150' title='bbox 1520 1403 1582 1458; x_wconf 87' lang='lat' dir='ltr'><strong>eub-</strong></span> 
     </span>
     <span class='ocr_line' id='line_1_14' title="bbox 229 1480 1582 1554; baseline -0.001 -18"><span class='ocrx_word' id='word_1_151' title='bbox 229 1480 367 1538; x_wconf 82' lang='lat' dir='ltr'><strong>aadienda</strong></span> <span class='ocrx_word' id='word_1_152' title='bbox 388 1491 430 1538; x_wconf 86' lang='lat' dir='ltr'><strong>eat</strong></span> <span class='ocrx_word' id='word_1_153' title='bbox 454 1497 597 1552; x_wconf 90' lang='lat' dir='ltr'><strong>corporea,</strong></span> <span class='ocrx_word' id='word_1_154' title='bbox 627 1481 676 1538; x_wconf 88' lang='lat' dir='ltr'><strong>sed</strong></span> <span class='ocrx_word' id='word_1_155' title='bbox 693 1481 782 1536; x_wconf 87' lang='lat' dir='ltr'><strong>omnia</strong></span> <span class='ocrx_word' id='word_1_156' title='bbox 800 1482 917 1538; x_wconf 78' lang='lat' dir='ltr'><strong>vitaliter</strong></span> <span class='ocrx_word' id='word_1_157' title='bbox 943 1489 971 1538; x_wconf 89' lang='lat' dir='ltr'><strong>ct</strong></span> <span class='ocrx_word' id='word_1_158' title='bbox 996 1484 1220 1542; x_wconf 82' lang='lat' dir='ltr'><strong>intellectualiter</strong></span> <span class='ocrx_word' id='word_1_159' title='bbox 1242 1481 1421 1554; x_wconf 87' lang='lat' dir='ltr'><strong>supponenda</strong></span> <span class='ocrx_word' id='word_1_160' title='bbox 1446 1488 1474 1536; x_wconf 85' lang='lat' dir='ltr'><strong>et</strong></span> <span class='ocrx_word' id='word_1_161' title='bbox 1496 1480 1582 1549; x_wconf 84' lang='lat' dir='ltr'><strong>prima</strong></span> 
     </span>
     <span class='ocr_line' id='line_1_15' title="bbox 236 1558 1583 1630; baseline 0.004 -18"><span class='ocrx_word' id='word_1_162' title='bbox 236 1558 363 1628; x_wconf 82' lang='lat' dir='ltr'><strong>exempla</strong></span> <span class='ocrx_word' id='word_1_163' title='bbox 380 1562 568 1630; x_wconf 87' lang='lat' dir='ltr'><strong>apparentium</strong></span> <span class='ocrx_word' id='word_1_164' title='bbox 585 1576 759 1624; x_wconf 86' lang='lat' dir='ltr'><strong>numerorum</strong></span> <span class='ocrx_word' id='word_1_165' title='bbox 776 1569 805 1616; x_wconf 89' lang='lat' dir='ltr'><strong>et</strong></span> <span class='ocrx_word' id='word_1_166' title='bbox 822 1560 969 1630; x_wconf 67' lang='lat' dir='ltr'><strong>figurarum</strong></span> <span class='ocrx_word' id='word_1_167' title='bbox 987 1569 1014 1618; x_wconf 88' lang='lat' dir='ltr'><strong>et</strong></span> <span class='ocrx_word' id='word_1_168' title='bbox 1034 1563 1167 1620; x_wconf 88' lang='lat' dir='ltr'><strong>rationum</strong></span> <span class='ocrx_word' id='word_1_169' title='bbox 1186 1571 1214 1618; x_wconf 89' lang='lat' dir='ltr'><strong>st</strong></span> <span class='ocrx_word' id='word_1_170' title='bbox 1230 1571 1366 1630; x_wconf 63' lang='lat' dir='ltr'><strong>motuum</strong></span> <span class='ocrx_word' id='word_1_171' title='bbox 1385 1566 1412 1614; x_wconf 92' lang='lat' dir='ltr'><strong>et</strong></span> <span class='ocrx_word' id='word_1_172' title='bbox 1429 1558 1583 1627; x_wconf 81' lang='lat' dir='ltr'><strong>sequendus</strong></span> 
     </span>
     <span class='ocr_line' id='line_1_16' title="bbox 232 1637 1583 1712; baseline 0.001 -22"><span class='ocrx_word' id='word_1_173' title='bbox 232 1637 281 1692; x_wconf 92' lang='lat' dir='ltr'><strong>hic</strong></span> <span class='ocrx_word' id='word_1_174' title='bbox 299 1637 435 1704; x_wconf 82' lang='lat' dir='ltr'><strong>Timaeus,</strong></span> <span class='ocrx_word' id='word_1_175' title='bbox 455 1641 502 1708; x_wconf 89' lang='lat' dir='ltr'><strong>qui</strong></span> <span class='ocrx_word' id='word_1_176' title='bbox 520 1656 625 1696; x_wconf 82' lang='lat' dir='ltr'><strong>omnem</strong></span> <span class='ocrx_word' id='word_1_177' title='bbox 642 1639 729 1710; x_wconf 91' lang='lat' dir='ltr'><strong>ipsius</strong></span> <span class='ocrx_word' id='word_1_178' title='bbox 747 1647 835 1696; x_wconf 90' lang='lat' dir='ltr'><strong>ortum</strong></span> <span class='ocrx_word' id='word_1_179' title='bbox 854 1649 882 1694; x_wconf 88' lang='lat' dir='ltr'><strong>et</strong></span> <span class='ocrx_word' id='word_1_180' title='bbox 898 1641 1028 1698; x_wconf 82' lang='lat' dir='ltr'><strong>fabricam</strong></span> <span class='ocrx_word' id='word_1_181' title='bbox 1052 1661 1068 1698; x_wconf 88' lang='lat' dir='ltr'><strong>a</strong></span> <span class='ocrx_word' id='word_1_182' title='bbox 1085 1642 1228 1712; x_wconf 72' lang='lat' dir='ltr'><strong>generibus</strong></span> <span class='ocrx_word' id='word_1_183' title='bbox 1246 1639 1443 1700; x_wconf 77' lang='lat' dir='ltr'><strong>mathematicis</strong></span> <span class='ocrx_word' id='word_1_184' title='bbox 1462 1653 1583 1694; x_wconf 86' lang='lat' dir='ltr'><strong>eonsum-</strong></span> 
     </span>
    </p>
   </div>
   <div class='ocr_carea' id='block_1_5' title="bbox 221 1716 1696 1790">
    <p class='ocr_par' dir='ltr' id='par_1_5' title="bbox 221 1716 1696 1790">
     <span class='ocr_line' id='line_1_17' title="bbox 221 1716 1696 1790; baseline 0.003 -22"><span class='ocrx_word' id='word_1_185' title='bbox 221 1724 294 1769; x_wconf 54' lang='lat' dir='ltr'><strong>&#39;mat</strong></span> <span class='ocrx_word' id='word_1_186' title='bbox 312 1721 339 1770; x_wconf 90' lang='lat' dir='ltr'><strong>et</strong></span> <span class='ocrx_word' id='word_1_187' title='bbox 357 1717 464 1786; x_wconf 79' lang='lat' dir='ltr'><strong>pertinit</strong></span> <span class='ocrx_word' id='word_1_188' title='bbox 486 1720 568 1788; x_wconf 91' lang='lat' dir='ltr'><strong>inque</strong></span> <span class='ocrx_word' id='word_1_189' title='bbox 586 1719 646 1788; x_wconf 87' lang='lat' dir='ltr'><strong>ipsa</strong></span> <span class='ocrx_word' id='word_1_190' title='bbox 669 1734 758 1774; x_wconf 86' lang='lat' dir='ltr'><strong>rerum</strong></span> <span class='ocrx_word' id='word_1_191' title='bbox 784 1719 902 1776; x_wconf 89' lang='lat' dir='ltr'><strong>omnium</strong></span> <span class='ocrx_word' id='word_1_192' title='bbox 927 1735 1023 1776; x_wconf 85' lang='lat' dir='ltr'><strong>causas</strong></span> <span class='ocrx_word' id='word_1_193' title='bbox 1048 1721 1162 1790; x_wconf 82' lang='lat' dir='ltr'><strong>reponit.</strong></span> <span class='ocrx_word' id='word_1_194' title='bbox 1200 1721 1308 1790; x_wconf 86' lang='lat' dir='ltr'><strong>Septem</strong></span> <span class='ocrx_word' id='word_1_195' title='bbox 1326 1719 1396 1774; x_wconf 89' lang='lat' dir='ltr'><strong>euim</strong></span> <span class='ocrx_word' id='word_1_196' title='bbox 1420 1716 1459 1771; x_wconf 93' lang='lat' dir='ltr'><strong>illi</strong></span> <span class='ocrx_word' id='word_1_197' title='bbox 1477 1716 1583 1773; x_wconf 83' lang='lat' dir='ltr'><strong>termini</strong></span> <span class='ocrx_word' id='word_1_198' title='bbox 1694 1737 1696 1743; x_wconf 93' lang='lat'>·</span> 
     </span>
    </p>
   </div>
   <div class='ocr_carea' id='block_1_6' title="bbox 231 1793 1584 2658">
    <p class='ocr_par' dir='ltr' id='par_1_6' title="bbox 231 1793 1584 2658">
     <span class='ocr_line' id='line_1_18' title="bbox 233 1793 1584 1878; baseline 0.001 -30"><span class='ocrx_word' id='word_1_199' title='bbox 233 1797 406 1851; x_wconf 85' lang='lat' dir='ltr'><strong>numerorum</strong></span> <span class='ocrx_word' id='word_1_200' title='bbox 435 1795 553 1852; x_wconf 89' lang='lat' dir='ltr'><strong>omnium</strong></span> <span class='ocrx_word' id='word_1_201' title='bbox 576 1793 659 1872; x_wconf 83' lang='lat' dir='ltr'><strong>(puto</strong></span> <span class='ocrx_word' id='word_1_202' title='bbox 685 1795 712 1866; x_wconf 94' lang='lat' dir='ltr'><strong>l,</strong></span> <span class='ocrx_word' id='word_1_203' title='bbox 735 1795 764 1866; x_wconf 79' lang='lat'><strong>2,</strong></span> <span class='ocrx_word' id='word_1_204' title='bbox 790 1795 819 1868; x_wconf 85' lang='lat'><strong>4,</strong></span> <span class='ocrx_word' id='word_1_205' title='bbox 845 1795 881 1870; x_wconf 75' lang='lat'><strong>83</strong></span> <span class='ocrx_word' id='word_1_206' title='bbox 907 1793 934 1867; x_wconf 76' lang='lat'><strong>3,</strong></span> <span class='ocrx_word' id='word_1_207' title='bbox 957 1799 985 1868; x_wconf 90' lang='grc'><strong>9,</strong></span> <span class='ocrx_word' id='word_1_208' title='bbox 1009 1795 1061 1878; x_wconf 76' lang='lat' dir='ltr'><strong>ti)</strong></span> <span class='ocrx_word' id='word_1_209' title='bbox 1080 1801 1227 1859; x_wconf 88' lang='lat' dir='ltr'><strong>secundum</strong></span> <span class='ocrx_word' id='word_1_210' title='bbox 1250 1815 1359 1857; x_wconf 85' lang='lat' dir='ltr'><strong>caueam</strong></span> <span class='ocrx_word' id='word_1_211' title='bbox 1383 1797 1487 1868; x_wconf 82' lang='lat' dir='ltr'><strong>inipso</strong></span> <span class='ocrx_word' id='word_1_212' title='bbox 1507 1811 1584 1866; x_wconf 89' lang='lat' dir='ltr'><strong>prae·</strong></span> 
     </span>
     <span class='ocr_line' id='line_1_19' title="bbox 234 1875 1584 1947; baseline 0.004 -21"><span class='ocrx_word' id='word_1_213' title='bbox 234 1877 406 1930; x_wconf 81' lang='lat' dir='ltr'><strong>exstiterunt.</strong></span> <span class='ocrx_word' id='word_1_214' title='bbox 443 1877 560 1930; x_wconf 84' lang='lat' dir='ltr'><strong>Rursum</strong></span> <span class='ocrx_word' id='word_1_215' title='bbox 587 1876 734 1944; x_wconf 83' lang='lat' dir='ltr'><strong>figurarum</strong></span> <span class='ocrx_word' id='word_1_216' title='bbox 753 1877 885 1947; x_wconf 90' lang='lat' dir='ltr'><strong>principia</strong></span> <span class='ocrx_word' id='word_1_217' title='bbox 905 1877 1118 1934; x_wconf 82' lang='lat' dir='ltr'><strong>&#39;architectonice</strong></span> <span class='ocrx_word' id='word_1_218' title='bbox 1144 1877 1193 1935; x_wconf 88' lang='lat' dir='ltr'><strong>seu</strong></span> <span class='ocrx_word' id='word_1_219' title='bbox 1210 1878 1300 1934; x_wconf 86' lang='lat' dir='ltr'><strong>fabrili</strong></span> <span class='ocrx_word' id='word_1_220' title='bbox 1317 1875 1396 1931; x_wconf 91' lang='lat' dir='ltr'><strong>modo</strong></span> <span class='ocrx_word' id='word_1_221' title='bbox 1421 1876 1448 1929; x_wconf 91' lang='lat' dir='ltr'><strong>in</strong></span> <span class='ocrx_word' id='word_1_222' title='bbox 1466 1875 1525 1946; x_wconf 88' lang='lat' dir='ltr'><strong>ipsa</strong></span> <span class='ocrx_word' id='word_1_223' title='bbox 1543 1891 1584 1933; x_wconf 78' lang='lat' dir='ltr'><strong>re=</strong></span> 
     </span>
     <span class='ocr_line' id='line_1_20' title="bbox 232 1951 1582 2027; baseline 0.001 -20"><span class='ocrx_word' id='word_1_224' title='bbox 232 1953 324 2022; x_wconf 89' lang='lat' dir='ltr'><strong>posita</strong></span> <span class='ocrx_word' id='word_1_225' title='bbox 340 1963 412 2024; x_wconf 89' lang='lat' dir='ltr'><strong>sunt,</strong></span> <span class='ocrx_word' id='word_1_226' title='bbox 432 1962 459 2009; x_wconf 92' lang='lat' dir='ltr'><strong>et</strong></span> <span class='ocrx_word' id='word_1_227' title='bbox 476 1963 597 2009; x_wconf 88' lang='lat' dir='ltr'><strong>motuum</strong></span> <span class='ocrx_word' id='word_1_228' title='bbox 616 1955 732 2009; x_wconf 90' lang='lat' dir='ltr'><strong>omnium</strong></span> <span class='ocrx_word' id='word_1_229' title='bbox 751 1955 854 2025; x_wconf 90' lang='lat' dir='ltr'><strong>primus</strong></span> <span class='ocrx_word' id='word_1_230' title='bbox 872 1961 900 2010; x_wconf 87' lang='lat' dir='ltr'><strong>et</strong></span> <span class='ocrx_word' id='word_1_231' title='bbox 918 1957 1167 2027; x_wconf 85' lang='lat' dir='ltr'><strong>principalissimus,</strong></span> <span class='ocrx_word' id='word_1_232' title='bbox 1188 1958 1234 2027; x_wconf 90' lang='lat' dir='ltr'><strong>qui</strong></span> <span class='ocrx_word' id='word_1_233' title='bbox 1246 1951 1339 2011; x_wconf 90' lang='lat' dir='ltr'><strong>motus</strong></span> <span class='ocrx_word' id='word_1_234' title='bbox 1353 1953 1472 2022; x_wconf 90' lang='lat' dir='ltr'><strong>reliquos</strong></span> <span class='ocrx_word' id='word_1_235' title='bbox 1491 1965 1582 2009; x_wconf 87' lang='lat' dir='ltr'><strong>omnes</strong></span> 
     </span>
     <span class='ocr_line' id='line_1_21' title="bbox 233 2033 1583 2106; baseline -0.002 -18"><span class='ocrx_word' id='word_1_236' title='bbox 233 2033 383 2088; x_wconf 88' lang='lat' dir='ltr'><strong>circumdat</strong></span> <span class='ocrx_word' id='word_1_237' title='bbox 400 2035 556 2102; x_wconf 87' lang='lat' dir='ltr'><strong>incitatque,</strong></span> <span class='ocrx_word' id='word_1_238' title='bbox 576 2050 631 2088; x_wconf 78' lang='lat' dir='ltr'><strong>urna</strong></span> <span class='ocrx_word' id='word_1_239' title='bbox 650 2049 710 2089; x_wconf 90' lang='lat' dir='ltr'><strong>enm</strong></span> <span class='ocrx_word' id='word_1_240' title='bbox 728 2035 789 2103; x_wconf 87' lang='lat' dir='ltr'><strong>ipsa</strong></span> <span class='ocrx_word' id='word_1_241' title='bbox 807 2035 926 2104; x_wconf 87' lang='lat' dir='ltr'><strong>exstitit;</strong></span> <span class='ocrx_word' id='word_1_242' title='bbox 953 2038 1070 2090; x_wconf 87' lang='lat' dir='ltr'><strong>omniurn</strong></span> <span class='ocrx_word' id='word_1_243' title='bbox 1089 2037 1159 2091; x_wconf 84' lang='lat' dir='ltr'><strong>enirn</strong></span> <span class='ocrx_word' id='word_1_244' title='bbox 1178 2051 1248 2106; x_wconf 88' lang='lat' dir='ltr'><strong>qnae</strong></span> <span class='ocrx_word' id='word_1_245' title='bbox 1265 2041 1407 2090; x_wconf 86' lang='lat' dir='ltr'><strong>moventur·</strong></span> <span class='ocrx_word' id='word_1_246' title='bbox 1423 2033 1583 2102; x_wconf 86' lang='lat' dir='ltr'><strong>principium</strong></span> 
     </span>
     <span class='ocr_line' id='line_1_22' title="bbox 233 2111 1582 2184; baseline 0.001 -20"><span class='ocrx_word' id='word_1_247' title='bbox 233 2119 276 2166; x_wconf 84' lang='lat' dir='ltr'><strong>ast</strong></span> <span class='ocrx_word' id='word_1_248' title='bbox 292 2112 410 2168; x_wconf 88' lang='lat' dir='ltr'><strong>circulus</strong></span> <span class='ocrx_word' id='word_1_249' title='bbox 427 2123 456 2167; x_wconf 89' lang='lat' dir='ltr'><strong>et</strong></span> <span class='ocrx_word' id='word_1_250' title='bbox 473 2123 562 2167; x_wconf 92' lang='lat' dir='ltr'><strong>motus</strong></span> <span class='ocrx_word' id='word_1_251' title='bbox 581 2114 727 2168; x_wconf 87' lang='lat' dir='ltr'><strong>circularis.</strong></span> <span class='ocrx_word' id='word_1_252' title='bbox 770 2113 840 2168; x_wconf 85' lang='lat' dir='ltr'><strong>Sunt</strong></span> <span class='ocrx_word' id='word_1_253' title='bbox 856 2113 941 2184; x_wconf 80' lang='lat' dir='ltr'><strong>igitur</strong></span> <span class='ocrx_word' id='word_1_254' title='bbox 959 2116 1119 2170; x_wconf 85' lang='lat' dir='ltr'><strong>essentiales</strong></span> <span class='ocrx_word' id='word_1_255' title='bbox 1139 2121 1166 2168; x_wconf 90' lang='lat' dir='ltr'><strong>et</strong></span> <span class='ocrx_word' id='word_1_256' title='bbox 1184 2129 1214 2169; x_wconf 90' lang='lat' dir='ltr'><strong>se</strong></span> <span class='ocrx_word' id='word_1_257' title='bbox 1231 2113 1306 2182; x_wconf 82' lang='lat' dir='ltr'><strong>ipsas</strong></span> <span class='ocrx_word' id='word_1_258' title='bbox 1324 2120 1462 2166; x_wconf 87' lang='lat' dir='ltr'><strong>movcnoes</strong></span> <span class='ocrx_word' id='word_1_259' title='bbox 1479 2111 1582 2165; x_wconf 90' lang='lat' dir='ltr'><strong>mathe-</strong></span> 
     </span>
     <span class='ocr_line' id='line_1_23' title="bbox 231 2189 1583 2264; baseline -0.003 -18"><span class='ocrx_word' id='word_1_260' title='bbox 231 2191 390 2246; x_wconf 86' lang='lat' dir='ltr'><strong>matiearum</strong></span> <span class='ocrx_word' id='word_1_261' title='bbox 407 2207 499 2246; x_wconf 88' lang='lat' dir='ltr'><strong>rarum</strong></span> <span class='ocrx_word' id='word_1_262' title='bbox 517 2193 649 2263; x_wconf 86' lang='lat' dir='ltr'><strong>rationes,</strong></span> <span class='ocrx_word' id='word_1_263' title='bbox 677 2207 747 2263; x_wconf 90' lang='lat' dir='ltr'><strong>quae</strong></span> <span class='ocrx_word' id='word_1_264' title='bbox 765 2199 953 2248; x_wconf 90' lang='lat' dir='ltr'><strong>consummant</strong></span> <span class='ocrx_word' id='word_1_265' title='bbox 971 2195 1091 2248; x_wconf 85' lang='lat' dir='ltr'><strong>animas:</strong></span> <span class='ocrx_word' id='word_1_266' title='bbox 1115 2207 1182 2264; x_wconf 85' lang='lat' dir='ltr'><strong>qnae</strong></span> <span class='ocrx_word' id='word_1_267' title='bbox 1207 2192 1296 2249; x_wconf 88' lang='lat' dir='ltr'><strong>anima</strong></span> <span class='ocrx_word' id='word_1_268' title='bbox 1319 2189 1460 2260; x_wconf 77' lang='lat' dir='ltr'><strong>proterens</strong></span> <span class='ocrx_word' id='word_1_269' title='bbox 1478 2198 1506 2242; x_wconf 87' lang='lat' dir='ltr'><strong>et</strong></span> <span class='ocrx_word' id='word_1_270' title='bbox 1520 2205 1583 2259; x_wconf 90' lang='lat' dir='ltr'><strong>pro·</strong></span> 
     </span>
     <span class='ocr_line' id='line_1_24' title="bbox 233 2267 1582 2342; baseline -0.003 -18"><span class='ocrx_word' id='word_1_271' title='bbox 233 2286 337 2340; x_wconf 72' lang='lat' dir='ltr'><strong>pagana</strong></span> <span class='ocrx_word' id='word_1_272' title='bbox 364 2271 545 2342; x_wconf 78' lang='lat' dir='ltr'><strong>evolvensque</strong></span> <span class='ocrx_word' id='word_1_273' title='bbox 572 2285 678 2328; x_wconf 79' lang='lat' dir='ltr'><strong>omnem</strong></span> <span class='ocrx_word' id='word_1_274' title='bbox 696 2271 853 2328; x_wconf 86' lang='lat' dir='ltr'><strong>varietatem</strong></span> <span class='ocrx_word' id='word_1_275' title='bbox 882 2272 1056 2326; x_wconf 79' lang='lat' dir='ltr'><strong>scientiarum</strong></span> <span class='ocrx_word' id='word_1_276' title='bbox 1073 2271 1323 2329; x_wconf 80' lang='lat' dir='ltr'><strong>mathematicamm</strong></span> <span class='ocrx_word' id='word_1_277' title='bbox 1346 2267 1412 2324; x_wconf 83' lang='lat' dir='ltr'><strong>fucit</strong></span> <span class='ocrx_word' id='word_1_278' title='bbox 1429 2267 1582 2324; x_wconf 85' lang='lat' dir='ltr'><strong>subsistere.</strong></span> 
     </span>
     <span class='ocr_line' id='line_1_25' title="bbox 232 2345 1582 2420; baseline -0.002 -16"><span class='ocrx_word' id='word_1_279' title='bbox 232 2349 330 2420; x_wconf 86' lang='lat' dir='ltr'><strong>Neque</strong></span> <span class='ocrx_word' id='word_1_280' title='bbox 348 2351 399 2406; x_wconf 84' lang='lat' dir='ltr'><strong>erit</strong></span> <span class='ocrx_word' id='word_1_281' title='bbox 416 2364 551 2420; x_wconf 88' lang='lat' dir='ltr'><strong>unquam,</strong></span> <span class='ocrx_word' id='word_1_282' title='bbox 577 2357 608 2406; x_wconf 90' lang='lat' dir='ltr'><strong>ut</strong></span> <span class='ocrx_word' id='word_1_283' title='bbox 625 2349 731 2406; x_wconf 85' lang='lat' dir='ltr'><strong>desinat</strong></span> <span class='ocrx_word' id='word_1_284' title='bbox 746 2350 796 2406; x_wconf 89' lang='lat' dir='ltr'><strong>illa</strong></span> <span class='ocrx_word' id='word_1_285' title='bbox 812 2351 974 2420; x_wconf 72' lang='lat' dir='ltr'><strong>progignere</strong></span> <span class='ocrx_word' id='word_1_286' title='bbox 993 2358 1021 2404; x_wconf 91' lang='lat' dir='ltr'><strong>et</strong></span> <span class='ocrx_word' id='word_1_287' title='bbox 1037 2365 1135 2407; x_wconf 84' lang='lat' dir='ltr'><strong>eruere</strong></span> <span class='ocrx_word' id='word_1_288' title='bbox 1152 2364 1259 2418; x_wconf 88' lang='lat' dir='ltr'><strong>semper</strong></span> <span class='ocrx_word' id='word_1_289' title='bbox 1276 2347 1330 2404; x_wconf 88' lang='lat' dir='ltr'><strong>alia</strong></span> <span class='ocrx_word' id='word_1_290' title='bbox 1347 2355 1411 2416; x_wconf 88' lang='lat' dir='ltr'><strong>post</strong></span> <span class='ocrx_word' id='word_1_291' title='bbox 1427 2345 1494 2414; x_wconf 86' lang='lat' dir='ltr'><strong>alis,</strong></span> <span class='ocrx_word' id='word_1_292' title='bbox 1519 2345 1582 2402; x_wconf 77' lang='grc' dir='ltr'>ἀιιιιι</span> 
     </span>
     <span class='ocr_line' id='line_1_26' title="bbox 232 2425 1582 2500; baseline -0.007 -14"><span class='ocrx_word' id='word_1_293' title='bbox 232 2427 352 2486; x_wconf 88' lang='lat' dir='ltr'><strong>rationes</strong></span> <span class='ocrx_word' id='word_1_294' title='bbox 369 2444 435 2486; x_wconf 89' lang='lat' dir='ltr'><strong>suas</strong></span> <span class='ocrx_word' id='word_1_295' title='bbox 452 2427 629 2500; x_wconf 80' lang='lat' dir='ltr'><strong>impartibiles</strong></span> <span class='ocrx_word' id='word_1_296' title='bbox 654 2427 827 2498; x_wconf 83' lang='lat' dir='ltr'><strong>simplicitate</strong></span> <span class='ocrx_word' id='word_1_297' title='bbox 851 2430 935 2498; x_wconf 83' lang='lat' dir='ltr'><strong>enuit.</strong></span> <span class='ocrx_word' id='word_1_298' title='bbox 972 2428 1068 2484; x_wconf 90' lang='lat' dir='ltr'><strong>Omnia</strong></span> <span class='ocrx_word' id='word_1_299' title='bbox 1092 2429 1163 2484; x_wconf 89' lang='lat' dir='ltr'><strong>enim</strong></span> <span class='ocrx_word' id='word_1_300' title='bbox 1185 2428 1260 2498; x_wconf 86' lang='lat' dir='ltr'><strong>prins</strong></span> <span class='ocrx_word' id='word_1_301' title='bbox 1283 2426 1405 2494; x_wconf 86' lang='lat' dir='ltr'><strong>aceepit,</strong></span> <span class='ocrx_word' id='word_1_302' title='bbox 1433 2425 1582 2492; x_wconf 86' lang='lat' dir='ltr'><strong>specierum</strong></span> 
     </span>
     <span class='ocr_line' id='line_1_27' title="bbox 231 2503 1583 2578; baseline -0.006 -14"><span class='ocrx_word' id='word_1_303' title='bbox 231 2509 385 2578; x_wconf 86' lang='lat' dir='ltr'><strong>principum</strong></span> <span class='ocrx_word' id='word_1_304' title='bbox 414 2515 443 2563; x_wconf 90' lang='lat' dir='ltr'><strong>et</strong></span> <span class='ocrx_word' id='word_1_305' title='bbox 465 2511 663 2578; x_wconf 86' lang='lat' dir='ltr'><strong>primaevarnm</strong></span> <span class='ocrx_word' id='word_1_306' title='bbox 692 2509 721 2562; x_wconf 92' lang='lat' dir='ltr'><strong>in</strong></span> <span class='ocrx_word' id='word_1_307' title='bbox 745 2508 855 2564; x_wconf 89' lang='lat' dir='ltr'><strong>modum</strong></span> <span class='ocrx_word' id='word_1_308' title='bbox 880 2516 908 2564; x_wconf 93' lang='lat' dir='ltr'><strong>et</strong></span> <span class='ocrx_word' id='word_1_309' title='bbox 937 2505 1086 2564; x_wconf 87' lang='lat' dir='ltr'><strong>secundum</strong></span> <span class='ocrx_word' id='word_1_310' title='bbox 1114 2506 1257 2560; x_wconf 72' lang='lat' dir='ltr'><strong>infinitam·</strong></span> <span class='ocrx_word' id='word_1_311' title='bbox 1270 2519 1346 2560; x_wconf 87' lang='lat' dir='ltr'><strong>ruam</strong></span> <span class='ocrx_word' id='word_1_312' title='bbox 1371 2503 1526 2561; x_wconf 82' lang='lat' dir='ltr'><strong>facultatem</strong></span> <span class='ocrx_word' id='word_1_313' title='bbox 1549 2515 1583 2558; x_wconf 89' lang='lat' dir='ltr'><strong>ex</strong></span> 
     </span>
     <span class='ocr_line' id='line_1_28' title="bbox 234 2574 1583 2658; baseline -0.001 -18"><span class='ocrx_word' id='word_1_314' title='bbox 234 2587 375 2657; x_wconf 89' lang='lat' dir='ltr'><strong>principiis</strong></span> <span class='ocrx_word' id='word_1_315' title='bbox 396 2589 550 2658; x_wconf 82' lang='lat' dir='ltr'><strong>anticipatis</strong></span> <span class='ocrx_word' id='word_1_316' title='bbox 575 2587 661 2643; x_wconf 90' lang='lat' dir='ltr'><strong>omnis</strong></span> <span class='ocrx_word' id='word_1_317' title='bbox 681 2587 787 2656; x_wconf 78' lang='lat' dir='ltr'><strong>generis</strong></span> <span class='ocrx_word' id='word_1_318' title='bbox 805 2585 1020 2656; x_wconf 85' lang='lat' dir='ltr'><strong>speculationum</strong></span> <span class='ocrx_word' id='word_1_319' title='bbox 1042 2586 1252 2657; x_wconf 78' lang='lat' dir='ltr'><strong>propagationes</strong></span> <span class='ocrx_word' id='word_1_320' title='bbox 1271 2583 1469 2641; x_wconf 86' lang='lat' dir='ltr'><strong>architectatur.</strong></span> <span class='ocrx_word' id='word_1_321' title='bbox 1501 2574 1583 2638; x_wconf 85' lang='lat' dir='ltr'><strong>Hac·</strong></span> 
     </span>
    </p>
   </div>
   <div class='ocr_carea' id='block_1_7' title="bbox 159 2671 1584 3273">
    <p class='ocr_par' dir='ltr' id='par_1_7' title="bbox 159 2671 1203 2747">
     <span class='ocr_line' id='line_1_29' title="bbox 159 2671 1203 2747; baseline 0 -19"><span class='ocrx_word' id='word_1_322' title='bbox 159 2729 163 2746; x_wconf 66' lang='lat'><strong>,</strong></span> <span class='ocrx_word' id='word_1_323' title='bbox 234 2679 321 2731; x_wconf 84' lang='lat' dir='ltr'><strong>tenus</strong></span> <span class='ocrx_word' id='word_1_324' title='bbox 344 2671 475 2734; x_wconf 90' lang='lat' dir='ltr'><strong>Proclus.</strong></span> <span class='ocrx_word' id='word_1_325' title='bbox 1198 2721 1203 2747; x_wconf 86' lang='lat'><strong>,</strong></span> 
     </span>
    </p>

    <p class='ocr_par' dir='ltr' id='par_1_8' title="bbox 234 2743 1584 3273">
     <span class='ocr_line' id='line_1_30' title="bbox 322 2743 1584 2833; baseline -0.004 -16"><span class='ocrx_word' id='word_1_326' title='bbox 322 2751 429 2818; x_wconf 85' lang='lat' dir='ltr'><strong>Totum</strong></span> <span class='ocrx_word' id='word_1_327' title='bbox 450 2757 549 2819; x_wconf 90' lang='lat' dir='ltr'><strong>locum</strong></span> <span class='ocrx_word' id='word_1_328' title='bbox 572 2761 734 2819; x_wconf 85' lang='lat' dir='ltr'><strong>exscribere</strong></span> <span class='ocrx_word' id='word_1_329' title='bbox 758 2756 853 2829; x_wconf 89' lang='lat' dir='ltr'><strong>volui,</strong></span> <span class='ocrx_word' id='word_1_330' title='bbox 884 2759 953 2833; x_wconf 90' lang='lat' dir='ltr'><strong>quia</strong></span> <span class='ocrx_word' id='word_1_331' title='bbox 980 2775 1037 2816; x_wconf 91' lang='lat' dir='ltr'><strong>non</strong></span> <span class='ocrx_word' id='word_1_332' title='bbox 1061 2763 1173 2815; x_wconf 85' lang='lat' dir='ltr'><strong>tantum</strong></span> <span class='ocrx_word' id='word_1_333' title='bbox 1203 2759 1345 2832; x_wconf 76' lang='lat' dir='ltr'><strong>genuinos</strong></span> <span class='ocrx_word' id='word_1_334' title='bbox 1368 2743 1584 2814; x_wconf 81' lang='lat' dir='ltr'><strong>harmoniarum</strong></span> 
     </span>
     <span class='ocr_line' id='line_1_31' title="bbox 234 2843 1584 2924; baseline -0.001 -21"><span class='ocrx_word' id='word_1_335' title='bbox 234 2849 383 2920; x_wconf 90' lang='lat' dir='ltr'><strong>terminos,</strong></span> <span class='ocrx_word' id='word_1_336' title='bbox 407 2847 530 2908; x_wconf 89' lang='lat' dir='ltr'><strong>circulos</strong></span> <span class='ocrx_word' id='word_1_337' title='bbox 554 2854 583 2906; x_wconf 90' lang='lat' dir='ltr'><strong>et</strong></span> <span class='ocrx_word' id='word_1_338' title='bbox 605 2863 689 2908; x_wconf 89' lang='lat' dir='ltr'><strong>arcus</strong></span> <span class='ocrx_word' id='word_1_339' title='bbox 705 2865 723 2905; x_wconf 93' lang='lat' dir='ltr'><strong>a</strong></span> <span class='ocrx_word' id='word_1_340' title='bbox 738 2846 838 2922; x_wconf 81' lang='lat' dir='ltr'><strong>figuris</strong></span> <span class='ocrx_word' id='word_1_341' title='bbox 853 2847 1001 2919; x_wconf 81' lang='lat' dir='ltr'><strong>reschsos,</strong></span> <span class='ocrx_word' id='word_1_342' title='bbox 1018 2848 1092 2924; x_wconf 79' lang='lat' dir='ltr'><strong>inter</strong></span> <span class='ocrx_word' id='word_1_343' title='bbox 1109 2854 1204 2904; x_wconf 88' lang='lat' dir='ltr'><strong>cetera</strong></span> <span class='ocrx_word' id='word_1_344' title='bbox 1219 2843 1425 2902; x_wconf 86' lang='lat' dir='ltr'><strong>mathematica</strong></span> <span class='ocrx_word' id='word_1_345' title='bbox 1442 2843 1584 2901; x_wconf 90' lang='lat' dir='ltr'><strong>inanima</strong></span> 
     </span>
     <span class='ocr_line' id='line_1_32' title="bbox 235 2927 1583 3009; baseline 0 -19"><span class='ocrx_word' id='word_1_346' title='bbox 235 2934 325 3009; x_wconf 89' lang='lat' dir='ltr'><strong>inque</strong></span> <span class='ocrx_word' id='word_1_347' title='bbox 348 2943 444 2993; x_wconf 87' lang='lat' dir='ltr'><strong>mente</strong></span> <span class='ocrx_word' id='word_1_348' title='bbox 468 2937 571 2994; x_wconf 89' lang='lat' dir='ltr'><strong>statuit</strong></span> <span class='ocrx_word' id='word_1_349' title='bbox 594 2927 799 3008; x_wconf 81' lang='lat' dir='ltr'><strong>essentialiter,</strong></span> <span class='ocrx_word' id='word_1_350' title='bbox 831 2933 873 2992; x_wconf 88' lang='lat' dir='ltr'><strong>sic</strong></span> <span class='ocrx_word' id='word_1_351' title='bbox 895 2939 928 2990; x_wconf 86' lang='lat' dir='ltr'><strong>ut</strong></span> <span class='ocrx_word' id='word_1_352' title='bbox 956 2931 1030 3008; x_wconf 90' lang='lat' dir='ltr'><strong>haee</strong></span> <span class='ocrx_word' id='word_1_353' title='bbox 1052 2931 1259 2992; x_wconf 90' lang='lat' dir='ltr'><strong>mathematica</strong></span> <span class='ocrx_word' id='word_1_354' title='bbox 1280 2929 1353 2990; x_wconf 89' lang='lat' dir='ltr'><strong>fiant</strong></span> <span class='ocrx_word' id='word_1_355' title='bbox 1381 2931 1437 3008; x_wconf 92' lang='lat' dir='ltr'><strong>ipsi</strong></span> <span class='ocrx_word' id='word_1_356' title='bbox 1468 2931 1583 2990; x_wconf 90' lang='lat' dir='ltr'><strong>animae</strong></span> 
     </span>
     <span class='ocr_line' id='line_1_33' title="bbox 235 3015 1584 3101; baseline -0.003 -23"><span class='ocrx_word' id='word_1_357' title='bbox 235 3023 424 3098; x_wconf 88' lang='lat' dir='ltr'><strong>vicissimque</strong></span> <span class='ocrx_word' id='word_1_358' title='bbox 453 3025 552 3081; x_wconf 88' lang='lat' dir='ltr'><strong>anima</strong></span> <span class='ocrx_word' id='word_1_359' title='bbox 581 3023 653 3100; x_wconf 89' lang='lat' dir='ltr'><strong>ipsis</strong></span> <span class='ocrx_word' id='word_1_360' title='bbox 674 3019 715 3101; x_wconf 93' lang='lat' dir='ltr'><strong>(in</strong></span> <span class='ocrx_word' id='word_1_361' title='bbox 744 3026 885 3096; x_wconf 88' lang='lat' dir='ltr'><strong>quantum</strong></span> <span class='ocrx_word' id='word_1_362' title='bbox 913 3027 981 3078; x_wconf 90' lang='lat' dir='ltr'><strong>sunt</strong></span> <span class='ocrx_word' id='word_1_363' title='bbox 1011 3028 1123 3078; x_wconf 86' lang='lat' dir='ltr'><strong>secreta</strong></span> <span class='ocrx_word' id='word_1_364' title='bbox 1155 3039 1173 3077; x_wconf 89' lang='lat' dir='ltr'><strong>a</strong></span> <span class='ocrx_word' id='word_1_365' title='bbox 1204 3015 1410 3098; x_wconf 81' lang='lat' dir='ltr'><strong>singularibus)</strong></span> <span class='ocrx_word' id='word_1_366' title='bbox 1439 3015 1584 3093; x_wconf 88' lang='lat' dir='ltr'><strong>quaedam</strong></span> 
     </span>
     <span class='ocr_line' id='line_1_34' title="bbox 236 3103 1583 3184; baseline -0.002 -18"><span class='ocrx_word' id='word_1_367' title='bbox 236 3108 318 3167; x_wconf 88' lang='lat' dir='ltr'><strong>velut</strong></span> <span class='ocrx_word' id='word_1_368' title='bbox 339 3111 481 3184; x_wconf 87' lang='lat' dir='ltr'><strong>essentia,</strong></span> <span class='ocrx_word' id='word_1_369' title='bbox 511 3108 674 3169; x_wconf 85' lang='lat' dir='ltr'><strong>sedetiam</strong></span> <span class='ocrx_word' id='word_1_370' title='bbox 699 3109 768 3184; x_wconf 88' lang='lat' dir='ltr'><strong>quia</strong></span> <span class='ocrx_word' id='word_1_371' title='bbox 791 3107 863 3166; x_wconf 92' lang='lat' dir='ltr'><strong>mibi</strong></span> <span class='ocrx_word' id='word_1_372' title='bbox 885 3106 993 3165; x_wconf 88' lang='lat' dir='ltr'><strong>similia</strong></span> <span class='ocrx_word' id='word_1_373' title='bbox 1020 3107 1175 3182; x_wconf 84' lang='lat' dir='ltr'><strong>proferenti</strong></span> <span class='ocrx_word' id='word_1_374' title='bbox 1207 3105 1296 3165; x_wconf 89' lang='lat' dir='ltr'><strong>demit</strong></span> <span class='ocrx_word' id='word_1_375' title='bbox 1318 3105 1460 3164; x_wconf 88' lang='lat' dir='ltr'><strong>invidiam</strong></span> <span class='ocrx_word' id='word_1_376' title='bbox 1483 3103 1583 3180; x_wconf 89' lang='lat' dir='ltr'><strong>rejecti</strong></span> 
     </span>
     <span class='ocr_line' id='line_1_35' title="bbox 234 3191 1448 3273; baseline -0.001 -19"><span class='ocrx_word' id='word_1_377' title='bbox 234 3196 393 3256; x_wconf 90' lang='lat' dir='ltr'><strong>hincinde</strong></span> <span class='ocrx_word' id='word_1_378' title='bbox 417 3195 592 3270; x_wconf 83' lang='lat' dir='ltr'><strong>Aristotelis,</strong></span> <span class='ocrx_word' id='word_1_379' title='bbox 616 3207 769 3273; x_wconf 86' lang='lat' dir='ltr'><strong>totamque</strong></span> <span class='ocrx_word' id='word_1_380' title='bbox 794 3195 868 3254; x_wconf 89' lang='lat' dir='ltr'><strong>banc</strong></span> <span class='ocrx_word' id='word_1_381' title='bbox 892 3193 1107 3272; x_wconf 88' lang='lat' dir='ltr'><strong>philosophiam</strong></span> <span class='ocrx_word' id='word_1_382' title='bbox 1131 3195 1235 3256; x_wconf 87' lang='lat' dir='ltr'><strong>eximie</strong></span> <span class='ocrx_word' id='word_1_383' title='bbox 1257 3191 1448 3254; x_wconf 90' lang='lat' dir='ltr'><strong>commendat.</strong></span> 
     </span>
    </p>
   </div>
   <div class='ocr_carea' id='block_1_8' title="bbox 219 3297 1621 4078">
    <p class='ocr_par' dir='ltr' id='par_1_9' title="bbox 219 3297 1621 4078">
     <span class='ocr_line' id='line_1_36' title="bbox 323 3297 1584 3377; baseline -0.002 -20"><span class='ocrx_word' id='word_1_384' title='bbox 323 3299 371 3358; x_wconf 90' lang='lat' dir='ltr'><strong>De</strong></span> <span class='ocrx_word' id='word_1_385' title='bbox 392 3302 517 3360; x_wconf 88' lang='lat' dir='ltr'><strong>numeris</strong></span> <span class='ocrx_word' id='word_1_386' title='bbox 539 3299 657 3377; x_wconf 88' lang='lat' dir='ltr'><strong>quidem</strong></span> <span class='ocrx_word' id='word_1_387' title='bbox 680 3299 757 3360; x_wconf 89' lang='lat' dir='ltr'><strong>baud</strong></span> <span class='ocrx_word' id='word_1_388' title='bbox 782 3299 996 3374; x_wconf 86' lang='lat' dir='ltr'><strong>contenderim,</strong></span> <span class='ocrx_word' id='word_1_389' title='bbox 1024 3300 1095 3375; x_wconf 89' lang='lat' dir='ltr'><strong>quin</strong></span> <span class='ocrx_word' id='word_1_390' title='bbox 1120 3298 1291 3358; x_wconf 78' lang='lat' dir='ltr'><strong>Anatotclee</strong></span> <span class='ocrx_word' id='word_1_391' title='bbox 1314 3305 1391 3358; x_wconf 86' lang='lat' dir='ltr'><strong>recte</strong></span> <span class='ocrx_word' id='word_1_392' title='bbox 1417 3297 1584 3359; x_wconf 78' lang='lat' dir='ltr'><strong>refutaverit</strong></span> 
     </span>
     <span class='ocr_line' id='line_1_37' title="bbox 219 3385 1583 3464; baseline -0.001 -20"><span class='ocrx_word' id='word_1_393' title='bbox 219 3385 462 3464; x_wconf 83' lang='lat' dir='ltr'><strong>·Pytbagoricos;</strong></span> <span class='ocrx_word' id='word_1_394' title='bbox 485 3397 554 3451; x_wconf 89' lang='lat' dir='ltr'><strong>sunt</strong></span> <span class='ocrx_word' id='word_1_395' title='bbox 577 3391 653 3450; x_wconf 83' lang='lat' dir='ltr'><strong>anim</strong></span> <span class='ocrx_word' id='word_1_396' title='bbox 676 3386 718 3445; x_wconf 91' lang='lat' dir='ltr'><strong>illi</strong></span> <span class='ocrx_word' id='word_1_397' title='bbox 741 3385 885 3448; x_wconf 85' lang='lat' dir='ltr'><strong>secundae</strong></span> <span class='ocrx_word' id='word_1_398' title='bbox 909 3385 1125 3462; x_wconf 88' lang='lat' dir='ltr'><strong>quodammodo</strong></span> <span class='ocrx_word' id='word_1_399' title='bbox 1149 3386 1325 3459; x_wconf 85' lang='lat' dir='ltr'><strong>intentionis,</strong></span> <span class='ocrx_word' id='word_1_400' title='bbox 1349 3388 1407 3448; x_wconf 90' lang='lat' dir='ltr'><strong>imo</strong></span> <span class='ocrx_word' id='word_1_401' title='bbox 1430 3391 1460 3444; x_wconf 89' lang='lat' dir='ltr'><strong>et</strong></span> <span class='ocrx_word' id='word_1_402' title='bbox 1482 3387 1583 3444; x_wconf 88' lang='lat' dir='ltr'><strong>tertiae</strong></span> 
     </span>
     <span class='ocr_line' id='line_1_38' title="bbox 234 3474 1582 3554; baseline -0.001 -22"><span class='ocrx_word' id='word_1_403' title='bbox 234 3484 265 3532; x_wconf 89' lang='lat' dir='ltr'><strong>et</strong></span> <span class='ocrx_word' id='word_1_404' title='bbox 287 3483 407 3550; x_wconf 86' lang='lat' dir='ltr'><strong>quartae</strong></span> <span class='ocrx_word' id='word_1_405' title='bbox 430 3483 460 3535; x_wconf 89' lang='lat' dir='ltr'><strong>et</strong></span> <span class='ocrx_word' id='word_1_406' title='bbox 482 3476 566 3553; x_wconf 88' lang='lat' dir='ltr'><strong>cnjus</strong></span> <span class='ocrx_word' id='word_1_407' title='bbox 595 3493 652 3538; x_wconf 90' lang='lat' dir='ltr'><strong>non</strong></span> <span class='ocrx_word' id='word_1_408' title='bbox 682 3484 726 3536; x_wconf 89' lang='lat' dir='ltr'><strong>eat</strong></span> <span class='ocrx_word' id='word_1_409' title='bbox 756 3475 852 3535; x_wconf 85' lang='lat' dir='ltr'><strong>dicere</strong></span> <span class='ocrx_word' id='word_1_410' title='bbox 881 3477 1050 3550; x_wconf 69' lang='lat' dir='ltr'><strong>terminum</strong></span> <span class='ocrx_word' id='word_1_411' title='bbox 1079 3491 1133 3534; x_wconf 91' lang='lat' dir='ltr'><strong>uec</strong></span> <span class='ocrx_word' id='word_1_412' title='bbox 1164 3474 1272 3537; x_wconf 87' lang='lat' dir='ltr'><strong>babent</strong></span> <span class='ocrx_word' id='word_1_413' title='bbox 1302 3475 1330 3550; x_wconf 84' lang='lat' dir='ltr'><strong>in</strong></span> <span class='ocrx_word' id='word_1_414' title='bbox 1353 3475 1582 3554; x_wconf 77' lang='lat' dir='ltr'><strong>nequicquam,</strong></span> 
     </span>
     <span class='ocr_line' id='line_1_39' title="bbox 235 3558 1583 3640; baseline -0.004 -18"><span class='ocrx_word' id='word_1_415' title='bbox 235 3563 315 3638; x_wconf 90' lang='lat' dir='ltr'><strong>quod</strong></span> <span class='ocrx_word' id='word_1_416' title='bbox 337 3579 395 3621; x_wconf 91' lang='lat' dir='ltr'><strong>non</strong></span> <span class='ocrx_word' id='word_1_417' title='bbox 419 3561 467 3622; x_wconf 89' lang='lat' dir='ltr'><strong>vel</strong></span> <span class='ocrx_word' id='word_1_418' title='bbox 488 3581 507 3620; x_wconf 92' lang='lat' dir='ltr'><strong>a</strong></span> <span class='ocrx_word' id='word_1_419' title='bbox 530 3564 752 3640; x_wconf 85' lang='lat' dir='ltr'><strong>quantitatibus,</strong></span> <span class='ocrx_word' id='word_1_420' title='bbox 777 3561 824 3622; x_wconf 90' lang='lat' dir='ltr'><strong>vel</strong></span> <span class='ocrx_word' id='word_1_421' title='bbox 847 3561 885 3622; x_wconf 87' lang='lat' dir='ltr'><strong>ab</strong></span> <span class='ocrx_word' id='word_1_422' title='bbox 909 3561 975 3621; x_wconf 89' lang='lat' dir='ltr'><strong>aliis</strong></span> <span class='ocrx_word' id='word_1_423' title='bbox 994 3563 1069 3620; x_wconf 89' lang='lat' dir='ltr'><strong>veris</strong></span> <span class='ocrx_word' id='word_1_424' title='bbox 1093 3569 1122 3624; x_wconf 88' lang='lat' dir='ltr'><strong>et</strong></span> <span class='ocrx_word' id='word_1_425' title='bbox 1142 3561 1268 3620; x_wconf 89' lang='lat' dir='ltr'><strong>realibus</strong></span> <span class='ocrx_word' id='word_1_426' title='bbox 1283 3561 1408 3632; x_wconf 90' lang='lat' dir='ltr'><strong>entibus,</strong></span> <span class='ocrx_word' id='word_1_427' title='bbox 1432 3558 1480 3620; x_wconf 85' lang='lat' dir='ltr'><strong>rei</strong></span> <span class='ocrx_word' id='word_1_428' title='bbox 1496 3561 1583 3618; x_wconf 85' lang='lat' dir='ltr'><strong>etiam</strong></span> 
     </span>
     <span class='ocr_line' id='line_1_40' title="bbox 234 3649 1621 3726; baseline -0.006 -18"><span class='ocrx_word' id='word_1_429' title='bbox 234 3666 254 3708; x_wconf 88' lang='lat' dir='ltr'><strong>a</strong></span> <span class='ocrx_word' id='word_1_430' title='bbox 277 3653 365 3710; x_wconf 85' lang='lat' dir='ltr'><strong>variis</strong></span> <span class='ocrx_word' id='word_1_431' title='bbox 387 3652 492 3713; x_wconf 86' lang='lat' dir='ltr'><strong>mentis</strong></span> <span class='ocrx_word' id='word_1_432' title='bbox 515 3652 725 3724; x_wconf 79' lang='lat' dir='ltr'><strong>intentionibus</strong></span> <span class='ocrx_word' id='word_1_433' title='bbox 748 3651 929 3726; x_wconf 83' lang='lat' dir='ltr'><strong>acceperiut;</strong></span> <span class='ocrx_word' id='word_1_434' title='bbox 959 3652 1057 3726; x_wconf 87' lang='lat' dir='ltr'><strong>itaque</strong></span> <span class='ocrx_word' id='word_1_435' title='bbox 1079 3666 1134 3708; x_wconf 86' lang='lat' dir='ltr'><strong>nec</strong></span> <span class='ocrx_word' id='word_1_436' title='bbox 1156 3649 1317 3712; x_wconf 86' lang='lat' dir='ltr'><strong>Platonicis</strong></span> <span class='ocrx_word' id='word_1_437' title='bbox 1339 3649 1481 3720; x_wconf 87' lang='lat' dir='ltr'><strong>nurnerie,</strong></span> <span class='ocrx_word' id='word_1_438' title='bbox 1511 3662 1583 3704; x_wconf 91' lang='lat' dir='ltr'><strong>con·</strong></span> <span class='ocrx_word' id='word_1_439' title='bbox 1618 3685 1621 3698; x_wconf 90' lang='lat'><strong>.</strong></span> 
     </span>
     <span class='ocr_line' id='line_1_41' title="bbox 235 3735 1583 3814; baseline -0.001 -19"><span class='ocrx_word' id='word_1_440' title='bbox 235 3739 362 3796; x_wconf 88' lang='lat' dir='ltr'><strong>versioni</strong></span> <span class='ocrx_word' id='word_1_441' title='bbox 386 3739 665 3814; x_wconf 88' lang='lat' dir='ltr'><strong>rerumpublicarum</strong></span> <span class='ocrx_word' id='word_1_442' title='bbox 687 3739 811 3809; x_wconf 85' lang='lat' dir='ltr'><strong>tributis,</strong></span> <span class='ocrx_word' id='word_1_443' title='bbox 835 3753 909 3813; x_wconf 91' lang='lat' dir='ltr'><strong>quos</strong></span> <span class='ocrx_word' id='word_1_444' title='bbox 925 3737 1058 3799; x_wconf 87' lang='lat' dir='ltr'><strong>Bodinus</strong></span> <span class='ocrx_word' id='word_1_445' title='bbox 1080 3738 1110 3794; x_wconf 91' lang='lat' dir='ltr'><strong>in</strong></span> <span class='ocrx_word' id='word_1_446' title='bbox 1133 3737 1271 3796; x_wconf 87' lang='lat' dir='ltr'><strong>methodo</strong></span> <span class='ocrx_word' id='word_1_447' title='bbox 1289 3735 1473 3796; x_wconf 86' lang='lat' dir='ltr'><strong>historiarum</strong></span> <span class='ocrx_word' id='word_1_448' title='bbox 1496 3751 1583 3794; x_wconf 88' lang='lat' dir='ltr'><strong>usur-</strong></span> 
     </span>
     <span class='ocr_line' id='line_1_42' title="bbox 232 3821 1581 3902; baseline -0.004 -18"><span class='ocrx_word' id='word_1_449' title='bbox 232 3829 372 3902; x_wconf 74' lang='lat' dir='ltr'><strong>putueo</strong></span> <span class='ocrx_word' id='word_1_450' title='bbox 394 3823 594 3886; x_wconf 88' lang='lat' dir='ltr'><strong>climactericia</strong></span> <span class='ocrx_word' id='word_1_451' title='bbox 618 3825 702 3886; x_wconf 85' lang='lat' dir='ltr'><strong>dictis</strong></span> <span class='ocrx_word' id='word_1_452' title='bbox 725 3835 841 3902; x_wconf 89' lang='lat' dir='ltr'><strong>propter</strong></span> <span class='ocrx_word' id='word_1_453' title='bbox 864 3823 981 3900; x_wconf 90' lang='lat' dir='ltr'><strong>qnidam</strong></span> <span class='ocrx_word' id='word_1_454' title='bbox 1004 3841 1036 3884; x_wconf 89' lang='lat' dir='ltr'><strong>se</strong></span> <span class='ocrx_word' id='word_1_455' title='bbox 1059 3827 1139 3900; x_wconf 88' lang='lat' dir='ltr'><strong>ipsos</strong></span> <span class='ocrx_word' id='word_1_456' title='bbox 1161 3829 1319 3902; x_wconf 86' lang='lat' dir='ltr'><strong>quicquam</strong></span> <span class='ocrx_word' id='word_1_457' title='bbox 1341 3822 1447 3896; x_wconf 86' lang='lat' dir='ltr'><strong>tribuo,</strong></span> <span class='ocrx_word' id='word_1_458' title='bbox 1473 3822 1529 3883; x_wconf 92' lang='lat' dir='ltr'><strong>nisi</strong></span> <span class='ocrx_word' id='word_1_459' title='bbox 1553 3821 1581 3879; x_wconf 91' lang='lat' dir='ltr'><strong>in</strong></span> 
     </span>
     <span class='ocr_line' id='line_1_43' title="bbox 235 3909 1584 3992; baseline -0.006 -20"><span class='ocrx_word' id='word_1_460' title='bbox 235 3923 378 3990; x_wconf 88' lang='lat' dir='ltr'><strong>quantum</strong></span> <span class='ocrx_word' id='word_1_461' title='bbox 408 3915 428 3972; x_wconf 92' lang='lat' dir='ltr'><strong>ii</strong></span> <span class='ocrx_word' id='word_1_462' title='bbox 450 3913 649 3974; x_wconf 90' lang='lat' dir='ltr'><strong>revolutiones</strong></span> <span class='ocrx_word' id='word_1_463' title='bbox 679 3920 822 3972; x_wconf 86' lang='lat' dir='ltr'><strong>astrorum</strong></span> <span class='ocrx_word' id='word_1_464' title='bbox 850 3911 1169 3992; x_wconf 86' lang='lat' dir='ltr'><strong>configuratiouumque</strong></span> <span class='ocrx_word' id='word_1_465' title='bbox 1182 3921 1364 3986; x_wconf 81' lang='lat' dir='ltr'><strong>numerant3</strong></span> <span class='ocrx_word' id='word_1_466' title='bbox 1388 3919 1419 3968; x_wconf 89' lang='lat' dir='ltr'><strong>ut</strong></span> <span class='ocrx_word' id='word_1_467' title='bbox 1441 3925 1533 3985; x_wconf 88' lang='lat' dir='ltr'><strong>nuper</strong></span> <span class='ocrx_word' id='word_1_468' title='bbox 1555 3909 1584 3966; x_wconf 91' lang='lat' dir='ltr'><strong>iu</strong></span> 
     </span>
     <span class='ocr_line' id='line_1_44' title="bbox 234 3999 1118 4078; baseline -0.001 -19"><span class='ocrx_word' id='word_1_469' title='bbox 234 3999 449 4078; x_wconf 81' lang='lat' dir='ltr'><strong>prolegomenis</strong></span> <span class='ocrx_word' id='word_1_470' title='bbox 475 4000 696 4077; x_wconf 81' lang='lat' dir='ltr'><strong>premcridum</strong></span> <span class='ocrx_word' id='word_1_471' title='bbox 717 4016 776 4060; x_wconf 90' lang='lat' dir='ltr'><strong>non</strong></span> <span class='ocrx_word' id='word_1_472' title='bbox 799 4001 922 4060; x_wconf 87' lang='lat' dir='ltr'><strong>obscure</strong></span> <span class='ocrx_word' id='word_1_473' title='bbox 944 3999 1118 4077; x_wconf 74' lang='lat' dir='ltr'><strong>significavi.</strong></span> 
     </span>
    </p>
   </div>
   <div class='ocr_carea' id='block_1_9' title="bbox 157 4101 1623 4881">
    <p class='ocr_par' dir='ltr' id='par_1_10' title="bbox 157 4101 1623 4881">
     <span class='ocr_line' id='line_1_45' title="bbox 325 4101 1582 4179; baseline -0.001 -15"><span class='ocrx_word' id='word_1_474' title='bbox 325 4104 364 4164; x_wconf 76' lang='lat' dir='ltr'><strong>At</strong></span> <span class='ocrx_word' id='word_1_475' title='bbox 385 4103 474 4179; x_wconf 72' lang='lat' dir='ltr'><strong>,quod</strong></span> <span class='ocrx_word' id='word_1_476' title='bbox 503 4105 608 4163; x_wconf 87' lang='lat' dir='ltr'><strong>attinet</strong></span> <span class='ocrx_word' id='word_1_477' title='bbox 635 4106 814 4179; x_wconf 86' lang='lat' dir='ltr'><strong>quantitates</strong></span> <span class='ocrx_word' id='word_1_478' title='bbox 845 4105 1015 4176; x_wconf 81' lang='lat' dir='ltr'><strong>continuas,</strong></span> <span class='ocrx_word' id='word_1_479' title='bbox 1052 4107 1169 4164; x_wconf 89' lang='lat' dir='ltr'><strong>omuino</strong></span> <span class='ocrx_word' id='word_1_480' title='bbox 1199 4110 1343 4164; x_wconf 74' lang='lat' dir='ltr'><strong>msarrtior</strong></span> <span class='ocrx_word' id='word_1_481' title='bbox 1371 4101 1493 4175; x_wconf 79' lang='lat' dir='ltr'><strong>Promo,</strong></span> <span class='ocrx_word' id='word_1_482' title='bbox 1527 4103 1582 4164; x_wconf 83' lang='lat' dir='ltr'><strong>etti</strong></span> 
     </span>
     <span class='ocr_line' id='line_1_46' title="bbox 234 4187 1583 4267; baseline -0.001 -17"><span class='ocrx_word' id='word_1_483' title='bbox 234 4195 330 4251; x_wconf 86' lang='lat' dir='ltr'><strong>oratio</strong></span> <span class='ocrx_word' id='word_1_484' title='bbox 352 4191 417 4250; x_wconf 82' lang='lat' dir='ltr'><strong>duit</strong></span> <span class='ocrx_word' id='word_1_485' title='bbox 439 4193 495 4267; x_wconf 87' lang='lat' dir='ltr'><strong>ipsi</strong></span> <span class='ocrx_word' id='word_1_486' title='bbox 517 4193 653 4251; x_wconf 84' lang='lat' dir='ltr'><strong>tumentis</strong></span> <span class='ocrx_word' id='word_1_487' title='bbox 676 4194 780 4264; x_wconf 88' lang='lat' dir='ltr'><strong>instar,</strong></span> <span class='ocrx_word' id='word_1_488' title='bbox 810 4192 889 4267; x_wconf 88' lang='lat' dir='ltr'><strong>ripas</strong></span> <span class='ocrx_word' id='word_1_489' title='bbox 911 4191 1056 4250; x_wconf 85' lang='lat' dir='ltr'><strong>inundans</strong></span> <span class='ocrx_word' id='word_1_490' title='bbox 1086 4200 1118 4252; x_wconf 89' lang='lat' dir='ltr'><strong>et</strong></span> <span class='ocrx_word' id='word_1_491' title='bbox 1148 4209 1237 4252; x_wconf 89' lang='lat' dir='ltr'><strong>caena</strong></span> <span class='ocrx_word' id='word_1_492' title='bbox 1258 4191 1475 4250; x_wconf 81' lang='lat' dir='ltr'><strong>dubitationum</strong></span> <span class='ocrx_word' id='word_1_493' title='bbox 1507 4187 1583 4266; x_wconf 83' lang='lat' dir='ltr'><strong>vada</strong></span> 
     </span>
     <span class='ocr_line' id='line_1_47' title="bbox 234 4276 1623 4355; baseline -0.001 -17"><span class='ocrx_word' id='word_1_494' title='bbox 234 4281 425 4355; x_wconf 76' lang='lat' dir='ltr'><strong>gurgitasqua</strong></span> <span class='ocrx_word' id='word_1_495' title='bbox 448 4277 607 4351; x_wconf 87' lang='lat' dir='ltr'><strong>occultans,</strong></span> <span class='ocrx_word' id='word_1_496' title='bbox 632 4277 700 4337; x_wconf 90' lang='lat' dir='ltr'><strong>dum</strong></span> <span class='ocrx_word' id='word_1_497' title='bbox 722 4295 803 4338; x_wconf 87' lang='lat' dir='ltr'><strong>mens</strong></span> <span class='ocrx_word' id='word_1_498' title='bbox 826 4279 914 4354; x_wconf 87' lang='lat' dir='ltr'><strong>plena</strong></span> <span class='ocrx_word' id='word_1_499' title='bbox 935 4279 1097 4354; x_wconf 84' lang='lat' dir='ltr'><strong>majestatis</strong></span> <span class='ocrx_word' id='word_1_500' title='bbox 1119 4286 1265 4338; x_wconf 76' lang='lat' dir='ltr'><strong>mutarum</strong></span> <span class='ocrx_word' id='word_1_501' title='bbox 1286 4295 1380 4336; x_wconf 86' lang='lat' dir='ltr'><strong>rerum</strong></span> <span class='ocrx_word' id='word_1_502' title='bbox 1406 4276 1583 4338; x_wconf 81' lang='lat' dir='ltr'><strong>luctaturis</strong></span> <span class='ocrx_word' id='word_1_503' title='bbox 1621 4285 1623 4292; x_wconf 83' lang='grc'><em>’</em></span> 
     </span>
     <span class='ocr_line' id='line_1_48' title="bbox 235 4353 1582 4444; baseline 0.001 -21"><span class='ocrx_word' id='word_1_504' title='bbox 235 4369 377 4442; x_wconf 79' lang='lat' dir='ltr'><strong>angustiis</strong></span> <span class='ocrx_word' id='word_1_505' title='bbox 394 4365 519 4441; x_wconf 84' lang='lat' dir='ltr'><strong>linguae,</strong></span> <span class='ocrx_word' id='word_1_506' title='bbox 544 4373 573 4424; x_wconf 90' lang='lat' dir='ltr'><strong>et</strong></span> <span class='ocrx_word' id='word_1_507' title='bbox 595 4364 754 4438; x_wconf 89' lang='lat' dir='ltr'><strong>conclusio,</strong></span> <span class='ocrx_word' id='word_1_508' title='bbox 777 4353 926 4442; x_wconf 85' lang='lat' dir='ltr'><strong>nunquam</strong></span> <span class='ocrx_word' id='word_1_509' title='bbox 949 4367 1004 4425; x_wconf 88' lang='lat' dir='ltr'><strong>sibi</strong></span> <span class='ocrx_word' id='word_1_510' title='bbox 1028 4369 1083 4444; x_wconf 89' lang='lat' dir='ltr'><strong>ipsi</strong></span> <span class='ocrx_word' id='word_1_511' title='bbox 1106 4367 1262 4426; x_wconf 89' lang='lat' dir='ltr'><strong>verborum</strong></span> <span class='ocrx_word' id='word_1_512' title='bbox 1283 4367 1368 4440; x_wconf 87' lang='lat' dir='ltr'><strong>oopiu</strong></span> <span class='ocrx_word' id='word_1_513' title='bbox 1390 4363 1582 4436; x_wconf 72' lang='lat' dir='ltr'><strong>subruerent,</strong></span> 
     </span>
     <span class='ocr_line' id='line_1_49' title="bbox 234 4449 1582 4532; baseline -0.002 -19"><span class='ocrx_word' id='word_1_514' title='bbox 234 4455 467 4532; x_wconf 86' lang='lat' dir='ltr'><strong>propositionum</strong></span> <span class='ocrx_word' id='word_1_515' title='bbox 489 4452 706 4532; x_wconf 74' lang='lat' dir='ltr'><strong>simplicitatem</strong></span> <span class='ocrx_word' id='word_1_516' title='bbox 728 4451 852 4512; x_wconf 79' lang='lat' dir='ltr'><strong>ermdit</strong></span> <span class='ocrx_word' id='word_1_517' title='bbox 897 4449 1010 4528; x_wconf 77' lang='lat' dir='ltr'><strong>Opinon</strong></span> <span class='ocrx_word' id='word_1_518' title='bbox 1031 4455 1127 4528; x_wconf 75' lang='lat' dir='ltr'><strong>igitur,</strong></span> <span class='ocrx_word' id='word_1_519' title='bbox 1151 4455 1273 4514; x_wconf 80' lang='lat' dir='ltr'><strong>timeae</strong></span> <span class='ocrx_word' id='word_1_520' title='bbox 1297 4468 1351 4528; x_wconf 78' lang='lat' dir='ltr'><strong>ego</strong></span> <span class='ocrx_word' id='word_1_521' title='bbox 1370 4453 1507 4525; x_wconf 86' lang='lat' dir='ltr'><strong>rationes,</strong></span> <span class='ocrx_word' id='word_1_522' title='bbox 1532 4469 1582 4510; x_wconf 90' lang='lat' dir='ltr'><strong>cnr</strong></span> 
     </span>
     <span class='ocr_line' id='line_1_50' title="bbox 234 4539 1583 4616; baseline -0.001 -15"><span class='ocrx_word' id='word_1_523' title='bbox 234 4542 396 4601; x_wconf 85' lang='lat' dir='ltr'><strong>harmoniis</strong></span> <span class='ocrx_word' id='word_1_524' title='bbox 425 4541 611 4602; x_wconf 74' lang='lat' dir='ltr'><strong>insanandus</strong></span> <span class='ocrx_word' id='word_1_525' title='bbox 640 4539 779 4600; x_wconf 89' lang='lat' dir='ltr'><strong>circulum</strong></span> <span class='ocrx_word' id='word_1_526' title='bbox 806 4539 1034 4600; x_wconf 89' lang='lat' dir='ltr'><strong>intellectualem</strong></span> <span class='ocrx_word' id='word_1_527' title='bbox 1062 4541 1186 4615; x_wconf 79' lang='lat' dir='ltr'><strong>ejusque</strong></span> <span class='ocrx_word' id='word_1_528' title='bbox 1215 4546 1313 4616; x_wconf 87' lang='lat' dir='ltr'><strong>partes</strong></span> <span class='ocrx_word' id='word_1_529' title='bbox 1342 4541 1480 4600; x_wconf 87' lang='lat' dir='ltr'><strong>terminos</strong></span> <span class='ocrx_word' id='word_1_530' title='bbox 1509 4555 1583 4600; x_wconf 86' lang='lat' dir='ltr'><strong>eou-</strong></span> 
     </span>
     <span class='ocr_line' id='line_1_51' title="bbox 234 4623 1581 4709; baseline -0.003 -21"><span class='ocrx_word' id='word_1_531' title='bbox 234 4631 373 4702; x_wconf 89' lang='lat' dir='ltr'><strong>stituam,</strong></span> <span class='ocrx_word' id='word_1_532' title='bbox 399 4627 462 4703; x_wconf 87' lang='lat' dir='ltr'><strong>jam</strong></span> <span class='ocrx_word' id='word_1_533' title='bbox 484 4627 661 4703; x_wconf 83' lang='lat' dir='ltr'><strong>subjunrcro</strong></span> <span class='ocrx_word' id='word_1_534' title='bbox 689 4626 856 4709; x_wconf 89' lang='lat' dir='ltr'><strong>(conceptas</strong></span> <span class='ocrx_word' id='word_1_535' title='bbox 886 4629 967 4704; x_wconf 90' lang='lat' dir='ltr'><strong>prius</strong></span> <span class='ocrx_word' id='word_1_536' title='bbox 990 4643 1078 4702; x_wconf 88' lang='lat' dir='ltr'><strong>quem</strong></span> <span class='ocrx_word' id='word_1_537' title='bbox 1101 4626 1234 4685; x_wconf 87' lang='lat' dir='ltr'><strong>Proclum</strong></span> <span class='ocrx_word' id='word_1_538' title='bbox 1260 4623 1421 4708; x_wconf 82' lang='lat' dir='ltr'><strong>legissem),</strong></span> <span class='ocrx_word' id='word_1_539' title='bbox 1452 4643 1581 4685; x_wconf 90' lang='lat' dir='ltr'><strong>menon</strong></span> 
     </span>
     <span class='ocr_line' id='line_1_52' title="bbox 157 4713 1581 4792; baseline -0.003 -16"><span class='ocrx_word' id='word_1_540' title='bbox 157 4719 161 4732; x_wconf 93' lang='lat'>&#39;</span> <span class='ocrx_word' id='word_1_541' title='bbox 235 4725 349 4776; x_wconf 84' lang='lat' dir='ltr'><strong>tantum</strong></span> <span class='ocrx_word' id='word_1_542' title='bbox 381 4725 578 4776; x_wconf 87' lang='lat' dir='ltr'><strong>consentanea</strong></span> <span class='ocrx_word' id='word_1_543' title='bbox 598 4714 704 4776; x_wconf 89' lang='lat' dir='ltr'><strong>Proclo</strong></span> <span class='ocrx_word' id='word_1_544' title='bbox 737 4713 893 4788; x_wconf 85' lang='lat' dir='ltr'><strong>dicturum,</strong></span> <span class='ocrx_word' id='word_1_545' title='bbox 906 4756 909 4760; x_wconf 83' lang='lat'><em>-</em></span> <span class='ocrx_word' id='word_1_546' title='bbox 922 4713 974 4773; x_wconf 88' lang='lat' dir='ltr'><strong>sed</strong></span> <span class='ocrx_word' id='word_1_547' title='bbox 1003 4716 1090 4773; x_wconf 73' lang='lat' dir='ltr'><strong>enam</strong></span> <span class='ocrx_word' id='word_1_548' title='bbox 1120 4713 1322 4790; x_wconf 90' lang='lat' dir='ltr'><strong>compendium</strong></span> <span class='ocrx_word' id='word_1_549' title='bbox 1344 4714 1491 4792; x_wconf 89' lang='lat' dir='ltr'><strong>quoddam</strong></span> <span class='ocrx_word' id='word_1_550' title='bbox 1524 4713 1581 4773; x_wconf 93' lang='lat' dir='ltr'><strong>loci</strong></span> 
     </span>
     <span class='ocr_line' id='line_1_53' title="bbox 235 4795 1300 4881; baseline -0.004 -17"><span class='ocrx_word' id='word_1_551' title='bbox 235 4803 375 4881; x_wconf 84' lang='lat' dir='ltr'><strong>descripti</strong></span> <span class='ocrx_word' id='word_1_552' title='bbox 398 4795 555 4878; x_wconf 79' lang='lat' dir='ltr'><strong>itctmhm,</strong></span> <span class='ocrx_word' id='word_1_553' title='bbox 580 4811 722 4879; x_wconf 88' lang='lat' dir='ltr'><strong>quantum</strong></span> <span class='ocrx_word' id='word_1_554' title='bbox 745 4800 864 4878; x_wconf 88' lang='lat' dir='ltr'><strong>quidem</strong></span> <span class='ocrx_word' id='word_1_555' title='bbox 886 4801 936 4862; x_wconf 88' lang='lat' dir='ltr'><strong>ille</strong></span> <span class='ocrx_word' id='word_1_556' title='bbox 958 4819 1023 4862; x_wconf 90' lang='lat' dir='ltr'><strong>meo</strong></span> <span class='ocrx_word' id='word_1_557' title='bbox 1047 4801 1137 4861; x_wconf 84' lang='lat' dir='ltr'><strong>servit</strong></span> <span class='ocrx_word' id='word_1_558' title='bbox 1158 4803 1300 4862; x_wconf 87' lang='lat' dir='ltr'><strong>instituto.</strong></span> 
     </span>
    </p>
   </div>
   <div class='ocr_carea' id='block_1_10' title="bbox 0 0 1844 5536">
    <p class='ocr_par' dir='ltr' id='par_1_11' title="bbox 0 0 1844 5536">
     <span class='ocr_line' id='line_1_54' title="bbox 0 0 1844 5536; baseline 0 0"><span class='ocrx_word' id='word_1_559' title='bbox 0 0 1844 5536; x_wconf 95' lang='lat' dir='ltr'><strong> </strong></span> 
     </span>
    </p>
   </div>
  </div>
 </body>
</html>
