3732 5528
749 329 831 390 Liber
849 333 898 388 itt
920 329 1008 404 Caput
1025 331 1084 390 XV.
1251 397 1259 416 ⁸
1289 345 1292 354 “
1341 323 1349 334 ’
1495 311 1501 327 ι
1526 345 1589 408 401

240 512 386 570 tricorum.
431 512 507 573 Nam
535 516 564 572 in
595 513 903 590 eccenuico,qnidem
931 515 1114 591 superiorum
1134 521 1231 574 motus
1259 523 1321 582 erat
1343 515 1468 593 tardior,
1500 517 1589 595 Solis,

240 596 374 672 Veneris,
399 597 534 662 Mercurii
557 616 654 662 motus
678 601 864 676 velocissimi,
888 610 1010 678 excepto
1033 599 1153 676 Lunas3
1182 603 1210 658 in
1234 603 1368 682 epicyelo
1392 622 1462 665 vero
1485 605 1590 666 Satur-

238 686 298 744 nud
323 703 475 764 supremus
505 689 706 750 velocissimus
738 697 783 748 est
808 690 1005 765 superiorum,
1036 686 1116 748 Mars
1144 689 1335 752 tardissimus.
1382 691 1521 752 Vicissim
1553 711 1589 754 ex

206 791 209 802 ·
240 773 424 834 inferioribus
449 775 549 836 Venus
572 779 704 855 superior
727 782 772 836 est
794 774 904 834 tardior
924 775 1070 835 Mercurio
1085 773 1298 857 inferioriVffl).
1344 778 1438 852 Igitur
1463 791 1494 840 ut
1508 783 1588 860 prius

239 861 388 938 epicycltrs
412 862 513 922 etalii
536 863 701 924 secundarii
732 864 817 922 orbes
841 864 1085 939 comparabantur
1118 863 1233 924 chordis
1265 867 1445 926 secundariis
1474 877 1503 927 et
1523 887 1590 929 nro·

239 947 356 1022 bilibus,
380 951 422 1010 sic
444 967 522 1010 nune
544 961 676 1012 motuum
694 951 823 1010 variatio
846 950 1007 1029 epicyclica
1028 951 1294 1027 repraesentabitur
1318 971 1369 1028 per
1390 953 1588 1031 pulsationem

238 1035 353 1095 illarum
381 1038 533 1114 mobilium
563 1036 736 1100 chordarum
746 1033 805 1119 1¹).
851 1038 889 1096 Et
917 1047 950 1097 ut
979 1054 1068 1116 snpra
1096 1038 1278 1116 planetarum
1309 1043 1465 1118 ingerere
1497 1045 1588 1102 inter·

237 1122 318 1182 valla
341 1127 481 1200 maxima,
505 1129 640 1202 minima,
663 1125 822 1186 mediocria
850 1126 1006 1202 generibus
1030 1135 1132 1185 cantus
1163 1127 1256 1186 tribus
1279 1127 1512 1205 respondebant,
1546 1132 1589 1192 sie
1614 1151 1617 1159 ¹

235 1227 315 1270 nunc
336 1213 518 1288 singulorum
541 1223 637 1275 motus
661 1213 823 1290 epicyclici,
847 1215 953 1288 quibus
976 1221 1124 1272 mutantur
1139 1213 1302 1290 intervalla,
1327 1217 1478 1292 aptissime
1500 1228 1587 1293 pote-

235 1305 302 1356 runt
324 1301 538 1360 accommodari
567 1302 605 1361 ad
628 1300 730 1361 eadem
752 1317 876 1377 genera,
907 1319 970 1360 cum
993 1300 1049 1360 boc
1073 1299 1254 1374 discrimine,
1287 1309 1319 1360 ut
1346 1319 1469 1378 quorum
1491 1314 1588 1364 motus

232 1386 411 1463 epicyclicus
439 1389 533 1466 major
557 1399 602 1450 est
624 1397 706 1449 motu
730 1389 890 1448 eccentrico
913 1389 1101 1464 reversioque
1125 1389 1154 1446 in
1177 1387 1309 1467 epicyclo
1333 1389 1468 1466 celerior,
1500 1407 1588 1467 qnam

233 1475 264 1530 in
288 1476 467 1555 eccentrico,
490 1479 510 1534 ii
534 1484 735 1553 comparentur
757 1478 856 1551 generi
879 1475 1042 1549 diatonico;
1068 1477 1138 1552 qnia
1160 1478 1247 1538 etiam
1270 1479 1299 1534 iu
1323 1473 1375 1535 illo
1398 1479 1586 1538 intervallum

105 1557 119 1568 '
232 1559 387 1636 quodlibet
408 1563 583 1624 tetrachordi
611 1565 706 1624 minus
730 1574 775 1623 est
802 1563 912 1640 junctis
936 1561 1050 1622 dnobus
1073 1562 1207 1639 reliqnis;
1239 1581 1363 1639 quorum
1393 1583 1462 1626 vcro
1485 1576 1584 1626 motus

220 1649 408 1725 -epieyclicus
431 1654 540 1726 minor,
571 1653 697 1712 reversio
721 1651 830 1710 tardior
853 1650 890 1710 ob
913 1647 1143 1726 magnitudinem
1173 1650 1312 1729 epicycli,
1344 1653 1385 1712 eis
1408 1670 1504 1730 genus
1527 1671 1582 1714 eu-

229 1733 414 1796 harmoninm
437 1737 535 1814 detur,
563 1741 592 1796 in
616 1756 674 1815 quo
697 1741 786 1798 etiam
808 1737 996 1797 intervallum
1019 1754 1109 1796 unnrn
1132 1736 1306 1799 tetrachordi
1329 1749 1449 1816 superat
1475 1740 1582 1816 juncta

230 1823 346 1899 reliqua
368 1823 444 1900 duo;
475 1844 597 1904 quorum
621 1826 745 1902 denique
767 1827 895 1885 reversio
919 1825 1052 1906 aequalis
1083 1826 1112 1882 in
1135 1834 1276 1902 utroque,
1308 1843 1361 1886 sen
1382 1829 1481 1904 potius
1514 1829 1580 1905 epl-

230 1910 332 1987 cyclus
355 1911 469 1987 nullus,
501 1915 550 1991 qui
574 1917 676 1975 ceteris
699 1912 884 1992 peculiariter
906 1915 948 1972 sic
971 1911 1055 1974 dictis
1084 1919 1114 1971 et
1142 1915 1284 1990 superiori
1305 1922 1388 1990 parte
1419 1918 1449 1971 in
1473 1932 1580 1978 conse-

230 2000 353 2074 quentia
374 2002 461 2058 motis
484 2001 674 2079 respondent,
698 2003 718 2059 ii
741 2018 773 2060 se
796 2003 942 2061 associent
965 1999 1157 2076 chromatico,
1186 2002 1216 2059 io
1239 2018 1297 2077 quo
1321 2001 1497 2062 tetrachordi
1521 2002 1580 2066 duc
1662 1991 1668 2002 ⁸

229 2084 388 2146 intervalla
414 2088 519 2165 juncta
544 2099 612 2150 sunt
642 2087 779 2164 aequalia
800 2087 921 2163 reliquo.
967 2087 1016 2148 Sic
1046 2087 1134 2163 igitur
1165 2085 1344 2148 diatonicum
1366 2105 1459 2165 genus
1486 2089 1580 2152 habet

229 2171 397 2244 Satumum‚
419 2173 528 2236 Jovem
551 2185 580 2236 et
603 2175 788 2249 Mercurium,
812 2177 883 2254 quia
905 2174 1009 2236 horum
1032 2174 1155 2253 epicycli
1178 2177 1304 2242 minores
1320 2187 1389 2236 snnt
1411 2186 1441 2236 et
1456 2177 1579 2238 celerius
1664 2169 1667 2176 ⁴

228 2263 438 2336 restituuntur,
470 2280 558 2340 quarn
580 2266 775 2338 eccentricus;
800 2263 1035 2323 enharmonium:
1066 2261 1191 2322 Martem
1213 2271 1243 2322 et
1267 2261 1425 2336 Venerem,
1456 2266 1526 2341 quia
1548 2263 1580 2326 bi

229 2351 375 2408 maximos
397 2350 545 2430 epicyclos
568 2351 678 2411 habent
700 2359 728 2410 et
750 2351 860 2410 tardius
883 2347 1085 2424 revolventes,
1108 2367 1197 2425 quarn
1220 2352 1391 2426 eccentrici;
1420 2349 1580 2412 chromati·

229 2451 297 2496 curn
320 2435 459 2513 donique:
492 2437 591 2498 Solem
614 2446 643 2498 st
665 2436 795 2508 Latiam,
825 2439 896 2514 qnia
928 2436 1067 2514 epicyclis
1090 2436 1226 2516 talibus,
1246 2440 1295 2514 qni
1327 2441 1469 2516 superiori
1497 2447 1580 2516 parts

227 2533 404 2583 moveantur
426 2527 455 2583 in
479 2527 696 2604 consequentia,
720 2527 837 2584 omnino
860 2534 960 2585 carent
972 2521 1017 2600 x).
1062 2523 1217 2602 Propertio
1247 2523 1364 2602 quidem
1395 2536 1492 2586 motus
1515 2528 1580 2605 epi-

229 2609 333 2689 cyclici
357 2612 394 2670 ab
418 2628 550 2690 apogaeo
574 2613 745 2674 admotum
768 2615 961 2674 eccentrioum
984 2629 1002 2670 a
1024 2612 1089 2671 fisis
1113 2611 1216 2672 eadem
1238 2621 1283 2672 est
1303 2613 1478 2690 insingulis,
1503 2631 1579 2692 quae

143 2737 152 2750 ,
229 2701 342 2757 numeri
367 2699 580 2760 revolutionum
611 2700 835 2778 epicyclicarnm
864 2699 902 2760 ad
925 2717 1076 2760 numerum
1097 2699 1316 2761 revolutionum
1338 2695 1578 2762 eccentricarnm:

229 2787 261 2843 iu
278 2785 404 2844 Saturno
429 2789 468 2846 57
493 2787 532 2847 ad
555 2791 583 2863 2,
607 2787 730 2848 indeve
755 2787 794 2846 65
819 2786 856 2846 ad
881 2789 909 2863 6,
932 2785 1073 2848 inMarts
1090 2788 1129 2846 37
1147 2786 1184 2846 ad
1201 2789 1252 2859 ta,
1275 2786 1436 2848 inVenere
1459 2788 1531 2849 bad
1548 2791 1577 2866 8,

230 2875 260 2930 in
284 2871 429 2934 Mercurio
455 2876 515 2935 145
539 2873 576 2936 ad
600 2877 657 2950 46,
682 2877 780 2934 omnia
801 2881 1042 2953 praeterpropter.
1087 2873 1191 2952 Itaque
1222 2884 1338 2953 propter
1360 2874 1413 2934 has
1445 2876 1578 2953 singulo·

228 2977 293 3019 rum
316 2965 526 3083 lproportiones
555 2963 651 3023 locum
687 2958 776 3023 stiam
803 2962 851 3024 hic
877 2962 968 3022 hahet
999 2964 1178 3040 comparatio
1209 2979 1275 3022 eum
1309 2963 1400 3023 variis
1430 2965 1578 3024 sonituum

227 3049 306 3124 bigis
338 3045 368 3126 Ι).

315 3135 453 3212 Sequitur
474 3139 576 3196 tertius
599 3137 703 3197 modns
726 3135 975 3207 considerationis,
999 3137 1028 3194 in
1052 3153 1111 3212 qna
1128 3135 1293 3214 junguntur
1314 3137 1434 3198 enectus
1453 3139 1577 3217 epicycli

229 3230 260 3282 et
282 3225 448 3296 eccentrici,
471 3224 561 3301 litque
584 3227 658 3284 ratio
683 3223 769 3284 valde
791 3223 954 3302 multiplex.
997 3223 1162 3284 Nemeum
1190 3224 1326 3301 planetae
1349 3225 1421 3300 fiant
1448 3227 1478 3284 io
1501 3237 1601 3303 apo·'

227 3326 303 3386 gaso
327 3313 479 3371 eccentrici
501 3311 677 3391 tardissimi,
709 3315 737 3369 in
761 3329 893 3388 apogaeo
917 3309 1039 3388 epicycli
1063 3309 1255 3386 velocissimi,
1288 3315 1465 3389 compositus
1488 3315 1577 3389 igitur

229 3405 328 3470 motus
351 3415 409 3457 non
433 3399 556 3459 allicitur
578 3399 796 3472 velocissimus,
828 3407 952 3476 utroque
974 3415 1108 3474 apogaeo
1127 3399 1246 3474 juncto,
1270 3398 1322 3458 sed
1345 3410 1428 3471 tunc,
1451 3401 1477 3457 si
1499 3415 1575 3475 apo·

229 3501 335 3560 gaeum
357 3486 480 3565 epicycli
508 3496 539 3548 et
559 3489 728 3563 perigaenm
750 3487 903 3546 eccentrici
933 3487 1091 3545 sociantur.
1137 3484 1334 3544 Tardissimns
1361 3501 1430 3548 vero
1454 3503 1575 3564 compc-

229 3571 350 3631 sitorum
379 3573 485 3634 desinit
513 3576 647 3634 omnibns
676 3573 838 3649 aequaliter
868 3575 897 3630 in
925 3574 1082 3630 stationam
1104 3588 1214 3631 meram
1240 3570 1367 3648 indeque
1396 3575 1574 3633 convertitur

231 3661 259 3716 in
282 3662 574 3737 retrogradationem,
599 3661 673 3722 adeo
696 3669 742 3735 ut,
767 3677 832 3720 cum
854 3659 975 3736 planeta
997 3667 1042 3718 est
1064 3661 1093 3716 in
1116 3665 1279 3719 retrocessu
1302 3657 1521 3732 velocissimus,
1544 3659 1574 3719 id

226 3744 437 3823 quadamtenus
459 3747 635 3826 respondeat
655 3746 785 3808 tarditati
810 3748 938 3806 omnium
961 3745 1190 3808 remississimae.
1234 3747 1288 3806 Est
1301 3747 1389 3824 igitur
1410 3747 1470 3807 alia
1492 3764 1573 3807 com-

225 3837 340 3910 paratio
369 3835 620 3898 velocissimorum
648 3833 836 3910 directorum,
872 3833 932 3908 alia
957 3833 1206 3910 retrogradorum,
1238 3833 1297 3894 alia
1328 3834 1571 3894 intermediornm.

225 3921 284 3982 Sed
307 3941 372 3982 cnm
395 3926 453 3983 sint
474 3917 502 3982 'in
527 3927 655 4002 quinque
677 3922 803 4000 planetis
826 3923 933 3998 gemini
957 3921 1148 3995 velocissimi,
1171 3921 1330 3983 secundum
1354 3920 1412 3982 dno
1436 3925 1573 4000 opposita

224 4009 291 4069 loca
313 4013 475 4086 ecceunici,
499 4013 528 4070 in
551 4011 742 4071 luminaribus
765 4017 877 4070 mutum
890 4027 966 4070 unus
982 4007 1191 4081 velocissimus,
1215 4009 1425 4086 retrogradatio
1443 4012 1571 4071 statiove

225 4097 321 4172 nulla,
348 4107 430 4176 patet
451 4099 529 4176 qnod
553 4101 642 4158 missa
663 4095 927 4174 retrogradatione,
958 4098 1085 4157 statione
1108 4105 1137 4157 et
1158 4097 1211 4157 illa
1233 4096 1418 4158 multitudine
1440 4103 1572 4156 motuum

224 4185 461 4246 intermediornm
483 4203 577 4262 usque
600 4186 637 4245 ad
660 4187 826 4258 stationem,
850 4185 1008 4246 debeamus
1031 4184 1164 4262 planetas
1187 4189 1316 4262 quinquo
1338 4187 1412 4244 inter
1433 4201 1465 4244 se
1488 4199 1570 4244 com-

225 4290 328 4349 parare
351 4291 441 4333 causa
464 4273 714 4333 velocissimorum
737 4281 866 4348 tantum,
891 4279 1086 4348 anquatenus
1109 4274 1128 4329 ii
1152 4272 1298 4348 tinguntur
1320 4288 1433 4349 semper
1455 4288 1519 4330 esse
1542 4274 1572 4330 in

228 4376 361 4436 apogaeo
384 4353 590 4440 epicycliffl).
634 4360 718 4420 Tunc
740 4377 840 4419 eornm
861 4368 959 4419 motus
983 4359 1077 4418 diurni
1099 4369 1274 4436 apparentes
1301 4360 1358 4420 sub
1379 4357 1502 4418 andiaco
1525 4359 1570 4418 his

226 4449 361 4509 extremis
384 4448 566 4526 explicentur
586 4449 728 4507 numeris:
753 4447 870 4506 Saturni
893 4445 1010 4522 quidem
1034 4448 1108 4506 inter
1132 4449 1148 4504 i
1173 4449 1235 4506 et8
1258 4449 1371 4505 minuta
1393 4447 1478 4504 nnius
1499 4463 1570 4522 gra·

226 4533 293 4608 dus,
321 4534 409 4595 Jovis
432 4539 507 4596 inter
531 4536 569 4594 13
594 4543 624 4594 et
649 4535 701 4609 18,
730 4533 834 4593 Martis
856 4535 932 4592 inter
954 4535 995 4592 39
1019 4541 1049 4592 et
1072 4533 1129 4606 50,
1162 4533 1283 4594 Veneris
1305 4535 1379 4592 inter
1403 4535 1442 4592 73
1465 4540 1495 4593 et
1519 4536 1568 4610 76,

224 4619 362 4682 Mercurii
384 4625 458 4683 inter
481 4623 522 4683 90
545 4631 574 4683 et
598 4623 658 4682 135
683 4622 804 4682 circiter.
850 4617 965 4694 Quibus
988 4617 1063 4678 adds
1085 4626 1181 4680 motus
1197 4619 1274 4680 Solis
1297 4622 1371 4680 inter
1393 4621 1431 4679 57
1456 4629 1485 4679 et
1507 4617 1568 4703 cl‘,

225 4708 328 4770 Lunae
351 4713 425 4770 inter
449 4714 485 4770 11
511 4719 540 4769 et
566 4712 604 4769 15
627 4707 746 4786 gradus,
790 4707 895 4784 Itaque
916 4705 1033 4781 Jupiter
1056 4704 1145 4782 duplo
1169 4707 1290 4768 celerior
1312 4725 1375 4768 esse
1396 4715 1495 4784 potest
1511 4707 1569 4768 Sa-

225 4805 325 4872 turno,
357 4814 416 4874 qno
446 4795 533 4857 modo
560 4797 636 4860 basa
658 4798 728 4874 biga
750 4793 971 4872 comparabitur.
987 4811 1053 4854 cum
1075 4797 1265 4856 consonantia
1293 4795 1443 4874 diapason.
1488 4795 1568 4858 Mars

278 4915 373 4968 Kepiari
386 4915 461 4969 Opera
472 4916 500 4960 v.
1372 4900 1413 4964 26
