3480 5548
672 382 706 438 de
723 381 878 439 Harmonia.
1229 407 1240 420 =
1409 390 1447 448 67

110 559 245 608 metitatlm
265 561 361 624 tangit,
378 563 509 625 postqum
525 559 605 608 umcit
622 559 720 622 placide
738 565 762 610 et
779 561 928 610 urbanatim.
964 561 1071 610 Proinde
1088 561 1229 610 mirandum
1247 573 1296 610 non
1315 564 1365 626 est,
1383 561 1405 608 si
1423 564 1448 608 et

110 631 225 692 temporis
245 637 271 678 et
290 631 380 678 laboris
398 632 435 678 rei
453 631 556 678 lusumti
574 629 701 693 bucusque
719 633 853 680 autetiam
873 631 988 692 deinceps
1006 632 1146 680 insumendi
1168 633 1194 680 in
1212 632 1278 679 hunc
1295 628 1448 696 cepalopov,

109 697 264 763 crepopoloe
282 714 312 748 ac
330 700 479 748 cervicosum
496 700 620 748 homiuem
639 701 774 767 poeniteat,
799 702 843 765 qui
861 701 924 749 nihil
942 705 1034 749 rectum
1052 707 1123 766 putat
1141 707 1166 750 et
1184 715 1281 766 rerum,
1314 701 1362 748 niel
1381 699 1449 764 qued

110 769 156 816 aclt
171 769 238 833 ipse,
258 770 322 834 imo,
341 782 372 819 ue
389 771 507 832 mentiar,
525 783 575 818 non
593 769 646 818 ecit.

192 838 316 903 Equidem
335 839 416 888 uthis
437 839 534 888 duobus
552 839 691 887 molestiam
709 839 757 886 tibi
775 853 865 900 erasm,
889 847 996 890 nonest
1018 841 1159 890 verendum.
1196 842 1293 890 Veritas
1311 839 1373 887 mihi
1391 853 1446 886 sco·

110 921 154 969 pue
169 914 215 972 eet,
233 911 304 958 omui
322 908 484 958 delectatione
500 911 590 972 potior,
610 915 825 972 quantamcunque
843 908 989 972 polliceatur
1006 911 1105 958 tandem
1118 917 1256 959 monstrosa
1269 911 1380 973 norites;
1400 909 1448 956 im·

108 977 190 1040 primis
219 983 288 1030 totus
312 978 407 1028 nicene
431 994 486 1028 euru
510 993 525 1026 a
547 980 749 1028 contentionibus
774 985 799 1027 et
817 980 990 1029 obstinatione.
1028 980 1054 1028 Si
1072 981 1208 1028 monendus
1229 981 1333 1043 aliquis,
1360 991 1448 1027 moneo

111 1049 212 1097 breviter
231 1053 258 1096 et
276 1047 373 1112 blande,
391 1056 484 1098 remote
502 1051 637 1104 acerbitate
655 1055 678 1096 ct
697 1048 847 1098 contumelia
864 1051 1001 1114 verborum,
1021 1057 1144 1114 quantum
1161 1054 1214 1110 ejus
1229 1051 1365 1111 perspicere
1376 1062 1448 1112 queo.

109 1115 149 1166 Sin
168 1131 217 1165 uon
238 1118 335 1177 obedit,
361 1119 383 1166 si
401 1123 521 1182 repugnat
544 1125 569 1167 et
586 1132 664 1179 nugas
680 1119 746 1180 egit,
769 1121 857 1168 omitto
881 1121 907 1168 iu
925 1127 1049 1181 posterum
1067 1121 1174 1180 penitus.
1210 1117 1279 1168 Haec
1297 1132 1379 1179 mens,
1407 1120 1449 1167 hio

111 1188 210 1236 suimus
228 1188 299 1236 mihi.
312 1213 343 1222 -
356 1187 415 1238 lam
434 1203 460 1238 se
474 1203 602 1255 excusans,
621 1189 688 1270 quod
707 1203 733 1236 se
749 1191 911 1238 immiscuerit
928 1188 1015 1238 litibus
1028 1187 1178 1253 Napeliouis,
1196 1189 1289 1249 pergit:
1308 1189 1349 1237 Sic
1368 1193 1448 1236 tecum

109 1258 192 1322 nulio,
210 1272 262 1321 quo
281 1260 392 1319 apertius
409 1259 567 1307 mendacium
584 1265 609 1307 et
627 1256 753 1306 stoliditas
771 1261 906 1322 insignior,
928 1259 974 1308 hoc
992 1259 1072 1318 magis
1089 1256 1250 1306 inclarescere
1269 1259 1406 1318 veritatem,
1425 1262 1449 1306 et

108 1327 197 1374 lamam
213 1329 359 1376 innocenter
377 1330 483 1390 appetiti
500 1331 549 1377 eibi
567 1330 616 1390 ipsi
633 1328 758 1390 praesidio
777 1331 837 1377 lieri.
875 1331 941 1378 ilinc
959 1341 1039 1392 neque
1056 1342 1100 1388 ego
1120 1329 1150 1376 de
1169 1327 1293 1387 dignitate
1311 1332 1449 1375 nostrerum

108 1397 195 1445 amium
212 1396 319 1446 multum
337 1399 362 1446 iu
381 1399 550 1447 adversarium
569 1398 693 1446 effundere
710 1399 787 1448 volui.
825 1400 871 1447 liet
887 1401 953 1448 enim
972 1401 1062 1462 major,
1091 1411 1165 1462 quarn
1185 1402 1213 1444 ut
1233 1410 1287 1443 eam
1307 1394 1345 1444 rel
1364 1399 1449 1444 eonvi-

109 1465 194 1515 tiendo
211 1465 365 1516 labefactare
383 1470 453 1528 alter,
472 1475 516 1517 aut
528 1482 579 1528 epo
597 1467 752 1532 defendendo
765 1467 918 1530 amplificare
935 1482 1034 1532 queam.
1070 1469 1133 1528 Ergo
1148 1474 1176 1515 ut
1193 1469 1219 1514 in
1238 1467 1276 1514 his
1294 1467 1368 1514 rebus
1389 1467 1449 1513 satis

109 1537 152 1584 sim
169 1536 299 1594 dissimilis
317 1537 426 1602 Bobarti,
445 1538 543 1599 Napelii
560 1543 585 1586 et
602 1539 782 1604 socienuorum,
799 1545 882 1588 mmen
901 1545 938 1588 est
955 1538 1026 1587 aliud
1044 1538 1170 1602 quoddam
1183 1549 1311 1584 commuue
1331 1549 1385 1584 cum
1405 1535 1449 1582 iis·

109 1605 161 1654 dem
177 1605 285 1670 (letabor
303 1609 369 1656 euim
387 1613 411 1655 et
429 1621 468 1657 me
486 1614 565 1657 totum
583 1609 693 1670 aperiam
711 1609 770 1670 tibi,
793 1609 850 1656 vide
874 1615 903 1657 nt
926 1611 973 1656 sim
997 1607 1143 1673 condidus);
1170 1621 1198 1654 eo
1222 1619 1252 1652 ne
1271 1605 1404 1654 offenderis
1424 1611 1447 1652 et

109 1688 145 1723 me
161 1689 272 1737 segreges
291 1691 308 1725 a
324 1683 349 1726 te
366 1678 455 1726 lterum
474 1679 550 1727 etism
567 1684 641 1742 etque
659 1679 735 1726 etism
753 1685 843 1727 metuo.
880 1679 946 1740 Quid
966 1692 1021 1726 tero
1040 1678 1120 1726 iilud?
1156 1676 1290 1742 Imperitia,
1309 1675 1446 1740 puerilitas,

109 1745 205 1793 inscitia
228 1748 254 1794 in
279 1749 319 1796 bis
342 1749 430 1809 rebus,
456 1761 520 1812 quae
544 1750 661 1810 prodteor
683 1754 707 1796 et
730 1749 817 1808 ignoro
842 1755 939 1813 tamen;
966 1763 1004 1796 res
1031 1761 1062 1794 ee
1086 1762 1135 1794 non
1154 1759 1211 1794 rara
1232 1745 1333 1809 quidem
1358 1751 1383 1792 et
1406 1747 1446 1791 in-

110 1815 225 1880 lreqnem,
244 1815 358 1866 insoleus
376 1823 468 1881 tamem
487 1818 579 1881 audax,
597 1819 668 1868 mire.
705 1816 861 1866 Constitutus
880 1833 933 1868 sum
953 1817 1075 1880 professor
1093 1819 1231 1866 matheseos
1255 1815 1339 1862 aliena
1356 1815 1447 1875 potius,

109 1897 179 1947 quam
197 1899 252 1934 mea
271 1887 408 1948 voluntate,
427 1893 556 1936 consumto
569 1889 624 1948 jam
643 1889 733 1935 aetatis
751 1886 810 1936 flore
829 1890 931 1952 scioque
949 1891 1038 1936 mentis
1057 1889 1136 1935 irecte
1153 1888 1180 1935 in
1199 1887 1270 1945 louge
1283 1885 1395 1949 diversis,
1414 1883 1447 1930 ad

110 1967 169 2017 qnae
187 1957 340 2020 aspirabam,
360 1962 385 2004 et
402 1959 423 2005 ei
440 1956 529 2008 luisset
546 1959 641 2022 absque
653 1959 705 2004 iate
717 1962 851 2019 perpetuae
864 1957 1042 2006 invaletudinis
1054 1957 1257 2021 supervenientis,
1276 1956 1380 2002 tortasse
1392 1967 1447 2016 per·

108 2029 220 2074 venturus
240 2040 309 2075 eram
326 2027 393 2075 bcno
412 2041 466 2076 cum
484 2027 546 2080 Deo.
583 2028 683 2076 Accessi
699 2021 883 2085 αὑιοόιόαιιτος
900 2045 942 2077 aar
958 2023 1105 2090 σ’ψιμαθης,
1124 2027 1257 2074 destitutus
1274 2026 1333 2072 vira
1347 2037 1405 2071 roca
1424 2029 1448 2072 et

109 2095 298 2144 merruductioue
315 2097 461 2146 idoneorum
479 2103 664 2160 praeceptorum
683 2099 818 2160 ceterisque
836 2097 994 2146 adminiculis
1013 2105 1037 2145 ct
1054 2096 1155 2162 mediis,
1179 2108 1244 2160 quae
1272 2095 1304 2142 ad
1323 2095 1447 2142 excelleu-

110 2163 167 2212 tlam
183 2164 267 2214 ierunt
284 2165 406 2232 aliquam.
443 2168 529 2231 ltaque
547 2168 732 2216 observationes
751 2173 775 2216 et
793 2169 948 2217 inventiones
972 2182 988 2215 a
1005 2181 1045 2215 me
1062 2168 1145 2216 nullas
1164 2167 1243 2214 habeo
1267 2170 1365 2226 petora:
1388 2163 1446 2228 dux,

110 2239 182 2296 uias,
198 2237 336 2302 menium,
354 2238 467 2299 impense
484 2237 564 2304 deest,
590 2239 656 2286 nitor
673 2235 758 2285 aliena
775 2237 831 2302 dds,
858 2236 936 2286 oculis
954 2251 1004 2285 nou
1022 2238 1083 2286 meis
1102 2249 1189 2300 cerno,
1213 2236 1312 2282 interim
1329 2233 1375 2281 hoc
1393 2235 1447 2294 ipso

111 2303 221 2363 opinione
240 2320 298 2355 mea
315 2307 383 2372 ielis,
402 2308 424 2354 si
441 2320 506 2371 quae
524 2313 587 2357 recte
606 2307 763 2356 striderunt
782 2313 806 2355 et
823 2313 895 2355 acute
912 2306 1067 2356 tradiderunt
1085 2308 1138 2360 ciii,
1157 2318 1201 2364 ego
1220 2317 1270 2352 nou
1288 2305 1369 2350 miuus
1388 2302 1448 2350 dea·

111 2377 151 2439 tre,
168 2377 329 2438 vestigiorum
347 2378 419 2436 signa
437 2378 532 2443 legens,
557 2389 676 2440 assequar
693 2384 718 2425 et
735 2378 865 2439 discipulis
883 2390 1019 2440 proponam
1043 2383 1068 2424 et
1085 2376 1175 2424 saltem
1192 2375 1279 2437 aliqua
1300 2386 1400 2435 prosum
1418 2375 1445 2420 iu

110 2442 166 2509 rite,
184 2446 205 2492 si
222 2459 273 2494 nou
293 2445 368 2495 datur
385 2447 456 2498 ultra.
493 2447 530 2495 Ac
548 2449 596 2496 uisi
614 2461 652 2495 me
671 2447 736 2496 bono
754 2449 826 2508 genio
845 2449 870 2494 iu
889 2453 934 2496 tua
952 2447 1107 2510 potissimum
1124 2445 1243 2492 incidisse
1259 2444 1347 2506 satem,
1365 2444 1447 2502 ingra-

113 2515 149 2560 tus
166 2515 229 2578 alm,
255 2515 366 2564 mendax
383 2522 407 2564 et
425 2517 530 2578 injurius
548 2519 658 2581 utrique,
684 2517 807 2582 siquidem
831 2517 961 2565 adrerum
986 2519 1114 2565 veritatem
1132 2508 1265 2578 er’eppteree
1289 2519 1313 2561 et
1330 2513 1448 2560 selectum
1504 2525 1508 2534 “

111 2582 210 2632 adhihes
227 2588 359 2634 verborum
376 2587 468 2653 lumen,
487 2587 584 2647 pondus
602 2592 627 2635 et
644 2589 827 2652 proprietatem,
847 2588 869 2634 si
887 2589 942 2651 quis
962 2591 1018 2648 post
1031 2585 1193 2648 Gopernicum
1211 2584 1284 2632 alius.
1319 2581 1383 2629 Nem
1400 2581 1447 2642 Ty-

112 2651 192 2702 chcuis
206 2651 298 2717 lingua
315 2658 377 2705 mibi
395 2657 503 2718 protecto
521 2659 604 2706 nescio
622 2670 673 2722 qua
690 2659 835 2718 garrulitate
854 2663 878 2705 et
894 2658 1056 2723 μακρολογιᾳ
1073 2655 1187 2704 taediosa
1199 2659 1244 2715 eet,
1262 2653 1308 2700 etsi
1321 2665 1359 2699 ree
1377 2653 1448 2714 ipsae

113 2721 159 2770 siut
174 2726 293 2786 optimae.
328 2726 398 2775 Unde
418 2727 438 2775 si
456 2726 518 2790 quid
536 2728 595 2775 boui
613 2727 674 2776 meis
691 2728 768 2793 inest,
795 2727 863 2791 quod
886 2728 978 2791 sentio,
1004 2727 1131 2790 quamsit
1156 2730 1244 2788 tenue,
1272 2721 1393 2787 quicquid
1411 2727 1448 2770 est

113 2793 162 2850 alut
176 2799 271 2861 men,
288 2799 359 2844 tuum
376 2800 421 2860 est,
439 2809 490 2845 nou
508 2811 597 2860 meum,
616 2798 638 2845 si
654 2810 706 2846 non
723 2804 781 2846 actu
799 2797 906 2846 secundo
925 2802 961 2847 lut
979 2796 1156 2859 philosopher),
1171 2800 1198 2842 at
1215 2795 1294 2855 primo
1312 2797 1403 2856 minen,
1421 2791 1449 2839 ld

112 2861 175 2924 quod
191 2865 229 2913 rei
247 2879 282 2914 ex
300 2867 399 2928 nuperis
417 2867 522 2927 pagellis
540 2880 671 2928 agnoscere
690 2873 759 2929 potes
783 2872 807 2916 et
824 2869 850 2915 ui
869 2868 942 2915 fallor
964 2867 1086 2928 agnoscis.
1122 2864 1213 2913 Videre
1231 2863 1310 2924 gestio
1328 2859 1448 2923 Cleopam

114 2935 178 2980 mum
199 2931 329 3000 (Oenones
350 2936 467 2986 Pueriles.
507 2935 557 2989 Cir.
581 2935 628 2986 rol.
648 2937 689 2986 iv.
713 2951 737 3000 p.
760 2935 816 2990 173.
840 2934 917 3003 tsi),
944 2951 993 2986 uon
1018 2937 1069 2984 ridi
1094 2940 1191 3000 umen,
1218 2933 1282 2981 alias
1309 2933 1451 2991 symbolam

114 3014 139 3050 ro
155 3015 241 3059 assem

139 3015 154 3062 ⁸
193 3076 277 3141 Atque
295 3077 357 3126 haec
375 3091 430 3126 cum
449 3077 485 3125 lte
502 3091 528 3125 se
546 3077 662 3141 babeant,
681 3075 753 3125 doleo
766 3060 857 3129 umen.
877 3089 916 3124 me
931 3091 981 3126 uon
994 3090 1090 3138 semper
1101 3073 1263 3135 intelligendo
1282 3075 1380 3120 tantum
1392 3085 1451 3134 prc-

112 3141 177 3201 sredi
192 3147 218 3194 iu
236 3147 299 3212 tuis,
317 3151 438 3212 quantum
457 3147 534 3196 debeo
553 3153 577 3196 et
595 3148 668 3209 cupio
687 3160 746 3195 sane
774 3160 823 3194 non
848 3153 894 3195 tna
912 3148 1000 3214 culpa,
1028 3147 1072 3212 qui
1091 3141 1129 3210 (ut
1151 3144 1247 3191 alicubi
1264 3143 1408 3205 protestaris
1427 3147 1452 3189 et

112 3224 154 3272 apo
170 3218 292 3265 asserenti
318 3217 389 3265 credo
407 3223 528 3282 tauquam
546 3218 612 3265 bono
632 3212 694 3280 viro)
714 3221 766 3264 tcto
795 3223 893 3278 pectore
911 3218 1034 3265 aversaris
1053 3214 1117 3264 iilud
1134 3231 1163 3262 to
1181 3228 1313 3263 caesareos
1332 3212 1452 3259 Heracliti
1535 3225 1539 3232 ·

114 3283 230 3350 vallesque
249 3293 280 3335 nt
295 3292 364 3334 totus
381 3288 488 3336 mundns
506 3292 616 3352 caperet,
643 3287 685 3336 sed
709 3299 764 3334 mea
783 3287 865 3348 potius
888 3287 1044 3346 ignoratione
1068 3286 1180 3346 illorum,
1206 3296 1271 3347 quae
1296 3280 1452 3342 adleganda

114 3357 154 3400 tua
169 3357 250 3406 aderri
271 3370 315 3419 par
334 3362 398 3418 erat3
417 3359 503 3419 qualia
521 3361 579 3404 suut
595 3357 738 3416 legarithmi
757 3356 857 3417 Nepesi,
876 3357 1030 3406 Archimedis
1049 3361 1074 3404 et
1091 3354 1220 3416 Apollonii
1238 3351 1376 3417 quaedam,
1396 3365 1450 3399 cos-

115 3423 163 3471 eica
178 3433 202 3474 ct
218 3428 317 3475 musica
333 3435 467 3491 praecepta
484 3435 508 3475 et
527 3428 646 3487 imprimis
665 3427 728 3474 liber
745 3425 777 3474 X.
796 3426 906 3475 Euclidis
924 3429 990 3490 luem
1009 3431 1091 3476 cetera
1109 3427 1161 3486 ejus
1179 3425 1301 3488 auctoris,
1319 3429 1348 3470 ut
1365 3427 1390 3470 at
1407 3423 1451 3470 tri·

114 3499 288 3552 poucmetriam
306 3499 382 3546 calleo
401 3497 567 3560 mediocriter,
586 3499 635 3544 imo
653 3501 678 3544 ct
696 3495 785 3560 doceo,
804 3497 826 3544 si
845 3496 914 3556 digni
932 3497 1016 3546 adsint
1033 3491 1177 3560 auditores).
1214 3494 1243 3542 ln
1261 3493 1299 3542 bis
1318 3497 1342 3540 et
1360 3490 1451 3539 simili·

116 3562 158 3611 bus
174 3567 233 3628 quia
260 3573 288 3614 tu
305 3567 364 3615 binc
382 3568 439 3615 iude
467 3568 704 3616 demonstrationum
731 3571 804 3630 atque
823 3567 1017 3627 explicationem
1038 3573 1137 3615 tuarum
1155 3563 1316 3613 fundamenta
1342 3565 1365 3610 et
1383 3561 1451 3624 priu-

117 3633 177 3694 cipis
193 3629 338 3700 constituis,
363 3639 506 3699 praesertim
531 3639 557 3685 in
576 3633 710 3685 comment.
729 3635 816 3684 Martis
835 3641 859 3683 ct
876 3636 1046 3688 Harmonicis.
1073 3639 1101 3684 nt
1124 3635 1257 3700 quominus
1278 3633 1452 3693 transspiciem

117 3716 157 3763 κο
173 3718 250 3771 usque
268 3708 295 3755 in
313 3709 402 3756 intima
420 3709 558 3768 penetralia
575 3707 654 3755 Dirae
672 3713 744 3771 tuae,
770 3720 917 3768 pernoscens
936 3708 1006 3756 iilam
1025 3709 1092 3756 lutus
1112 3713 1136 3754 et
1153 3707 1179 3753 in
1198 3710 1253 3752 cute
1271 3702 1383 3765 adeoque
1401 3712 1450 3749 uon

117 3775 186 3823 mmai
202 3779 318 3840 optarim,
336 3782 360 3826 te
377 3781 486 3826 stantem
503 3779 530 3826 iu
548 3777 594 3826 bac
612 3777 730 3827 cathedre
748 3789 801 3824 mec
815 3777 869 3826 loco
882 3776 975 3825 mederi
993 3776 1092 3826 Mulieri
1109 3778 1147 3826 tui
1165 3773 1274 3838 caligini,
1294 3773 1409 3822 coecitati
1427 3778 1452 3820 et

117 3844 222 3897 tenebris.
260 3847 350 3911 Itaque
367 3861 406 3896 me
425 3847 564 3911 provocasti
582 3847 615 3896 ad
634 3847 785 3911 colloquium
804 3847 941 3896 literarium
960 3848 1006 3896 hoc
1025 3848 1140 3912 coneilio,
1168 3852 1196 3894 ut
1214 3849 1291 3910 esset,
1312 3855 1386 3908 quem
1404 3841 1450 3890 do·

116 3925 183 3980 ceree,
201 3931 276 3982 quem
294 3917 408 3976 lingendo
427 3932 582 3982 recoqueres3
602 3931 631 3966 cu
650 3931 690 3966 me
708 3917 763 3980 tibi,
781 3922 869 3965 nactus
888 3932 914 3966 es
927 3919 1064 3982 materiem,
1083 3917 1182 3982 qualem
1196 3915 1304 3964 volebas.
1341 3912 1384 3961 Sin
1402 3915 1450 3960 mi·

115 3995 158 4032 nus
175 3986 220 4038 hoc
238 3988 310 4052 agis,
328 3992 356 4034 ut
372 3987 427 4049 lpse
445 4001 475 4036 ex
492 4001 531 4035 me
548 3987 638 4036 audias
655 3986 753 4052 aliquid
770 3987 817 4034 tibi
836 3999 926 4035 norum
945 3994 989 4036 aut
1006 3993 1030 4035 te
1049 3987 1162 4048 dignum,
1189 3998 1280 4050 quaere
1298 3984 1345 4031 tibi
1364 3982 1449 4047 alium,

116 4066 157 4113 epo
173 4068 221 4106 uon
240 4071 296 4106 sum
314 4057 453 4117 domi,'uec
470 4059 520 4105 scio
538 4061 643 4105 noctuas
661 4058 778 4105 Athenas.
816 4055 1052 4106 condescensionem
1076 4062 1158 4120 tuam,
1176 4061 1205 4102 ut
1222 4067 1303 4116 socae,
1322 4065 1371 4101 uon
1391 4065 1450 4102 saue

115 4136 214 4192 respuo,
241 4134 280 4175 est
297 4128 363 4177 enlm
380 4127 488 4174 hnitima
510 4127 731 4189 anthropopathiee
749 4126 931 4190 theologorum,
957 4135 981 4175 et
999 4128 1075 4176 habet
1099 4129 1222 4186 scriptura
1240 4123 1364 4186 exempla,
1392 4137 1408 4170 a
1426 4129 1451 4171 te

115 4193 165 4255 ipso
182 4196 305 4258 producta
321 4198 349 4244 in
367 4197 464 4256 egregio
481 4201 524 4242 tuo
538 4197 601 4244 libro
620 4196 650 4244 de
663 4197 741 4246 Stella
755 4195 833 4262 Nora,
852 4198 895 4262 qui
907 4197 969 4244 mihi
981 4198 1129 4260 principium
1141 4197 1197 4258 luit,
1217 4195 1301 4242 oculos
1313 4193 1449 4256 aliqnando

116 4263 168 4324 pius
186 4267 244 4315 aliis
262 4265 390 4328 aperiendi
414 4267 439 4312 iu
465 4265 634 4327 pbilosophis,
659 4267 704 4314 etsi
730 4265 773 4314 diu
795 4267 841 4314 einr
866 4268 973 4315 luctatus
996 4281 1051 4316 curu
1079 4267 1262 4328 praeconceptis
1282 4263 1449 4331 opinionibus,

115 4339 252 4394 praesertim
271 4338 334 4385 eirca
352 4337 403 4384 vim
422 4351 533 4401 epitrope
551 4334 692 4383 sublunaris
710 4335 804 4384 muudi.
840 4331 940 4384 interlin
959 4343 1050 4400 umen,
1069 4335 1135 4400 quod
1154 4335 1228 4393 vulgo
1247 4333 1297 4381 dici
1316 4334 1385 4398 solet,
1405 4334 1449 4382 he·

116 4403 182 4452 roica
198 4404 266 4455 tacte
283 4419 333 4455 unu
351 4419 404 4454 esee
421 4410 512 4454 temere
529 4404 649 4453 trahenda
666 4406 691 4452 iu
710 4401 917 4468 consequentiam,
940 4405 967 4454 id
984 4408 1059 4454 etiem
1078 4407 1124 4452 boc
1142 4405 1196 4451 ioco
1215 4403 1391 4452 attendendum
1406 4406 1449 4465 Ju-

116 4472 182 4538 dlcc,
202 4489 234 4526 ne
252 4474 316 4525 iorte
334 4475 508 4524 condescensio
529 4475 574 4522 illa
591 4488 634 4522 seu
653 4477 734 4536 potius
752 4474 899 4524 indiscretus
918 4489 989 4524 emor
1006 4482 1031 4524 et
1048 4473 1140 4524 stolida
1161 4487 1191 4522 ac
1208 4481 1364 4537 praepostera
1380 4471 1449 4524 illiue

115 4543 249 4612 enecatio,
274 4560 323 4595 uuo
346 4545 445 4595 nomine
469 4546 599 4594 curiositas
623 4550 693 4592 exeat
715 4544 747 4592 ed
771 4545 915 4592 tentandum
937 4545 1026 4594 Deum.
1062 4545 1115 4592 Rex
1139 4551 1241 4608 uterque
1265 4547 1401 4607 Aegyptius
1425 4550 1450 4593 et

116 4609 252 4664 chaldaeus
275 4613 394 4679 illiusque
420 4615 533 4664 oiilciatii
552 4614 645 4674 loseph
671 4621 695 4662 et
710 4613 798 4661 Daniel
820 4615 913 4672 J'ectare
937 4617 1061 4676 poteraut,
1087 4613 1166 4661 Deum
1188 4615 1236 4664 sibi
1255 4613 1448 4664 condescendere

116 4697 143 4732 ac
160 4698 211 4734 esse
229 4687 337 4734 rhioues
356 4691 380 4733 et
397 4687 495 4734 somnia
511 4699 555 4734 sue
574 4695 706 4748 eorumque
724 4683 939 4743 interpretationes
957 4685 1112 4741 seorsum
1135 4685 1240 4749 ideoque
1265 4685 1392 4744 indulgere
1409 4684 1449 4732 hie

116 4757 139 4802 et
155 4755 202 4804 ulti
218 4755 389 4820 probabiliter,
407 4756 458 4803 imo
476 4754 639 4809 confidenter:
659 4756 727 4800 eraut
744 4753 810 4800 euim
828 4753 964 4800 contemta
982 4753 1106 4800 vocationi
1118 4768 1175 4802 snae
1191 4756 1220 4804 de
1233 4757 1272 4806 hie
1284 4757 1364 4817 rebus,
1384 4767 1449 4816 quae

118 4822 147 4870 ed
164 4825 273 4887 iptorum
292 4838 376 4874 curam
394 4825 552 4888 pertinebant
570 4828 617 4878 eto.
653 4819 885 4884 (inleudarioprephi
902 4826 983 4872 summ
1001 4833 1034 4870 au
1052 4821 1084 4872 ad
1099 4823 1146 4875 hoc
1164 4826 1228 4876 idem
1248 4833 1291 4877 eut
1308 4825 1387 4874 vocati
1400 4825 1449 4873 siut

1251 4929 1294 4990 5}
