3676 5536
637 340 813 397 Harmonicis.
825 371 837 418 '.
847 340 928 397 Liber
945 341 993 397 111.
1013 341 1100 412 Caput
1117 339 1176 397 XV.
1510 335 1570 398 itt

226 523 327 579 statim
350 519 510 590 audientes,
534 537 584 582 eos
607 522 687 582 velut
710 524 739 580 in
761 539 822 583 rem
844 528 1025 600 praesentem
1047 521 1202 581 adduocns.
1248 519 1365 600 Triplus
1394 519 1484 604 igitur
1505 523 1568 576 tur-

226 608 363 667 bulentus
385 616 414 668 et
436 616 573 668 actuosus
597 619 649 682 est,
674 609 779 690 duplus
802 612 933 686 quietior,
957 612 1097 686 pacatior,
1121 609 1286 669 modestior.
1332 606 1391 668 iisd
1413 607 1449 666 de
1463 605 1568 684 rhyth-

226 698 282 754 mis
306 713 462 771 eorumque
486 699 575 773 signis
597 698 669 756 nibil
692 699 747 756 boc
769 699 858 770 libro;
882 716 970 774 quare
993 701 1098 756 missos
1121 715 1172 757 eos
1194 698 1344 756 faciamus.

315 783 381 840 VII.
409 783 590 862 Veniendum
612 802 689 844 nunc
712 793 757 843 cst
778 785 815 844 ad
839 787 896 857 ilia,
921 787 1026 862 quibus
1049 787 1163 864 proprie
1193 791 1278 843 tonos
1301 783 1491 841 discriminari
1520 781 1568 840 di-

222 873 332 944 ximus,
366 887 488 946 quorum
509 874 698 949 praecipuum
721 884 764 931 est
787 873 938 932 diversitas
960 891 1097 949 generum
1128 879 1240 931 cantus.
1286 873 1383 945 Atque
1406 869 1453 928 bie
1474 885 1560 944 seges

225 957 456 1035 disputationum
487 963 689 1036 copiosissime
715 963 884 1032 sucerescit,
915 953 1061 1037 quodnam
1084 977 1120 1018 ex
1143 961 1235 1018 tribus
1259 967 1389 1016 veterum
1411 957 1566 1032 generibus

224 1049 270 1104 cui
295 1047 381 1106 fuerit
404 1047 519 1106 aflectui
542 1049 688 1120 tributum,
713 1065 799 1124 quam
822 1065 875 1106 nos
897 1051 1035 1108 intactam
1058 1047 1287 1124 praeteribimus,
1315 1061 1380 1102 cum
1403 1061 1455 1102 neo
1478 1053 1566 1103 natu·

223 1131 295 1193 ralis
318 1137 356 1191 stt
378 1133 542 1194 distributio
565 1142 667 1194 cantus
690 1138 718 1192 in
741 1152 848 1208 genera
870 1130 1074 1208 numerosis,
1098 1152 1151 1194 nee
1173 1142 1288 1193 veteres
1310 1132 1365 1190 sibi
1381 1139 1515 1191 constent
1538 1133 1567 1188 in

223 1221 281 1280 bac
305 1224 434 1280 materia.
480 1222 553 1280 Mihi
577 1223 611 1280 dc
634 1222 814 1281 naturalibus
844 1222 957 1282 duobus
980 1231 1082 1282 contus
1105 1222 1260 1299 generibus
1290 1236 1383 1279 sermo
1406 1223 1473 1290 erit,
1504 1219 1568 1277 duri

224 1307 340 1368 scilicet
372 1316 402 1369 et
424 1309 535 1383 mollis3
563 1327 638 1385 quae
661 1327 749 1368 voces
771 1327 844 1386 quos
867 1311 986 1370 allectus
1010 1314 1118 1382 cicant,
1149 1312 1230 1385 ipsae
1259 1305 1395 1386 produnt.
1439 1306 1514 1366 Nam
1536 1313 1569 1364 ut

223 1397 335 1454 femina
357 1396 395 1456 ad
417 1397 584 1473 patiendum
613 1399 796 1473 potissimum
818 1399 895 1458 facta
918 1407 976 1465 est,
1007 1416 1069 1456 mas
1100 1397 1138 1456 ad
1160 1396 1318 1471 agendum,
1347 1395 1518 1471 praesertim
1539 1395 1568 1452 iu

224 1486 425 1558 generationis
448 1487 581 1560 negotio,
605 1488 647 1544 sie
668 1485 755 1543 molle
778 1501 869 1559 genus
890 1487 1076 1564 passionibus
1090 1487 1178 1545 animi
1195 1485 1334 1554 femineis,
1358 1481 1461 1540 durum
1475 1483 1570 1541 actio·

222 1571 311 1629 nibus
333 1571 467 1631 virilibus
489 1573 742 1646 accommodatum
766 1590 887 1648 quarum
909 1591 1003 1633 rerum
1024 1573 1190 1634 discrimina
1212 1571 1454 1646 exsequentibus
1474 1571 1568 1644 magis

222 1657 398 1718 elucescent.
406 1659 443 1733 ⁴⁶)

313 1745 395 1804 VIII.
419 1746 483 1804 Non
507 1749 582 1806 enim
604 1765 711 1823 genera
735 1755 847 1805 tantum
870 1755 982 1826 cantus,
1003 1746 1054 1808 sed
1078 1749 1166 1806 etiam
1189 1749 1251 1806 toni
1275 1749 1302 1804 in
1319 1747 1487 1805 universum
1509 1747 1568 1804 situ

222 1835 372 1892 semitonii
396 1832 573 1892 differebant.
619 1833 676 1892 Hic
698 1835 844 1893 semitonii
874 1837 946 1894 situs
969 1838 1079 1893 animat
1101 1830 1248 1909 efficitque
1281 1843 1340 1894 tam
1364 1845 1456 1908 genus
1480 1851 1569 1908 quam

221 1920 343 1979 modurn
365 1939 417 1979 scu
439 1929 556 1994 tonum3
586 1919 670 1980 aliter
692 1929 789 1980 tamen
820 1921 855 1980 de
878 1922 934 1981 boo
965 1923 1022 1980 situ
1053 1920 1259 1997 disputandum
1288 1930 1333 1982 est
1361 1927 1493 1998 respectu
1515 1937 1569 1996 ge-

222 2025 336 2081 nerum,
359 2007 443 2066 aliter
464 2017 597 2084 respectu
621 2016 754 2087 tonorum
777 2012 914 2068 omnium.
960 2007 1074 2069 Genera
1097 2011 1174 2068 euim
1200 2009 1324 2069 diximus
1348 2010 1415 2068 oriri
1445 2009 1569 2086 primum

224 2098 356 2154 omnium
379 2099 408 2153 in
433 2104 538 2156 octava
561 2096 721 2174 principali,
747 2115 822 2172 quae
845 2115 863 2155 a
890 2096 916 2156 G
938 2099 1058 2173 incipit,
1088 2099 1118 2153 ln
1147 2086 1215 2173 qua'
1234 2098 1379 2156 semitonii
1402 2097 1476 2154 situs
1503 2095 1568 2154 loco

221 2185 342 2258 penimo
366 2183 470 2242 format
492 2201 583 2258 genus
605 2185 711 2256 molle,
736 2184 802 2243 loco
825 2185 1054 2262 antepenultimo
1076 2192 1167 2260 genus
1192 2183 1310 2258 durum3
1338 2183 1400 2242 illio
1422 2185 1479 2240 imo
1503 2183 1568 2242 loco

222 2279 266 2328 est
291 2273 378 2329 tertia
400 2271 503 2344 mollis,
527 2271 574 2330 hic
597 2271 677 2332 dura.
725 2271 807 2347 Quae
830 2279 875 2330 est
896 2275 985 2348 igitur
1013 2272 1100 2347 hujus
1123 2273 1197 2330 situs
1220 2274 1361 2330 connexio
1390 2287 1455 2329 cum
1478 2271 1568 2328 allec-
1666 2315 1667 2320 1

222 2357 375 2420 tionibus?
398 2367 449 2416 aut
471 2357 540 2433 quid
557 2375 708 2418 commune
731 2363 834 2422 tertiae
850 2362 952 2419 minori
976 2377 1041 2418 cum
1055 2361 1179 2433 feminis,
1204 2376 1268 2418 cum
1284 2359 1567 2437 passionibuaoum

220 2444 368 2506 mollitiei
391 2445 460 2520 qnid
483 2447 552 2504 item
575 2449 678 2506 tertiae
701 2447 790 2506 deirae
813 2463 878 2506 cum
902 2448 1046 2520 virilitate,
1072 2448 1188 2524 duritie,
1204 2448 1385 2520 actionibus,
1413 2444 1567 2504 efficacia?

308 2533 435 2591 Primum
456 2535 545 2608 igilur
568 2537 739 2606 memineris,
764 2538 878 2594 tertiam
902 2535 1002 2595 duram
1026 2543 1117 2598 ortam
1141 2551 1205 2594 osse
1229 2551 1265 2594 ex
1287 2536 1469 2612 pentagono,
1494 2549 1568 2608 pen-

220 2627 361 2690 tasonunr
384 2623 426 2678 nti
450 2623 577 2679 sectione
600 2621 759 2680 secondum
789 2630 917 2683 extrema
939 2631 968 2681 ct
989 2623 1129 2683 medium.
1164 2640 1238 2696 quae
1268 2623 1486 2698 proportionem
1508 2620 1567 2678 for·

220 2719 302 2766 orant
327 2709 463 2768 divinam.
509 2709 542 2765 In
566 2708 622 2767 lrac
644 2727 714 2768 vcro
737 2715 921 2788 proportione
938 2709 1057 2786 pulchra
1078 2715 1151 2770 istest
1167 2711 1362 2784 conserationis
1381 2708 1455 2766 idea.
1493 2707 1567 2766 Nam

219 2797 296 2854 sicut
318 2802 402 2871 pater
423 2797 517 2871 gIgnit
538 2795 644 2869 filium,
668 2797 747 2854 filius
770 2798 876 2870 alium,
900 2801 1023 2874 quisque
1045 2799 1101 2857 sibi
1126 2797 1262 2868 similem,
1286 2798 1329 2856 sic
1352 2797 1439 2855 etiam
1463 2797 1491 2852 ln
1514 2794 1568 2854 illa

219 2886 359 2956 sectione,
383 2891 452 2941 cum·
470 2899 538 2958 pars
561 2885 653 2958 major
676 2883 793 2942 additur
815 2889 884 2958 toti,
909 2889 1092 2945 continuatur
1114 2889 1262 2961 proportio
1286 2887 1422 2960 capitque
1445 2899 1567 2959 compo·

219 2972 276 3028 sita
299 2969 396 3028 locum
420 2973 518 3039 totius,
542 2978 571 3029 et
594 2987 669 3046 quae
693 2974 773 3048 prius
796 2980 858 3032 erat
881 2981 951 3047 tota,
975 2973 1070 3032 locum
1097 2975 1189 3048 partis
1211 2972 1340 3048 maJ'crls.
1387 2970 1469 3044 Quae
1492 2974 1566 3029 ratio
1675 3007 1677 3014 ι

217 3062 270 3115 etsi
296 3059 422 3116 numeris
446 3059 565 3134 exprimi
589 3059 705 3134 nequit,
731 3057 816 3117 datur
839 3068 934 3119 tamen
959 3060 1057 3136 aliqua
1072 3063 1161 3120 series
1176 3075 1370 3128 numerorum,
1395 3075 1471 3134 quac
1494 3074 1566 3117 oon-

218 3147 300 3203 tinue
323 3147 442 3221 propina
470 3145 506 3203 ad
531 3163 631 3203 verum
660 3147 789 3221 accedit,
824 3149 853 3204 in
877 3165 935 3224 qua
964 3152 1037 3208 serie
1065 3153 1130 3224 ipsa
1153 3145 1313 3206 differentia
1341 3161 1525 3205 numerorum
1549 3165 1567 3202 a

218 3234 350 3290 terminis
373 3234 506 3306 genuinis
531 3227 597 3313 (qui
621 3241 689 3291 sunt
710 3251 767 3292 non
790 3235 992 3308 numerabiles,
1017 3235 1066 3294 sed
1090 3231 1268 3314 ineffabiles)
1291 3233 1455 3293 admIrablli
1476 3234 1566 3308 vicis-

216 3319 345 3378 situdine
368 3337 463 3378 mares
486 3321 608 3379 feminas
630 3323 790 3398 progignit,
821 3325 956 3381 membris
983 3340 1070 3381 sexus
1099 3322 1243 3380 indicibus
1270 3319 1431 3380 distinctas.
1478 3317 1518 3380 Ut
1540 3323 1563 3376 si

216 3423 284 3482 pars
306 3407 400 3482 major
422 3409 460 3466 stt
480 3411 573 3484 primo
597 3410 630 3481 2,
660 3412 753 3467 minor
778 3413 812 3482 l,
844 3416 936 3468 totum
962 3413 994 3470 3:
1023 3409 1074 3467 'hio
1102 3425 1160 3467 non
1191 3415 1236 3468 est
1265 3407 1352 3484 plone
1389 3412 1401 3466 1
1428 3407 1467 3466 ad
1491 3411 1508 3465 2
1533 3416 1565 3465 ut

217 3497 234 3552 2
259 3492 299 3552 ad
323 3496 350 3566 3,
375 3494 546 3553 differentia·
559 3498 633 3554 enim
659 3503 703 3554 est
726 3498 831 3568 unitas,
856 3514 914 3574 quo
937 3499 1032 3554 minus
1054 3495 1255 3570 rectangulum
1277 3503 1471 3553 extremorum
1496 3499 1507 3550 l
1536 3503 1566 3552 et

218 3583 236 3639 3
261 3588 370 3657 aequet
392 3581 566 3657 quadratum
587 3583 675 3642 medii
701 3587 728 3644 2,
777 3583 860 3643 Tunc
881 3583 982 3642 addito
1007 3587 1024 3640 2
1056 3582 1094 3642 ad
1119 3586 1136 3643 3
1167 3582 1199 3639 fit
1220 3597 1331 3640 novum
1353 3589 1445 3640 toturn
1470 3583 1504 3650 5,
1523 3587 1566 3640 'et

217 3667 318 3728 addito
342 3669 359 3726 3
384 3667 421 3726 ad
446 3669 463 3726 5
486 3676 579 3728 totum
605 3671 622 3728 8
647 3679 700 3728 etc.
747 3671 961 3746 Rectangulum
985 3689 1021 3730 ex
1046 3675 1060 3728 l
1087 3680 1116 3730 et
1139 3672 1157 3729 3
1181 3670 1316 3728 feminam
1340 3677 1435 3740 creat,
1469 3669 1565 3726 delicit

219 3758 296 3816 enim
321 3773 338 3814 a
361 3755 503 3831 quadrato
527 3757 561 3815 de
586 3759 604 3813 2
628 3760 755 3832 unitate3
783 3759 982 3834 rectiangulum
1006 3775 1041 3816 ex
1065 3760 1083 3814 2
1108 3765 1137 3817 et
1162 3757 1179 3814 5
1203 3773 1328 3827 marem,
1351 3755 1466 3816 excedit
1488 3758 1565 3815 enim

216 3842 389 3918 quadratum
413 3843 449 3901 de
473 3846 490 3900 3
514 3848 641 3918 unitate3
666 3847 866 3922 tectangulum
890 3847 959 3905 ex3
984 3847 1215 3917 catillaminum,
1240 3844 1336 3908 deficit
1356 3845 1432 3903 enim
1455 3860 1564 3917 aqua·

218 3929 301 3989 drato
325 3930 360 3990 de
386 3931 402 3988 5
428 3933 548 3990 unitate.
593 3931 721 3990 Rursum
744 3951 778 3992 ex
804 3936 821 3990 5
845 3941 874 3992 et
899 3936 936 3992 13
960 3951 1023 3992 roas
1046 3936 1145 4005 oritur,
1168 3940 1301 4008 respectu
1318 3931 1452 4008 quadrati
1476 3929 1512 3988 de
1530 3933 1564 4004 83

216 4037 250 4077 ex
275 4019 293 4075 8
317 4025 346 4076 et
369 4021 406 4075 21
432 4019 557 4090 femina,
580 4028 716 4094 respectu
741 4021 875 4097 quadrati
901 4021 936 4080 de
963 4025 1017 4094 133
1041 4020 1097 4079 boc
1120 4022 1162 4078 sic
1185 4023 1213 4077 ln
1236 4019 1389 4077 infinitum.

303 4104 385 4163 Haec
408 4123 472 4163 cum
497 4107 534 4162 sit
558 4114 661 4164 nntius
683 4106 770 4182 hujus
793 4111 947 4180 sectionis,
980 4125 1055 4184 quae
1083 4108 1120 4167 ad
1144 4106 1358 4182 qrrinquapguli
1383 4106 1565 4162 demonstra-

218 4193 325 4251 tionem
350 4195 507 4264 concurrit,
532 4209 655 4267 oumqne
679 4194 799 4253 Creator
821 4197 902 4254 Deus
926 4195 962 4254 ad
986 4195 1065 4255 illam
1088 4195 1312 4254 conformaverit
1337 4192 1417 4268 leges
1440 4209 1564 4266 genera·

218 4281 313 4353 donis,
337 4279 373 4339 ad
397 4283 554 4356 genuinam
578 4279 693 4354 quidem
725 4290 807 4340 etse
831 4286 894 4359 ipsa
918 4284 982 4342 sola
1003 4283 1162 4360 perfectam
1183 4283 1398 4358 proportionem
1428 4280 1563 4339 ineffabi-

215 4365 287 4424 lium
310 4369 511 4438 terminorum,
536 4369 663 4426 rationes
687 4367 852 4442 plantarum
877 4373 1067 4442 seminarias,
1093 4385 1167 4446 quae
1188 4385 1287 4428 semen
1304 4385 1387 4426 suurn
1411 4371 1439 4426 in
1455 4375 1564 4427 semet-

218 4455 288 4528 ipsis
311 4454 419 4514 babere
439 4455 541 4531 jussae
564 4462 630 4514 sunt
654 4456 804 4530 singulae,
835 4458 988 4533 adjunctas
1019 4475 1088 4516 vero
1118 4458 1201 4514 binas
1225 4471 1407 4514 numerorum
1440 4473 1563 4533 propor-

218 4544 310 4600 tiones
333 4540 467 4620 (quanrm
492 4547 577 4602 tinius
601 4542 736 4602 deficiens
760 4547 857 4603 unitas
874 4543 992 4603 alterius
1008 4543 1165 4602 excedente
1188 4541 1399 4623 compensetur)
1422 4543 1563 4618 conjunc-

293 4726 316 4777 *l
331 4729 366 4769 De
379 4729 520 4770 enharmonio
535 4731 612 4771 toribii
626 4732 778 4778 Aristoteles,
800 4743 826 4771 co
841 4731 927 4782 impleri
941 4732 1026 4772 animos
1041 4731 1114 4774 furore
1129 4733 1219 4785 dlvluor
1246 4721 1327 4782 contra¹
1336 4735 1482 4785 magistratus
1496 4735 1562 4786 Spar·

219 4783 334 4828 tenorum.
357 4782 415 4832 quod
429 4781 577 4826 deminutum
591 4786 631 4826 hcc
646 4791 669 4826 ut
682 4786 780 4826 fucatum
793 4797 866 4836 genus
880 4787 960 4826 cautus
974 4785 1105 4835 baberetur,
1126 4789 1238 4830 auctorem
1256 4789 1305 4840 ejus
1325 4788 1449 4841 recipiendi
1463 4791 1562 4828 notatum

219 4831 340 4882 ignominis
354 4833 407 4876 urbe
421 4835 562 4884 pepulerunt.
