3732 5528
833 379 973 450 onum.
1509 391 1573 453 ns

232 559 366 620 arguam.
413 545 500 604 Anno
531 541 651 620 quidem
683 542 775 602 loli.
798 542 965 618 'subiugum
992 545 1138 622 proiectus
1167 548 1277 622 negotii
1307 563 1410 620 causa,
1445 545 1518 606 nihil
1546 551 1575 606 in

233 640 339 708 parato
362 632 464 710 habui,
486 639 600 707 praeter
621 629 763 706 pauculas
786 629 926 705 pagellas,
942 628 1015 689 'libri
1031 631 1086 693 ΙΙΙ.
1110 636 1259 692 materiam
1281 633 1381 693 rudem
1400 635 1575 711 complexas,

231 735 309 794 quas
332 719 493 778 monstravi
516 720 633 792 amicis,
666 716 811 793 explicavi
834 717 978 776 scribendi
1009 721 1206 794 propositum,
1236 737 1312 798 quae
1334 739 1353 780 a
1376 723 1417 781 ‘20
1440 725 1523 780 annis
1545 725 1575 780 in

233 805 382 866 meditatis
405 807 531 866 habeam
554 822 688 880 quaeque
710 813 820 864 restent
842 805 1023 879 inquirenda,
1047 806 1162 882 singula
1183 811 1324 867 recensui.
1370 808 1428 868 Sed
1456 820 1485 869 et
1506 827 1576 886 gra*
1625 816 1628 828 '

230 897 302 953 tiam
328 893 425 955 habeo
455 910 507 973 pro
538 889 691 952 rarissimo
721 890 818 967 elogio
846 895 903 951 mei
935 896 1049 968 operis;
1078 896 1186 969 fateor,
1218 894 1283 955 libri
1305 893 1475 972 praesertim
1498 899 1575 957 tertii

230 983 382 1042 materiam
410 999 462 1059 per
491 983 531 1038 di
562 995 655 1040 annos
686 981 789 1040 iterum
817 981 980 1056 iterumque
1007 983 1146 1054 revisam,
1177 983 1271 1041 fateor
1303 983 1385 1041 libris
1409 983 1460 1043 iv.
1485 995 1515 1044 et
1537 985 1574 1044 V.

230 1085 399 1146 quanquam
420 1069 548 1129 breviori
570 1077 700 1143 tempore
723 1067 897 1141 plurimum
919 1071 1141 1128 cimentationis
1160 1070 1461 1146 fermentationisque
1488 1071 1573 1130 adhi-

230 1159 332 1227 bitum,
356 1160 426 1233 quin
450 1164 480 1216 et
501 1155 728 1232 putrefactionos
745 1162 780 1216 ¹et
794 1153 1002 1214 calcinationes
1024 1161 1054 1214 et
1068 1155 1289 1218 sublimationes
1304 1159 1571 1218 reverberatiaoes·

230 1261 288 1321 quo
317 1246 383 1321 jure
416 1246 549 1321 quasque
581 1259 634 1302 suo
657 1243 859 1318 apposueris.¹
885 1243 929 1300 An
963 1259 1032 1301 vero
1064 1243 1180 1320 singula
1209 1243 1246 1304 ad
1275 1261 1340 1304 eam
1367 1246 1573 1321 perlectionem

230 1333 338 1392 inerint
360 1342 496 1403 excocta,
525 1347 613 1407 qnam
635 1329 782 1388 Robertus
804 1330 948 1402 insinuat,
977 1345 1066 1406 super
1087 1349 1124 1391 aa
1144 1348 1174 1390 re
1193 1331 1306 1408 judicia
1334 1349 1400 1392 cum
1423 1333 1573 1393 doctorum

229 1419 367 1499 plurium,
389 1429 451 1479 tum
474 1419 563 1478 etiam
584 1419 682 1476 meum
706 1417 797 1492 ipsius
821 1417 1005 1493 exspectabo.
1052 1416 1119 1493 Qua
1140 1418 1177 1479 de
1199 1435 1230 1496 re
1251 1419 1347 1480 exstat
1367 1419 1418 1482 lol.
1433 1421 1495 1482 320
1517 1425 1575 1482 mai

230 1509 325 1583 operia
346 1509 517 1585 provocatio
539 1504 696 1566 lutulenta.

317 1595 368 1655 Ad
391 1593 574 1671 Analysin
597 1591 652 1654 111.
696 1589 831 1666 Ignosce,
855 1589 997 1665 Robsrte,
1023 1589 1094 1652 lans
1114 1593 1188 1652 mihi
1209 1593 1264 1652 luit
1286 1586 1375 1672 opus,
1405 1595 1472 1672 plus
1495 1595 1574 1654 illius

229 1685 264 1740 in
285 1683 397 1755 cauda,
420 1699 515 1758 quam
536 1683 571 1739 in
593 1682 699 1754 capite.
746 1676 871 1736 Discedo
893 1695 993 1754 porro,
1017 1686 1111 1739 emtor
1128 1681 1192 1757 jam
1215 1689 1382 1754 contentus,
1413 1701 1431 1742 a
1453 1690 1505 1741 tua
1527 1693 1574 1742 ta-

230 1771 337 1845 berua3
360 1781 391 1828 tu
414 1785 461 1829 res
485 1777 551 1828 tuas
573 1768 714 1827 arbitratu
730 1772 781 1825 tuo
805 1765 961 1841 disponite,
986 1765 1085 1826 ordine
1107 1771 1171 1828 sire
1185 1775 1273 1841 recto,
1297 1771 1361 1827 sir'e
1374 1779 1573 1847 praepostero.
1660 1801 1662 1808 ·

230 1855 308 1933 Quin
331 1867 360 1917 et
381 1874 468 1934 parce
490 1857 563 1914 meis
585 1854 699 1927 rerbis3
722 1869 777 1928 ego
800 1854 858 1910 nisi
880 1867 953 1913 roae
976 1854 1199 1930 quadamtenus
1221 1873 1315 1914 essem
1337 1873 1418 1930 usus,
1441 1860 1469 1914 in
1491 1863 1573 1935 peri-

230 1945 295 2005 culo
318 1946 369 2020 lui,
392 1963 428 2004 ne
452 1962 470 2002 a
492 1951 520 2002 te
543 1941 634 2000 salsae
656 1939 839 2016 gloriationis
860 1957 927 1999 reus
949 1958 1061 2017 agerer.
1104 1942 1179 2003 Nam
1203 1955 1234 2002 tu
1257 1961 1275 2002 a
1296 1961 1343 2003 me
1366 1951 1411 2003 est
1434 1946 1483 2004 ubi
1507 1946 1569 2004 dis·

229 2034 347 2092 sentias.
393 2029 471 2106 Quid
494 2029 573 2106 quod
596 2039 624 2088 ct
646 2043 768 2087 accusas
791 2043 885 2086 msam
907 2029 937 2085 iu
960 2029 1056 2105 capite
1079 2033 1107 2088 d.
1131 2031 1342 2109 prolixitatem,
1368 2049 1519 2108 nunquam
1540 2032 1571 2092 id
1669 2021 1671 2028 ’

228 2121 372 2194 facturus,
403 2119 460 2180 nlsi
481 2125 514 2176 tu
537 2119 613 2176 intra
639 2115 727 2192 hujus
751 2117 832 2173 vocis
855 2117 1080 2190 quadamtenus
1108 2121 1258 2194 angustias
1289 2120 1492 2180 constitissent-‘l
1536 2121 1573 2180 Et

228 2209 347 2266 interius
371 2208 430 2265 rim
453 2207 557 2282 capitis
579 2203 637 2263 mei
659 2205 729 2262 noni
752 2205 915 2277 moremati,
939 2203 1036 2263 lassans
1060 2221 1105 2278 ea,
1128 2223 1205 2281 quae
1229 2208 1291 2282 ipse
1314 2205 1406 2266 multa
1425 2206 1574 2268 locutione

228 2294 386 2371 multisque
413 2292 493 2352 loliis
515 2289 699 2364 tradiderim,
732 2297 760 2348 te
790 2291 820 2346 in
848 2290 1004 2367 parvulum
1034 2291 1180 2368 redegisse
1203 2293 1316 2366 losum,
1346 2293 1403 2354 bac
1432 2311 1501 2354 varo
1529 2304 1573 2354 ast
1689 2371 1691 2378 γ
1805 2367 1807 2380 Ι

231 2382 456 2458 quadamtenus
478 2379 605 2438 eandem
627 2380 791 2438 mammam
814 2378 977 2452 complesti.
1021 2377 1097 2438 Nam
1118 2381 1311 2456 tuepectdum
1333 2381 1478 2458 profiteris
1500 2399 1568 2442 eru'-

230 2469 343 2528 diendis
366 2469 472 2542 oculta·
500 2483 555 2542 ego
585 2467 683 2525 verbis
706 2473 750 2525 tot
770 2481 836 2524 sum
858 2482 943 2538 usus,
973 2473 1006 2524 ut
1034 2467 1082 2526 val
1109 2465 1217 2528 clausis
1241 2469 1334 2527 oeulis
1365 2470 1453 2528 etiam
1475 2487 1570 2543 auras,

229 2555 300 2632 quid
323 2555 425 2630 velim,
454 2557 602 2632 percipere
625 2563 743 2630 queant.
790 2552 919 2628 linquid
948 2561 1006 2624 est,
1041 2570 1166 2630 quaeso,
1193 2562 1302 2614 cantata
1328 2556 1524 2616 harmoniam
1546 2565 1574 2616 et

229 2651 288 2702 tres
308 2644 496 2712 medietates,
527 2643 710 2719 capitemeo
737 2643 785 2700 lo.
808 2657 951 2717 persnas
974 2657 1078 2701 causas
1101 2641 1255 2715 deductas,
1287 2643 1325 2702 ab
1347 2643 1452 2720 effectu
1473 2651 1572 2704 omar-

230 2731 308 2806 dere,
332 2733 388 2791 nisi
411 2731 642 2806 quadamtenus,
666 2727 779 2788 seilicet
800 2744 953 2788 causarum
976 2737 1074 2802 tenrrs,
1100 2747 1173 2805 quas
1196 2737 1264 2789 ante
1286 2747 1333 2790 ma
1354 2729 1484 2790 nondum
1506 2739 1590 2792 tenu

229 2827 307 2879 tatas
330 2821 475 2890 existimo,
499 2814 675 2892 complecti?
720 2813 857 2874 Omnium
878 2817 1005 2874 maxima
1028 2819 1081 2876 tihi
1104 2819 1160 2894 ipsi
1183 2819 1305 2894 parcito,
1327 2835 1364 2878 ne
1385 2823 1574 2895 μεμψιμοιρὸς

230 2906 342 2966 audias.
394 2905 468 2965 Nam
501 2903 571 2980 quid
599 2905 703 2962 attinet
737 2903 861 2962 voculae
888 2919 1045 2977 usurpans
1079 2903 1272 2964 succensere?
1323 2905 1426 2983 Egone
1456 2905 1572 2965 titulum

229 2989 417 3054 Harmoniae
439 2980 609 3051 Mandanae
639 2989 695 3049 soli
723 3005 789 3049 meo
821 2991 901 3069 operi
930 2992 1058 3066 arrogo?
1103 2993 1164 3052 Aut
1193 2994 1260 3069 quis
1288 2990 1335 3051 hie
1367 3009 1455 3069 super
1482 2995 1573 3071 pallio

230 3084 380 3141 trabeatus
408 3079 616 3159 philosophus,
645 3079 695 3154 qui
718 3078 818 3137 titulos
847 3085 875 3136 et
896 3077 1057 3153 dipsitates
1074 3081 1214 3154 politicas
1241 3082 1316 3139 inter
1345 3079 1572 3156 disceptationes
1606 3124 1609 3133 .

231 3167 452 3245 philosophicas
475 3167 633 3239 somnians,
657 3183 688 3225 se
711 3167 807 3241 ipsum
829 3161 1097 3225 stomachabundus
1119 3167 1253 3241 incendit,
1276 3175 1310 3226 ut
1330 3185 1385 3227 nec
1407 3167 1445 3226 ab
1467 3169 1574 3244 injuria

230 3273 262 3315 se
284 3253 456 3316 contineat?
500 3254 604 3328 Legite
626 3262 739 3313 textum
761 3269 857 3313 meum
873 3251 935 3325 ΙΙΙ,
959 3269 1046 3329 quem
1068 3256 1131 3330 ipse
1149 3256 1298 3314 rarissime
1324 3253 1440 3330 „sterile
1453 3255 1567 3315 salum“

232 3344 323 3418 dinit3
346 3346 370 3402 si
392 3343 422 3400 in
446 3359 481 3401 co
502 3341 677 3417 philantiam
698 3343 878 3414 inveneritis,
902 3340 1067 3416 exemplum
1091 3341 1227 3400 damnato
1250 3349 1280 3400 et
1301 3350 1411 3402 cavete.

317 3425 458 3505 Reliquas
481 3431 714 3505 comparationes
737 3425 928 3503 particulares
951 3444 1031 3486 ame
1054 3432 1190 3499 omissas,
1214 3427 1305 3500 adde,
1328 3427 1411 3502 licet,
1440 3443 1492 3505 pro
1515 3430 1573 3486 tuis

231 3515 398 3576 lectoribus.
442 3516 506 3591 Ego
536 3519 565 3574 in
594 3517 748 3575 verborum
776 3530 896 3572 numero
925 3521 1036 3589 partem
1067 3513 1240 3574 discriminis
1267 3531 1347 3590 pono
1376 3515 1502 3589 nullam3
1535 3515 1572 3574 de

232 3603 400 3662 harmonica
422 3602 548 3662 chordae
572 3604 701 3662 sectione
724 3595 807 3660 tanta
825 3613 893 3659 'sum
917 3617 987 3659 usus
1010 3601 1164 3660 verborum
1187 3604 1279 3676 eopia,
1303 3609 1444 3676 quantum
1466 3605 1572 3678 requiri

233 3693 332 3750 censui
355 3691 392 3750 ad
414 3689 587 3767 explicanda
610 3691 739 3748 musicae
761 3686 968 3762 fundamenta3
998 3690 1026 3744 in
1049 3687 1255 3748 medietatibus
1281 3705 1368 3765 porro
1396 3688 1572 3748 harmonicis

232 3786 317 3838 tanta
337 3777 490 3853 brevitate,
514 3785 624 3853 quanta
646 3780 764 3836 omnino
786 3778 882 3851 potui,
906 3777 977 3852 quia
999 3783 1028 3834 et
1050 3791 1173 3852 parvum
1195 3777 1225 3832 ln
1248 3777 1284 3832 iis
1307 3785 1484 3836 momentum
1507 3785 1571 3836 erat

233 3868 321 3926 situm
344 3865 382 3926 ad
404 3867 461 3926 hoo
482 3882 575 3942 genus
598 3860 817 3939 contemplandi
838 3861 1084 3948 philosophicum,
1108 3872 1139 3923 et
1152 3864 1229 3923 ultro
1244 3864 1441 3939 sequebantur
1455 3862 1568 3922 medie·
1666 3915 1670 3922 .

228 3963 313 4028 tates,
336 3955 502 4014 constitutis
526 3955 675 4026 exhcmls,
699 3949 731 4009 id
752 3958 797 4008 est
817 3948 977 4009 harmoniis
999 3953 1070 4028 ipsis
1093 3953 1166 4012 inter
1184 3967 1216 4010 se
1239 3953 1421 4027 compositis,
1446 3967 1568 4027 quarum

229 4049 341 4126 ortum*
355 4040 509 4101 docueram
540 4043 634 4117 eapite
657 4043 685 4098 2.
730 4037 796 4098 Non
826 4037 912 4098 video
943 4043 1056 4112 mmen,
1087 4039 1139 4114 qui
1163 4039 1392 4116 superficialiter
1419 4039 1570 4115 scripsisse

230 4127 287 4188 diei
309 4130 419 4207 possim
443 4128 478 4188 de
501 4127 707 4188 medietatibus
729 4125 914 4198 harmonicis,
932 4128 988 4203 qui
1012 4133 1042 4186 et
1064 4127 1261 4186 definitionem
1283 4143 1362 4204 pono
1377 4143 1413 4186 ex
1428 4127 1573 4186 sententis

230 4224 360 4276 veterum
383 4224 412 4276 et
433 4234 452 4274 a
473 4215 667 4275 fundamentis
691 4215 762 4290 ipsis
784 4230 850 4272 eam
872 4213 1016 4285 convello,
1039 4223 1073 4274 ut
1095 4229 1171 4290 quas
1193 4215 1424 4291 frequentissime
1443 4211 1572 4290 proferat

229 4321 364 4365 numeros
391 4319 449 4362 non
471 4303 669 4375 harmonicus,
699 4316 804 4360 nomen
831 4303 894 4360 sine
916 4316 955 4360 rc.
994 4299 1098 4376 -Quare
1125 4301 1287 4360 monendus
1319 4308 1363 4360 ost
1384 4301 1455 4360 mihi
1478 4301 1571 4362 lector

229 4401 325 4452 noster
347 4393 509 4454 eommunis
530 4391 659 4465 insuper,
680 4388 782 4447 videat
804 4391 890 4446 etiam
913 4396 1002 4462 atquc
1025 4390 1129 4458 etiam,
1152 4405 1221 4447 num
1243 4387 1390 4448 Robertus
1412 4405 1481 4450 suas
1504 4406 1569 4448 me·

230 4475 352 4539 dietates
381 4479 566 4538 harmonicas
588 4494 624 4536 ax
646 4475 702 4534 hae
726 4481 855 4534 veterum
879 4473 1045 4534 delinitione
1067 4474 1225 4549 describat;
1258 4477 1366 4551 qnippe
1388 4477 1439 4548 ait,
1463 4491 1494 4536 sa
1517 4495 1569 4538 ao-

225 4568 392 4640 piost'ssime
412 4567 483 4624 illas
503 4571 532 4623 et
552 4563 650 4623 ambit
671 4561 792 4638 quidem
814 4562 1059 4622 amteinnioeibus
1072 4561 1239 4622 medidiem.
1284 4561 1316 4621 Si
1335 4569 1380 4620 ast
1401 4562 1480 4638 quod
1502 4562 1568 4624 dico

229 4648 303 4734 (non
326 4662 371 4715 cst
392 4655 470 4712 enim
495 4653 569 4712 liber
591 4651 655 4726 ejus
679 4649 717 4709 ad
739 4643 876 4728 manus),
906 4655 975 4707 tunc
1007 4648 1141 4724 equidem
1162 4648 1310 4708 Robsrtus
1336 4650 1393 4708 ista
1417 4652 1571 4709 sorborum

228 4743 313 4816 copia
337 4741 475 4814 erraverit
504 4755 570 4798 oum
600 4738 750 4797 veteribus
780 4737 953 4794 enaritate.
1000 4734 1096 4809 Quare
1120 4733 1282 4794 carendum
1305 4738 1360 4796 erit
1388 4735 1504 4812 lectori,
1533 4753 1572 4796 ne

227 4829 396 4906 acquiescat
417 4827 517 4902 dictis,
539 4828 710 4904 priusquam
731 4822 879 4886 Robartus
900 4823 1027 4883 rationes
1049 4841 1129 4882 meas
1151 4824 1299 4884 veteribus
1322 4827 1473 4902 oppositas
1495 4824 1571 4904 legi-
