3668 5526
318 343 380 404 ibi
447 377 450 390 ι
784 338 949 408 Appendicis
965 333 1188 396 Harmonicormn

318 515 386 576 dum
409 514 483 590 dixi,
505 525 698 594 ‘nequaquam
721 514 825 582 eodem
846 521 979 598 respectu
1002 515 1102 579 termis
1130 514 1310 592 quantitates
1337 511 1450 582 inesse,
1479 523 1538 584 qno
1559 507 1658 562 insunt

316 605 464 664 materiae.
817 603 820 620 '
873 615 883 626 ·

403 690 546 751 Numeros
573 694 604 764 l,
630 693 667 770 ⁸2,
690 693 708 750 3
732 707 791 766 qno
814 697 846 750 tu
868 707 965 760 sensu,
990 706 1048 766 quo
1072 687 1206 764 exemplo
1229 682 1463 764 proportionales
1486 679 1575 750 dicas,
1599 679 1659 754 ipse

317 775 442 848 viderim
465 779 493 834 in
517 781 676 856 geometria
691 777 923 856 proportionales
939 787 1006 836 sunt
1021 779 1071 836 isti
1089 780 1116 848 l,
1140 781 1169 846 a,
1194 779 1222 848 t,
1247 777 1290 834 sic
1308 777 1335 844 l,
1361 773 1389 845 3,
1413 772 1443 844 9,
1467 771 1509 828 uit
1525 769 1553 838 4,
1578 767 1607 838 6,
1631 767 1659 824 9·

317 865 351 922 ln
376 863 420 925 his
447 867 472 937 1,
497 867 532 938 ⁶2,
551 868 569 923 3
592 866 764 926 formalibus
788 866 913 940 (scilicet
936 873 967 924 ut
989 875 1057 926 sunt
1080 859 1212 945 figurati)
1237 861 1407 920 delitescere
1427 858 1471 916 ais
1493 854 1661 932 mysterium

317 951 691 1014 harmoniaemundanae.
738 953 818 1015 Lare
848 954 983 1010 nimirum
1014 955 1103 1012 uteris
1134 967 1208 1012 voce
1238 950 1405 1018 harmonia,
1438 941 1517 1020 quod
1549 943 1573 998 ui
1603 957 1661 1000 nou

242 1077 249 1084 -
319 1048 397 1100 esset
420 1049 449 1097 et
472 1040 496 1096 si
518 1039 554 1098 de
579 1042 643 1118 ipso
666 1044 888 1120 proportionum
912 1047 976 1098 ortu
1000 1039 1169 1116 loquereris,
1193 1056 1268 1113 quae
1285 1035 1487 1114 proportiones
1508 1032 1536 1086 in
1553 1029 1663 1088 musica

318 1129 496 1186 suavitatem
526 1128 684 1187 conciliant
717 1130 791 1190 binis
815 1128 989 1188 consociatis
1019 1131 1111 1200 sonis,
1144 1127 1243 1186 thema
1266 1125 1322 1184 boc
1345 1127 1423 1182 esset
1452 1135 1518 1178 meo
1541 1115 1662 1175 themati

317 1215 500 1286 contrarium,
526 1213 603 1289 quod
627 1219 697 1275 totis
720 1216 812 1274 tribus
835 1216 934 1293 primis
956 1212 1150 1284 Harmonices
1173 1230 1255 1274 meae
1278 1212 1360 1272 libris
1383 1209 1457 1282 ursi3
1483 1221 1540 1264 non
1563 1207 1663 1279 itaque

317 1303 360 1359 sie
382 1299 459 1362 nuda
482 1301 619 1363 affirmari
642 1313 758 1378 posset,
787 1305 985 1383 quippepost
1009 1299 1185 1362 decisionem
1208 1317 1330 1371 causae,
1360 1297 1418 1356 nisi
1440 1291 1562 1376 eandem
1586 1307 1663 1352 novo

320 1390 409 1448 etiarn
425 1387 588 1462 molimine,
611 1393 697 1450 novis
713 1393 892 1466 argumentis
908 1397 1056 1448 censueris
1071 1387 1257 1460 fulciendam,
1275 1386 1419 1446 contraria
1435 1399 1503 1442 mea
1516 1377 1664 1438 diluenda

405 1473 477 1534 Non
507 1494 565 1536 esse
595 1477 798 1537 diversissima
821 1477 983 1537 mannam
1006 1483 1034 1534 et
1054 1476 1207 1552 somnam,
1240 1491 1275 1544 ex
1299 1490 1334 1534 eo
1357 1471 1465 1548 arguis,
1494 1471 1569 1544 qaia
1593 1484 1664 1526 eon-

321 1564 449 1620 venierat
470 1565 503 1622 in
526 1565 643 1622 actione
665 1572 692 1623 et
710 1568 861 1640 pmeione.
907 1561 1054 1638 Quantam
1076 1581 1131 1638 ego
1158 1563 1322 1624 molestiam
1353 1560 1438 1635 capio
1461 1555 1580 1616 vetulus
1604 1553 1664 1612 dis-

320 1648 414 1711 cenda
437 1647 473 1708 de
496 1667 575 1710 novo
599 1659 668 1712 tuae
692 1649 895 1728 philosophiae
923 1650 1036 1725 linguai
1083 1650 1159 1710 Nam
1186 1651 1349 1726 antiquitus
1376 1665 1435 1705 non
1458 1643 1577 1702 diversa
1599 1653 1665 1702 tan·

316 1745 396 1807 tum,
418 1735 477 1807 ,sed
500 1747 529 1798 et
551 1741 697 1799 contraria
720 1737 871 1810 eluebant,
903 1753 979 1812 quae
1007 1740 1036 1796 in
1059 1755 1091 1796 se
1120 1746 1223 1800 mutuo
1254 1744 1355 1812 agunt.
1401 1733 1544 1808 Adeoque
1577 1733 1664 1789 etiarn

317 1821 422 1898 figuris
445 1822 570 1884 diversis
593 1837 713 1886 utrmtur
735 1825 785 1888 illa
808 1828 850 1884 tui
874 1825 1000 1903 exempli
1024 1828 1068 1882 vir
1089 1835 1119 1882 et
1141 1825 1192 1886 illa
1207 1823 1319 1896 mulier,
1343 1824 1529 1899 inquantum
1553 1817 1665 1876 seilicet

317 1920 409 1986 agunt
437 1913 661 1990 patianturque3
691 1930 779 1990 quam
809 1911 921 1992 figurae
952 1913 1153 1972 diversitatem
1182 1915 1271 1972 etiarn
1300 1912 1430 1970 numeris
1458 1905 1665 1986 Pythagoricis

319 2001 487 2074 expressam
511 2000 625 2059 invenis
647 2001 723 2060 libro
745 2016 811 2060 meo
834 1999 887 2060 IV.
910 1999 1100 2060 Harmoniae.
1156 2067 1168 2074 ,

403 2084 574 2146 Formarum
605 2105 661 2162 ego
690 2105 754 2148 eum
783 2088 913 2146 materiis
946 2087 1179 2146 convenientiam
1211 2103 1264 2145 seu
1284 2083 1531 2160 ·conjonctionem
1562 2095 1665 2138 recuso

316 2171 484 2232 harmonias
506 2173 679 2250 indigetari,
711 2192 798 2234 sensu
822 2177 904 2234 vocis
934 2183 1004 2250 apto
1033 2177 1106 2232 meis
1135 2173 1400 2250 speculationibos3
1428 2169 1665 2244 coniunctionem

319 2260 416 2335 ipsam
446 2277 505 2323 non
535 2278 649 2322 recuso.
695 2261 867 2340 Exemplum
898 2279 995 2320 meum
1023 2261 1190 2322 diurnorum
1224 2269 1356 2318 motuum
1385 2257 1488 2318 Martis
1519 2262 1548 2314 et
1580 2253 1665 2314 Jovis

317 2362 396 2426 nova
419 2348 536 2412 inscitia
566 2352 654 2409 miror
674 2351 806 2428 formale
828 2349 979 2424 appellari.
1025 2349 1093 2408 Duo
1116 2351 1230 2408 termini
1256 2347 1377 2406 sensiles
1400 2351 1481 2414 strnt,
1515 2343 1665 2420 proportio

316 2437 391 2492 inter
420 2433 487 2494 illos
510 2452 556 2495 res
579 2445 625 2496 est
645 2439 711 2496 sola
738 2445 834 2498 mente
863 2435 1066 2516 percipienda,
1096 2435 1293 2508 aestimanda,
1324 2432 1455 2492 iruenda.
1501 2431 1564 2489 Nisi
1590 2429 1665 2490 enirn

316 2521 422 2580 mentis
437 2509 542 2581 lumen
566 2526 675 2585 inesset
698 2527 726 2582 in
750 2523 861 2592 auditu,
885 2527 983 2582 nonis
1005 2521 1197 2582 delectaretur
1212 2523 1431 2600 proportionel
1457 2518 1528 2580 add
1554 2519 1587 2577 in
1612 2533 1665 2574 vo-

316 2608 416 2680 cibus,
448 2620 478 2668 et
498 2611 555 2668 nisi
578 2613 658 2686 prius
680 2612 709 2672 in
734 2609 823 2672 ideali
846 2609 954 2670 circulo
984 2613 1067 2672 intus
1089 2613 1118 2668 in
1141 2621 1238 2670 mente
1262 2611 1399 2668 creatrice
1430 2605 1588 2666 reluxisset
1612 2607 1666 2662 ista

316 2697 477 2784 prpportiq
495 2713 553 2756 non
566 2698 671 2759 luisset
682 2698 733 2757 illa
747 2697 840 2758 indita
850 2699 989 2777 motibus,
1012 2697 1129 2756 Saturni
1140 2697 1306 2758 tardissimo
1323 2706 1351 2755 et
1363 2693 1450 2756 Jovis
1467 2692 1665 2762 velocissimo.

406 2781 573 2859 Incongroa
596 2786 649 2868 tibi
672 2785 788 2846 videtur
811 2785 967 2848 aiiirmatio
988 2801 1062 2859 maa,
1087 2783 1156 2844 dum
1179 2782 1254 2858 dico,
1278 2784 1491 2844 diversissimas
1512 2797 1579 2842 esse
1602 2787 1666 2842 tuas

316 2869 488 2930 harmonias
511 2867 634 2932 a'meis.
678 2873 715 2937 Et
739 2890 829 2947 quare
853 2871 1034 2950 incongrua?
1079 2871 1156 2946 Quia
1184 2891 1250 2931 curn
1273 2872 1325 2930 tibi
1348 2872 1386 2930 sit
1409 2870 1560 2928 harmonia
1593 2869 1666 2926 inter

317 2956 415 3016 lucem
438 2964 468 3016 et
488 2963 658 3034 materiam,
689 2959 760 3020 mibi
784 2963 858 3020 inter
879 2970 992 3020 motum
1016 2967 1045 3018 et
1067 2968 1193 3031 motum,
1224 2969 1320 3046 motus
1346 2966 1443 3018 tamen
1466 2959 1529 3032 ipse
1556 2974 1580 3014 a
1604 2955 1666 3012 lnce

316 3044 371 3101 tihi
404 3061 467 3104 esse
497 3045 622 3105 videtur.
668 3047 799 3123 Atquin
824 3047 914 3118 bone,
946 3064 1004 3104 non
1036 3045 1112 3108 idam
1136 3047 1276 3106 terminus
1304 3057 1365 3118 est,
1396 3046 1445 3104 lux
1469 3053 1501 3101 ut
1524 3059 1617 3102 cansa
1638 3049 1666 3100 et

317 3139 417 3190 motus
442 3140 474 3189 ut
496 3133 628 3213 effectus,
650 3151 707 3194 non
732 3133 834 3196 eadem
858 3135 1047 3205 combinatio,
1072 3133 1124 3194 tibi
1145 3131 1266 3210 quidem
1282 3134 1421 3192 materiae
1444 3140 1474 3191 et
1488 3129 1572 3200 lucis,
1597 3129 1665 3188 mihi

268 3216 269 3220 ’
319 3215 443 3276 duorum
459 3227 616 3294 motuum,
645 3220 717 3280 lucis
741 3217 780 3302 (si
803 3225 854 3284 ite·
869 3217 930 3304 vis)
954 3221 1118 3280 effectuum.
1165 3221 1226 3280 lltsi
1248 3222 1394 3296 quaestio,
1418 3236 1454 3280 an
1478 3226 1578 3276 motus
1600 3215 1664 3294 pla-

316 3313 451 3364 netarum
480 3326 498 3366 a
525 3307 591 3368 luce
614 3307 692 3368 Solis
716 3313 840 3378 oriatur,
874 3317 1001 3368 nonest
1027 3307 1103 3368 adeo
1125 3307 1279 3384 expedita,
1310 3315 1343 3368 nt
1370 3309 1445 3366 inter
1475 3303 1665 3364 fundamenta

315 3393 409 3468 possit
431 3395 550 3454 assumi.
594 3395 658 3472 Ego
682 3397 711 3456 in
734 3395 845 3458 Comm.
870 3393 906 3458 de
928 3396 1056 3454 motibus
1079 3395 1188 3456 Stellae
1204 3395 1306 3456 Martis
1330 3395 1417 3469 inque
1440 3393 1514 3452 libro
1531 3392 1568 3452 V.
1595 3393 1664 3468 lipi-

317 3491 413 3539 tomes
437 3482 645 3544 astronomiae
668 3483 835 3554 demonstro
859 3501 992 3558 eausam,
1021 3501 1097 3558 quae
1121 3484 1254 3558 planetas
1278 3485 1355 3542 eirca
1378 3481 1476 3542 Solem
1499 3480 1576 3556 agit,
1608 3497 1665 3538 non

317 3585 383 3628 esse
404 3568 516 3644 lucem,
546 3569 598 3630 sed
627 3570 738 3646 aliquid
765 3571 824 3630 luci
852 3587 992 3648 perquam
1019 3569 1112 3630 simile
1142 3572 1170 3628 in
1200 3570 1300 3630 multis
1322 3568 1566 3647 proprietatibus,
1601 3566 1665 3626 illos

316 3671 387 3714 vero
410 3665 523 3729 motus,
556 3659 605 3736 qui
628 3658 702 3716 fiurrt
725 3659 940 3717 harmoniarum
964 3655 1133 3716 coelestium
1156 3659 1283 3730 termini,
1315 3657 1432 3715 iormari
1457 3665 1486 3715 et
1509 3657 1623 3714 causari
1648 3673 1665 3712 a

316 3759 459 3803 concursu
483 3746 588 3804 insitae
611 3747 728 3805 virtutis
752 3747 782 3802 in
804 3746 929 3820 planetis
953 3746 1234 3818 eccentricitatisqne
1249 3745 1386 3822 planetae
1402 3762 1421 3802 a
1435 3743 1514 3802 Sole·
1560 3742 1663 3815 ltaque

316 3829 442 3890 tarditas
465 3838 495 3890 et
518 3831 661 3892 velocitas
684 3842 815 3892 motuum
839 3849 1025 3910 nequaquam
1046 3833 1085 3892 ab
1101 3833 1167 3910 ipsa
1182 3831 1246 3892 luce
1269 3849 1324 3896 nec
1344 3833 1382 3890 ab
1401 3849 1437 3890 ea
1452 3847 1550 3901 causa,
1576 3847 1661 3904 quam

316 3917 383 3993 ejus
407 3918 544 3977 comitem
566 3918 641 3992 diri,
671 3924 763 3995 primo
788 3922 891 3992 oritur,
915 3919 967 3979 sed
991 3919 1028 3978 ab
1051 3920 1266 3978 eccentrieitate
1293 3917 1438 3997 planetae.
1484 3917 1550 3976 Tibi
1575 3920 1662 3976 etiarn

316 4003 368 4062 lnx
398 4003 475 4064 idern
504 4005 648 4082 estquod
676 4009 770 4065 torma
798 4014 827 4066 et
849 4009 965 4079 anima,
996 4005 1066 4064 mihi
1093 4014 1191 4066 motus
1214 4005 1396 4082 planetarum
1423 4003 1505 4063 nulla
1532 4004 1662 4078 indigent

316 4093 426 4162 anima,
450 4091 581 4166 indigent
596 4111 667 4153 vero
679 4097 771 4153 torma
786 4111 934 4170 corporea,
954 4111 1029 4168 quae
1045 4095 1179 4153 consistit
1194 4095 1222 4152 in
1239 4093 1318 4152 tibris
1334 4093 1463 4172 corporis
1480 4091 1660 4167 magnetieis.

402 4160 556 4254 Quomodo
592 4183 679 4239 etiam
711 4181 845 4242 diversae
879 4183 1021 4242 crassitiei
1051 4180 1176 4240 chordae
1208 4182 1349 4257 recipiant
1385 4177 1488 4240 codem
1525 4187 1658 4254 respectu

315 4269 510 4342 quantitates,
550 4285 639 4344 snpra
670 4268 845 4345 explicatum
878 4277 932 4329 est.
986 4267 1034 4328 lta
1071 4267 1195 4326 dilutam
1234 4269 1368 4328 existimo
1401 4270 1657 4344 incongruitatem

304 4353 469 4428 .obJectam.
1387 4401 1393 4409 .

402 4440 457 4500 Ad
480 4442 664 4520 Analysin
686 4441 777 4504 XXI.
822 4441 934 4502 Hieta
957 4440 1074 4501 divellis
1096 4449 1208 4502 tartum
1229 4459 1325 4502 meum
1348 4453 1473 4518 eumque
1496 4458 1547 4518 per
1561 4449 1658 4517 partes

315 4527 483 4604 aggrederis
516 4531 653 4590 inermem
683 4537 713 4590 et
734 4532 906 4590 exanimem.
951 4531 1042 4605 Atqui
1066 4537 1124 4597 tres
1148 4529 1248 4589 ordine
1271 4547 1290 4587 a
1312 4537 1342 4590 te
1368 4530 1531 4590 collocatae
1560 4537 1656 4606 partes

315 4621 426 4688 textus,
459 4615 595 4678 videlicet
618 4621 675 4694 a1,
708 4621 748 4676 22
773 4626 802 4677 et
825 4619 864 4676 23
895 4616 1042 4692 conjuncti
1070 4631 1187 4676 sensum
1210 4617 1320 4678 habent
1348 4633 1454 4688 unum,
1486 4615 1656 4691 adduntque

317 4702 420 4759 ceteris
444 4698 673 4778 discriminibus,
698 4721 774 4780 qnae
796 4713 863 4764 sunt
884 4705 961 4766 inter
981 4713 1010 4764 te
1034 4711 1063 4764 et
1085 4721 1148 4778 me,
1172 4721 1262 4764 unum
1285 4707 1418 4782 insuper,
1443 4703 1522 4782 qnod
1544 4703 1654 4763 scilicet

316 4790 348 4851 tu
369 4793 466 4872 partes
488 4791 530 4860 rai
552 4793 711 4876 cujusque,
741 4809 829 4874 quem
858 4808 911 4870 pro
934 4793 1068 4868 subjecto
1091 4791 1260 4853 harmoniae
1290 4791 1440 4866 venditas,
1469 4809 1528 4852 non
1559 4793 1656 4867 aliqua
