3564 5540
611 311 855 372 mammea.
891 311 973 370 uua
988 313 1011 370 1.
1421 321 1480 382 mr
1556 285 1561 290 ’

176 505 247 558 torem
265 496 416 574 proportio.
459 487 613 572 Oportsrot
634 495 723 571 igitur
744 509 803 554 uuo
825 499 894 554 ectu
915 509 1014 554 omncs
1042 511 1093 555 sex
1115 493 1227 556 modies
1249 495 1481 572 proportionales

174 587 298 659 ueremi,
324 587 398 644 ieter
425 583 537 644 scilieet
561 585 577 641 l
601 589 630 642 ot
655 577 726 642 lou·
770 579 908 641 Vicissim
934 583 961 640 si
993 582 1108 642 daretur
1122 578 1180 642 ·1'¹
1207 584 1385 660 quantitate,
1413 590 1482 644 tunc

172 675 230 732 bier
251 673 264 730 l
287 677 315 733 oi
339 667 530 747 lnqulnqnc
551 667 831 732 mediae'csdorout.
876 666 988 744 Quodsi
1009 675 1078 729 tunc
1103 673 1118 729 1
1142 670 1181 729 ad
1207 666 1257 728 1II
1271 675 1348 732 esset
1374 676 1408 730 ut
1429 687 1482 730 cu·

172 761 236 820 biens
254 775 383 818 numerus
406 757 445 818 ud
465 758 607 832 orbicum,
630 764 699 818 tune
720 757 813 834 primo
835 757 972 816 constitui
991 751 1191 833 possent‘uue
1213 765 1281 819 acin
1307 751 1347 815 111
1369 764 1399 817 ot
1423 753 1482 838 Ψ,

171 844 256 906 ento
274 847 344 906 intes
366 842 396 919 1,
428 840 476 920 1¹¹,
510 841 566 919 Pl,
598 840 645 904 ,u
673 845 765 906 tribus
795 843 907 906 actibus
929 850 988 904 tres
1009 842 1123 906 mediae
1144 844 1384 924 proportionales.
1430 845 1482 906 Sin

170 941 249 994 scum
271 928 309 994 ll.
329 932 443 994 dmotur
471 935 649 1010 qumtitats,
680 947 793 1008 rursum
822 947 923 992 omnes
953 937 1078 1009 qustuer
1107 931 1295 994 intermediae
1327 949 1385 994 nne
1414 939 1482 992 actu

169 1023 284 1081 constitui
305 1019 456 1095 deberent,
480 1021 558 1097 quod
581 1019 640 1080 fleri
664 1037 722 1082 neu
744 1026 853 1097 posset,
875 1020 932 1080 uioi
947 1021 976 1078 in
999 1021 1186 1097 proportione
1201 1019 1318 1095 effabili,
1340 1027 1374 1080 ut
1392 1023 1481 1099 prius.

75 1132 77 1142 =
168 1107 253 1170 cuns
273 1107 429 1169 secundum
450 1108 524 1170 baec
544 1107 806 1186 subintelligantur.

236 1194 439 1256 deceruimus
461 1197 557 1274 igitur,
581 1193 717 1274 anslyses
735 1195 811 1260 istas
833 1191 960 1256 cessieas
983 1192 1181 1255 macerasse
1204 1213 1223 1254 a
1244 1197 1388 1271 praesenti
1411 1211 1483 1256 corr-

166 1280 348 1360 iemplsticne,
377 1300 431 1344 nee
451 1283 543 1344 ullum
565 1277 741 1345 constituero
763 1281 886 1362 gradum
906 1283 1060 1358 scientiae,
1093 1298 1159 1344 cum
1181 1283 1218 1342 iis
1248 1282 1484 1365 compartionem,

166 1369 229 1446 qnod
250 1369 457 1448 explicavimus
479 1371 509 1431 in
531 1371 736 1448 superioribus.

233 1456 307 1517 Illud
327 1465 425 1520 sutem
448 1459 541 1520 obiter
562 1457 698 1518 mouendi
713 1463 781 1518 sunt
793 1457 986 1535 metaphysici
1001 1459 1153 1518 occasione
1167 1456 1254 1534 hujus
1271 1439 1387 1517 cessae:
1411 1474 1484 1517 een·

163 1542 283 1620 niceni,
312 1547 338 1606 si
362 1545 432 1623 quid
454 1546 522 1606 binc
555 1554 748 1608 transsumere
776 1546 889 1621 possint
910 1544 950 1605 ad
971 1543 1195 1622 explicationem
1217 1543 1294 1604 illius
1318 1547 1482 1620 triennalis,

164 1647 217 1704 cum
242 1649 301 1693 non
323 1637 400 1698 enus
419 1635 525 1694 eadee
547 1633 691 1694 ἀίοοοιοο
711 1649 769 1694 esse
790 1631 987 1704 medicinales,
1015 1633 1120 1694 nullec
1149 1635 1356 1710 proprietates.
1408 1633 1484 1692 Nom

161 1718 200 1778 bic
218 1719 328 1796 qudem
352 1737 501 1782 versamur
522 1737 576 1780 nos
598 1721 628 1779 in
651 1721 767 1782 ontibus
782 1719 981 1781 seientiaIIbus
997 1725 1027 1781 et
1048 1715 1272 1797 pronunciamus
1294 1727 1381 1795 recte,
1405 1721 1483 1797 qued

161 1804 224 1865 Istus
244 1807 408 1885 sspiangnli
430 1809 470 1869 sit
491 1821 528 1868 ox
550 1825 609 1868 nen
631 1802 754 1881 entibus,
777 1813 849 1890 puta
872 1806 1080 1869 scientialibus.
1120 1805 1192 1867 Cum
1215 1809 1291 1868 enim
1313 1809 1352 1868 sit
1373 1809 1484 1885 impes·

160 1892 238 1953 sibiIis
262 1893 325 1972 ojus
345 1895 475 1956 formalis
490 1895 655 1972 descriptio,
677 1913 771 1973 neque
793 1895 881 1970 igiter
901 1896 968 1956 sciri
989 1901 1087 1972 petest
1108 1901 1237 1956 amento
1259 1894 1395 1969 humans,
1419 1913 1484 1956 cum

160 1981 281 2044 scientiae
295 1981 521 2061 possibilitatem
535 1983 692 2060 praecedat
706 1983 907 2060 descriptionis
921 1981 1111 2059 possibilitas,
1134 1998 1229 2060 usquo
1250 1983 1340 2068 scitur
1354 2001 1372 2042 a
1387 1990 1484 2045 monte

159 2069 284 2130 emuiseia
312 2078 382 2131 actu
413 2071 547 2147 simplici,
561 2077 695 2130 aeterne:
723 2071 996 2147 quiescentium
1018 2085 1053 2130 sx
1075 2069 1257 2132 inscibilibus
1280 2078 1333 2130 set.
1379 2070 1417 2130 Et
1438 2078 1485 2131 tc-

158 2173 212 2214 msn
233 2157 318 2234 bujns
340 2173 400 2217 non
422 2160 496 2218 snite
518 2157 675 2218 scientialia
698 2165 764 2244 suci
787 2157 902 2233 aliquae
924 2156 1317 2234 proprietatosscisntialee,
1346 2163 1485 2234 tanquam

157 2245 224 2306 ontis
249 2244 466 2311 conditionalia.
512 2245 545 2305 Si
566 2248 643 2305 enim
671 2251 778 2306 esset
799 2244 1004 2320 septangulum
1034 2239 1208 2322 descriptum
1235 2246 1264 2304 in
1285 2245 1409 2320 circulo,
1425 2245 1485 2315 ¹ls-

157 2337 234 2390 ierum
256 2333 319 2410 ojus
341 2336 489 2410 proportio
504 2331 586 2393 telos
608 2332 729 2396 bobsiet
751 2331 927 2392 affectiones.
972 2330 1105 2392 unicust
1125 2330 1323 2411 monuisso.*)
1381 2343 1385 2364 ¹

228 2419 302 2481 Sunt
328 2427 361 2480 ct
391 2421 468 2480 aliae
490 2422 702 2499 propesitIcnoe
723 2419 815 2480 ialseo
843 2425 1056 2494 geometrarum
1085 2419 1121 2480 do
1150 2419 1289 2481 latoribus
1317 2419 1485 2502 hujusmodi

155 2503 312 2583 murum,
348 2507 400 2568 eod
423 2524 496 2585 quas
517 2507 565 2568 vel
587 2498 655 2585 ipsa·
675 2507 807 2568 solertior
828 2507 996 2600 mechanica
1019 2507 1139 2580 refutet,
1163 2523 1227 2568 enm
1246 2515 1347 2568 tamen
1365 2507 1484 2568 mocbs·
1538 2527 1542 2537 ·

155 2595 222 2653 nicos
255 2613 347 2656 caesa
369 2594 560 2656 obtrudantur
583 2595 744 2671 juventuti:
774 2601 808 2653 ut
829 2611 894 2654 curn
925 2595 1091 2671 septanguli
1120 2595 1197 2656 latus
1220 2595 1271 2654 ΑΟ
1301 2595 1339 2655 ab
1362 2595 1484 2656 siberto

155 2677 255 2742 llorere
277 2685 396 2760 ponitm
423 2682 545 2760 aequale
573 2681 731 2743 semilateri
754 2682 896 2758 trigouicc
918 2679 970 2742 AB
993 2681 1123 2759 ejusdem

153 2768 248 2828 circuli
283 2771 353 2831 Hes
376 2787 443 2830 vero
465 2772 586 2830 nimlum
613 2770 711 2846 breve
724 2784 797 2840 esse,
830 2769 884 2829 otei
905 2767 955 2830 vel
969 2770 1034 2848 ipsa
1056 2787 1117 2829 me·

151 2853 261 2919 cbanica
274 2858 371 2931 dccet,
394 2864 492 2920 umen
512 2875 549 2918 ne
571 2859 619 2918 cui
641 2859 772 2933 imponat
793 2857 1030 2935 experimontstio
1053 2875 1116 2918 ma·

1288 2831 1319 2892 A

151 2946 241 3005 nmen
261 2947 390 3028 nimium,
407 2945 495 3020 rudis,
516 2946 541 3006 ls
563 2944 611 3006 vel
625 2943 682 3030 hac
698 2944 764 3006 sols
776 2945 997 3006 redecimatione
1010 2943 1116 3006 ialsnm
1146 2910 1292 3023 ,es
1316 2912 1411 3025 Χ
1463 2929 1466 2940 ’

150 3038 208 3091 ants
244 3051 386 3115 mannum
419 3031 716 3095 accommodationem
755 3029 969 3110 deprehendero
1002 3033 1115 3110 peterit

150 3115 326 3195 Irigcuienm
350 3119 426 3204 latus
448 3139 485 3182 ex
506 3137 626 3180 numere
640 3117 811 3197 angulorum
827 3121 964 3204 probatur
987 3137 1051 3182 esee
1072 3119 1117 3180 oi·
1158 2920 1297 3299 (l
1314 2924 1435 3338 N

1163 3264 1178 3327 l

1205 2783 1210 2792 .
1252 2731 1348 2800 llis-'dt

150 3203 229 3269 iabito
250 3210 399 3288 petentia,
429 3225 519 3285 quare
549 3209 592 3268 sic
613 3209 701 3267 etiam
731 3207 794 3284 ojus
817 3205 983 3280 tumtunm,
1010 3207 1118 3284 hepta-

148 3295 208 3368 geii
227 3295 307 3356 latus
330 3312 389 3355 nen
412 3302 456 3356 ssi
478 3295 594 3356 effabile
615 3296 755 3374 petentis,
778 3311 813 3354 oc
833 3297 898 3373 ipsc
921 3295 990 3370 quia
1012 3294 1119 3370 bepta·
1177 3318 1187 3335 ⁴
1407 3352 1413 3365 ,

148 3391 240 3455 sonna·
260 3389 309 3444 est
332 3391 361 3444 ot
390 3385 459 3460 quia
487 3391 599 3461 septem
627 3399 722 3460 nequo
746 3399 797 3442 sex
819 3389 896 3454 sunt
915 3398 1010 3457 nequo
1025 3383 1120 3458 puin·
1178 3342 1267 3458 N„
1359 3381 1413 3450 s·

148 3485 196 3543 que
223 3465 320 3550 nsque
342 3472 406 3530 tria
450 3471 570 3531 Numeri
591 3471 668 3531 onim
683 3471 775 3548 primi
796 3471 919 3548 gignunt
940 3470 1062 3546 species,
1090 3477 1122 3529 at

148 3559 250 3634 speeies
282 3565 352 3618 sunt
381 3557 686 3626 incommensurabiles
709 3560 783 3616 iuter
806 3575 853 3630 so,
885 3572 939 3617 nec
960 3573 1018 3616 uua
1041 3564 1086 3617 est
1107 3558 1174 3619 alta.

224 3645 269 3706 Do
297 3645 394 3707 Caroli
416 3645 541 3705 Mariani
556 3637 766 3706 ¹Cremonensis
794 3652 827 3705 ot·
846 3643 994 3704 Francisoi
1017 3643 1161 3706 Flussotls
1184 3645 1347 3708 Oandsllae
1368 3647 1486 3726 parale-

146 3731 240 3807 gismis
263 3736 342 3794 circa
373 3732 570 3815 heptagonum
598 3732 667 3793 vide
690 3730 757 3795 cnr.
782 3731 916 3793 Clarium
939 3729 1125 3816 Geometrise
1147 3734 1297 3798 Praetioao
1325 3735 1376 3798 lib.
1401 3733 1485 3795 VIII.

148 3835 222 3898 prop.
247 3823 301 3881 30.
325 3822 405 3880 etin
428 3823 641 3906 commentariis
664 3821 694 3879 in
715 3818 846 3881 Euclidls
868 3819 919 3880 lib.
942 3819 995 3880 IV.
1020 3839 1060 3898 pr.
1087 3822 1136 3881 16.

225 3907 374 3968 Excitavit
402 3908 475 3972 baec
507 3909 652 3988 palaestra
680 3910 768 3968 etism
797 3907 1028 3970 illustrissimum
1056 3907 1093 3967 D.
1116 3909 1315 3970 Marchieuom
1346 3909 1383 3971 ds
1405 3907 1487 3968 Mola

145 3990 248 4077 Spina,
279 3995 410 4072 legatum
439 4013 516 4056 anne
549 3997 641 4058 1614.
673 3993 754 4057 Sorlu
784 3996 876 4056 Ducis
904 3992 1071 4057 Parmensis
1105 3995 1146 4058 ad
1176 3996 1274 4059 aulem
1288 3995 1486 4068 ,Caesaream

144 4084 190 4155 qni
212 4083 422 4160 diagrammate
445 4085 679 4160 ingeniosissimo
703 4097 803 4145 emnos
825 4084 955 4144 omnium
971 4081 1179 4162 descriptiones
1201 4083 1360 4162 superavit,
1384 4086 1486 4144 existi·

144 4186 236 4244 mans,
261 4171 431 4231 subtcnsem
453 4166 509 4252 'lu
533 4170 636 4230 circuli.
654 4161 808 4248 aequalem
830 4189 895 4232 esse
916 4167 959 4252 Ἃ
981 4169 1188 4233 semidiametri
1216 4179 1246 4231 ot
1275 4173 1318 4232 sic
1340 4171 1485 4234 effabilem

143 4253 339 4336 longitudine:
363 4257 618 4318 demonstrationis
632 4267 789 4338 apparatus
803 4266 904 4320 tantae
918 4259 974 4320 init
995 4258 1141 4338 solertiae,
1165 4265 1198 4321 ut
1211 4257 1260 4320 vol
1275 4261 1370 4337 ipsum
1385 4259 1485 4322 snut-

145 4342 207 4405 dom
231 4346 346 4422 lateret,
369 4353 530 4406 assumtum
553 4344 663 4423 aliquid
687 4346 778 4408 tubae
799 4346 1066 4409 indemonstratum.

141 4455 352 4467 -a-——a-

219 4497 243 4550 *l
260 4499 323 4540 Base
333 4495 366 4539 'ne
379 4499 510 4549 blasphemo
525 4499 585 4540 diets
601 4501 715 4551 patentur.
738 4501 810 4541 omisit
824 4509 893 4552 posse
909 4501 999 4544 esusrut
1019 4500 1139 4544 smloerom
1160 4507 1230 4548 cuns,
1252 4499 1407 4546 mstbsmstnm
1428 4503 1484 4552 perl-
1513 4501 1516 4506 '

143 4549 251 4594 ttrslmns.
280 4552 350 4602 Atqui
371 4551 427 4592 nibli
442 4557 478 4592 ost
492 4553 608 4600 retentus
622 4552 680 4603 opud
694 4552 824 4604 tboelo'gos,
846 4565 910 4604 quarn
923 4551 1071 4602 tmpesstnuta
1085 4562 1150 4601 esso,
1172 4563 1228 4603 quse
1242 4553 1439 4596 coutrcdlctloncm
1452 4555 1484 4594 in·

145 4605 251 4645 solvunt:
273 4609 298 4647 st
311 4605 356 4645 Det
369 4605 486 4646 seleutiam
498 4605 528 4652 ‚ed
542 4607 597 4646 talla
609 4605 761 4655 impessIbllls
775 4617 800 4646 so
814 4615 857 4648 ocu
871 4605 1010 4654 extendero,
1026 4606 1158 4654 pracsertim
1178 4615 1226 4654 cnm
1240 4605 1282 4647 bae
1295 4605 1398 4656 formatos
1413 4617 1485 4646 rerum

145 4659 327 4706 ueometrlcsrnm
340 4657 438 4710 rstlcnos
453 4658 509 4698 ulbil
524 4660 571 4700 slut
584 4658 659 4706 aliud,
674 4663 738 4708 quani
753 4659 803 4708 ipsa
817 4659 917 4700 essendo
929 4656 986 4706 Doi3
1007 4657 1060 4706 ecte
1073 4658 1178 4709 quicquit
1193 4659 1216 4698 lu
1231 4659 1279 4700 Deo
1293 4663 1329 4700 ost
1343 4660 1371 4699 ab
1384 4662 1483 4708 actmnc,

144 4709 165 4748 tel
180 4710 353 4757 custodivisse
367 4713 402 4750 ssi
415 4711 516 4752 errantis
528 4712 619 4756 divina:
634 4713 696 4752 sosst
710 4711 780 4760 igitur
794 4721 819 4752 ss
832 4713 906 4762 lpsnm
919 4709 1077 4762 qoetsmmoto
1093 4711 1159 4752 allum
1168 4711 1234 4761 sciro,
1249 4723 1313 4764 quem
1328 4715 1372 4758 ssi,
1387 4711 1414 4762 si,
1429 4721 1486 4761 eccs

145 4766 196 4853 dm
208 4761 525 4858 lucoauffimilwirst
539 4769 564 4806 nt
577 4761 776 4806 oemmuutmbiite.
798 4763 828 4804 nt
842 4774 899 4814 quas
911 4765 966 4805 baso
985 4761 1099 4814 adulatio,
1112 4767 1203 4816 prepter
1217 4765 1333 4816 imparties
1348 4763 1428 4806 librum
1441 4771 1485 4805 non

154 4819 240 4857 uteros
269 4827 282 4857 s
475 4826 493 4858 s.
