3564 5540
249 351 309 414 160
506 411 510 418 ,
780 348 823 403 De
841 343 1064 416 Proportionibus

355 525 440 587 Haec
461 531 529 586 suut
550 524 602 586 ills
623 523 713 602 vulgo
736 524 884 586 celebrata
906 525 964 585 duo
988 531 1091 585 cantus
1112 543 1233 602 genera,
1257 536 1286 588 et
1308 531 1388 606 prior
1410 527 1530 606 quidem
1554 529 1602 590 di-

247 617 321 675 citnr
344 620 478 674 cantus
499 611 648 686 mollis,
672 615 742 689 quia
757 616 945 674 inveniuntur
959 616 988 670 in
1004 629 1039 673 eo
1055 612 1189 674 ordinata
1210 616 1248 675 ab
1270 619 1331 676 ima
1348 633 1422 677 voce
1445 615 1604 678 intervalla

247 705 334 763 tertia
356 710 500 776 etsexta,
522 697 639 774 moiles3
662 703 806 777 posterior
830 720 899 761 vero
922 712 1056 760 carinus
1080 701 1211 781 durus,
1241 703 1279 763 ab
1311 703 1444 780 ejusdcm
1467 704 1604 764 denomi-

247 791 375 850 nationis
397 787 571 860 iuterrallia,
595 786 698 848 eodem
720 786 786 848 loco
809 791 977 866 systematis
992 799 1116 848 oemvae
1132 789 1281 864 ordinatis,
1305 809 1430 867 quorum
1450 794 1604 851 nominum

247 881 322 938 ratio
345 876 423 936 diota
446 885 491 936 est
513 877 608 951 eapite
632 877 660 934 5.
685 873 888 951 praecedente.
935 874 1188 951 Quemadmodum
1210 881 1287 938 enim
1301 879 1370 946 ‚illic
1393 875 1435 962 is,
1458 879 1526 939 loeo
1543 883 1601 938 imo

247 983 306 1026 non
328 964 397 1024 tulit
422 962 479 1046 is„
509 964 551 1022 sic
571 962 633 1034 jam
655 963 704 1022 laic
727 961 766 1043 Ἰὁ
789 981 847 1024 non
870 963 923 1023 lert
947 960 1005 1044 il„
1025 968 1102 1058 kqnia
1134 972 1240 1024 natura
1263 975 1366 1026 cantus
1389 969 1523 1026 concinni
1557 984 1603 1028 re-

249 1055 339 1130 quirit
361 1052 426 1126 hcc,
449 1060 486 1134 ut
505 1051 591 1111 tertia
614 1067 680 1109 cum
702 1059 786 1109 sexta
808 1051 897 1112 iaciat
919 1053 1076 1127 perlectam
1100 1060 1233 1128 quartam
1256 1071 1308 1112 seu
1332 1054 1524 1113 diatessaron.

334 1137 412 1199 Hinc
433 1139 522 1214 igitur
544 1147 667 1214 apparet
688 1138 831 1198 naturalis
853 1155 938 1217 sepes
961 1139 1111 1215 utriusque
1125 1143 1249 1215 generis.
1293 1140 1369 1200 Nam
1389 1158 1454 1201 curn
1471 1145 1499 1199 in
1515 1149 1605 1201 cantu

249 1223 332 1289 molli
351 1229 392 1286 sit
415 1228 473 1285 imo
496 1224 561 1285 loco
584 1219 634 1310 ⁵l„
658 1229 688 1284 in
711 1225 783 1285 duro
807 1223 845 1307 ⁴l5
869 1235 899 1286 et
921 1224 1082 1285 differentia
1104 1229 1263 1303 utriusque,
1286 1228 1399 1288 seilicet
1419 1228 1508 1288 diesis
1532 1224 1605 1311 Ἃ

249 1333 309 1376 uon
333 1316 373 1374 sit
395 1331 432 1372 ex
454 1313 603 1373 concinnis
627 1313 796 1386 ordinariis,
824 1331 876 1391 per
898 1321 987 1390 caput
1009 1315 1043 1386 4,
1075 1331 1144 1390 ergo
1168 1331 1227 1373 non
1247 1322 1386 1392 poterunt
1407 1316 1512 1377 eadem
1535 1331 1606 1374 carr-

247 1411 296 1464 tua
320 1400 461 1462 naturalis
483 1403 558 1460 serie
581 1401 769 1460 simulatura
793 1403 851 1460 imo
873 1401 940 1461 loeo
964 1398 1005 1484 ⁴),
1030 1409 1060 1458 et
1075 1397 1126 1482 is„
1149 1401 1201 1461 sed
1224 1412 1356 1463 assumta
1371 1399 1414 1484 ⁴l,
1437 1405 1525 1464 tertia
1541 1415 1606 1462 ma·-

247 1490 322 1567 Jore,
347 1487 435 1550 debet
455 1487 509 1547 iila
530 1489 595 1548 vice
617 1487 737 1548 exulare
759 1490 798 1546 ab
820 1491 880 1548 imo
901 1487 968 1548 loco
991 1487 1039 1569 il„⁸
1064 1499 1115 1546 aut
1137 1488 1193 1549 hac
1214 1499 1332 1568 recepta
1347 1489 1511 1551 extruditur
1533 1489 1603 1564 illa;

248 1579 300 1638 ubi
324 1573 365 1658 *le
395 1576 486 1635 trehit
506 1591 606 1635 secum
631 1571 685 1658 ³l„
717 1583 747 1636 et
767 1570 808 1658 ⁸l⁰
836 1575 926 1636 trahit
954 1591 1052 1635 secum
1075 1571 1114 1655 il,
1143 1586 1256 1636 sextam
1281 1579 1432 1638 minorem.
1457 1577 1605 1639 'Rursum

248 1674 349 1726 autem
373 1661 432 1724 hoc
452 1663 606 1724 discrimen
628 1665 781 1740 utriusque
803 1665 918 1740 generis
939 1662 1108 1723 harmoniae
1131 1662 1213 1724 Deus
1236 1667 1298 1742 ipse
1328 1669 1358 1724 in
1386 1665 1516 1727 motinus
1539 1665 1606 1744 pia·

249 1761 382 1814 netarum
405 1752 563 1830 expressit,
588 1756 621 1809 ut
642 1749 716 1810 libro
743 1750 778 1809 V.
801 1749 964 1810 audiemus.

336 1839 383 1899 De
413 1848 545 1899 veterum
574 1838 668 1897 tribus
697 1837 758 1897 illis
787 1839 957 1914 generibus,
992 1853 1115 1914 quorum
1144 1837 1218 1898 haee
1245 1841 1377 1899 nomina:
1412 1839 1605 1912 diatonicum,

250 1927 476 2000 chromaticum,
507 1925 739 1998 enharmonium,
771 1924 819 1985 hic
851 1925 984 1985 consulto
1014 1926 1190 2001 supersedeo
1217 1927 1330 1998 dicere,
1360 1945 1397 1986 nc
1426 1926 1606 1986 confundam

249 2015 398 2077 lectorem.
444 2013 546 2072 Possis
569 2020 665 2073 tamen
690 2012 869 2073 diatonicum
892 2015 1075 2090 interpretari
1102 2022 1220 2072 cantum
1250 2014 1368 2089 durum,
1396 2013 1609 2076 chromaticum

253 2113 372 2164 cantum
394 2101 529 2174 mollem,
559 2109 610 2160 aut
640 2099 803 2160 diatonicos
826 2101 945 2178 quidem
972 2099 1117 2176 singulos,
1152 2100 1359 2161 chromaticum
1385 2118 1453 2162 vero
1483 2105 1606 2162 mixtum

250 2209 288 2253 cx
310 2191 382 2252 duro
405 2200 436 2249 at
457 2187 548 2249 molli.
592 2187 822 2248 Enharmonium
845 2204 914 2248 vero
937 2187 1011 2247 nihil
1033 2187 1123 2247 habet
1144 2188 1329 2265 respondens·
1354 2194 1381 2246 in
1405 2197 1494 2249 cantu
1516 2199 1608 2248 netu·

250 2279 318 2355 rali;
342 2281 371 2337 in
393 2276 492 2337 usuali
514 2293 583 2337 vero
606 2278 720 2336 musica
733 2268 918 2366 ,respondent
940 2274 983 2334 illi
1005 2274 1219 2352 quadamtenus
1247 2278 1428 2337 vibrationes
1443 2278 1527 2336 recia
1551 2277 1608 2336 hu·

251 2383 372 2439 manae,
395 2372 502 2426 tremor
524 2381 717 2440 organorum,
743 2363 925 2424 mordentiae
949 2365 978 2420 in
1000 2361 1107 2422 fidibus
1130 2363 1281 2440 pandurae
1304 2370 1332 2424 et
1355 2365 1473 2430 similia.

338 2452 415 2512 Vide
443 2469 520 2530 quae
549 2450 584 2512 de
612 2450 658 2511 his
689 2452 845 2528 generibus
875 2452 950 2510 infra
972 2450 1155 2527 disputamus
1185 2453 1214 2511 iu
1237 2452 1400 2530 appendice
1432 2450 1471 2512 ad
1495 2459 1610 2512 testum

251 2541 424 2604 Ptolemaei.

814 2771 956 2844 carm
983 2771 1051 2842 vn.
1124 2723 1128 2731 ’

251 2955 300 3014 De
322 2952 487 3026 plenaria
510 2951 671 3008 sectione
693 2953 789 3010 nnius
808 2959 951 3010 octavae
975 2953 1009 3010 in
1032 2959 1179 3023 atroque
1203 2967 1326 3022 genere
1349 2958 1483 3024 cantus,
1510 2958 1545 3009 at
1572 2951 1611 3008 de

560 3040 684 3097 ordine
710 3041 861 3098 naturali
887 3041 1123 3097 concinnerum
1150 3039 1301 3094 omniurn.
1344 3103 1348 3112 Ι

340 3223 433 3300 Igitur
455 3223 597 3282 hactenus
619 3227 724 3280 natura
745 3221 811 3297 ipsa
833 3218 970 3286 ostendit,
995 3220 1023 3276 in
1047 3225 1133 3278 cantu
1148 3219 1229 3280 molli
1252 3221 1368 3280 tertium
1393 3221 1431 3280 ab
1447 3220 1521 3279 infra
1539 3237 1613 3281 con·

254 3315 372 3374 cinnum
404 3326 468 3372 esse
499 3315 600 3368 tonum
630 3309 769 3367 minorem
802 3301 871 3390 ⁹],0,
905 3314 1053 3382 quartum,
1085 3317 1184 3366 tonum
1211 3307 1352 3385 maJ'orern
1374 3301 1432 3388 ⁸l9,
1465 3309 1613 3385 qrrintum,

190 3417 193 3424 ⁴
254 3399 443 3460 semitonium
478 3391 562 3479 ¹⁵l„,
590 3398 619 3454 in
650 3406 738 3454 cantu
766 3411 836 3454 vero
867 3394 939 3453 duro
967 3397 1083 3453 tertium
1112 3393 1150 3452 ab
1180 3395 1252 3455 inira
1281 3391 1366 3478 Ἢ,
1398 3407 1535 3471 quartum
1558 3391 1612 3478 Ἃ,

254 3489 389 3565 quintum
413 3479 478 3568 ⁹1„
523 3483 648 3542 Restant
670 3485 699 3541 in
721 3490 846 3559 utroque
869 3499 974 3560 genere
998 3491 1100 3541 cantus
1123 3480 1220 3542 adhuc
1237 3485 1340 3542 tertiae
1356 3483 1452 3555 birsae,
1475 3483 1613 3559 singulae

256 3577 384 3635 minores
413 3563 444 3632 et
472 3569 605 3646 singulae
627 3570 770 3646 majores,
800 3587 877 3647 quae
906 3569 1031 3631 necdum
1059 3575 1126 3628 sunt
1160 3569 1273 3630 divisae
1295 3577 1362 3630 actu
1386 3586 1438 3646 per
1460 3573 1611 3631 sectiones

254 3660 382 3723 chordae
404 3658 553 3718 naturales
577 3659 606 3716 in
629 3657 774 3717 elementa
796 3659 917 3717 minima
939 3661 1091 3718 concinna.

340 3746 470 3807 Primum
492 3734 659 3818 rideamus,
688 3747 716 3803 in
740 3762 816 3822 quae
838 3748 981 3805 concinna
1002 3747 1116 3822 possint
1138 3742 1189 3803 illa
1211 3742 1317 3818 dividi,
1346 3743 1452 3805 deinde
1476 3761 1537 3820 quo
1563 3763 1612 3805 or·

252 3837 321 3900 dlne
344 3832 516 3896 collocanda
537 3833 597 3892 sint
618 3831 743 3908 singula.

339 3922 420 3984 Satis
441 3930 540 3981 autern
563 3928 669 3980 natura
691 3919 789 3992 docet,
820 3919 844 3977 si
868 3919 1014 3996 possimus
1038 3917 1088 3978 illa
1112 3917 1243 3978 dividere
1275 3920 1303 3977 in
1327 3918 1430 3978 eadem
1453 3917 1610 3992 elementa,

254 4029 291 4073 ex
313 4011 421 4089 qulbus
443 4007 586 4069 hactenus
607 4007 735 4068 vidimus
757 4015 904 4080 constare,
932 4013 1037 4065 natura
1060 4013 1255 4080 monstrante,
1287 4006 1470 4066 diatessaron
1500 4023 1611 4066 conso·

253 4101 380 4172 nuntias,
401 4111 461 4156 non
484 4094 590 4156 debere
612 4111 666 4156 noa
689 4097 731 4155 uti
754 4093 829 4167 aliis,
853 4111 975 4170 quarum
999 4093 1133 4169 exempla
1154 4102 1259 4153 natura
1281 4101 1505 4154 nonmonstrat.
1545 4093 1612 4152 Do-

258 4193 304 4245 cet
326 4187 414 4262 igitur
435 4181 628 4258 arithmetica,
653 4179 692 4264 ‘l⁵
716 4189 849 4242 constare
872 4198 907 4240 ex
929 4175 973 4264 ⁸),
995 4189 1024 4239 et
1046 4176 1115 4261 ⁹l„,
1144 4183 1187 4240 sic
1210 4177 1248 4263 il,
1271 4199 1306 4240 ex
1329 4177 1369 4262 El„
1392 4188 1421 4241 et
1448 4176 1525 4264 lil„.
1564 4181 1609 4240 En

257 4271 361 4332 eedem
383 4272 539 4344 concinna,
568 4287 644 4347 quae
675 4277 705 4329 et
727 4269 878 4328 hactenus.
924 4265 1011 4344 Quod
1039 4271 1095 4326 nisi
1118 4267 1299 4328 ordinaveris
1328 4271 1388 4328 imo
1411 4267 1478 4328 loco
1506 4271 1612 4329 tertiae

255 4359 396 4435 cujusque
419 4359 563 4417 inferioris
585 4365 685 4416 tonum
708 4355 865 4432 majorem,
897 4371 956 4415 non
978 4357 1085 4431 poterit
1114 4375 1178 4416 esse
1211 4355 1321 4416 chorda
1343 4373 1403 4415 nna
1431 4357 1460 4414 in
1484 4363 1610 4432 utroque

254 4460 362 4521 genere
384 4453 497 4506 cantus.
542 4442 575 4503 Si
603 4447 680 4504 enim
710 4445 739 4502 in
763 4450 853 4502 canto
873 4442 954 4502 molli
981 4459 1040 4503 non
1063 4447 1173 4521 poteris
1197 4445 1255 4504 irno
1278 4443 1343 4504 loco
1375 4460 1484 4522 ponere
1507 4453 1611 4504 tonum

254 4531 409 4607 majorem,
441 4536 555 4608 oportet
585 4533 674 4608 tgitur
706 4539 740 4591 ut
767 4531 807 4590 ibi
838 4529 964 4592 collocas
997 4534 1183 4591 semitonium
1219 4528 1297 4614 ¹⁵lffi,
1335 4535 1405 4608 qnia
1441 4531 1518 4590 lrnec
1551 4530 1610 4592 duo

256 4617 321 4678 sola
343 4619 442 4677 insunt
464 4621 493 4676 tu
516 4619 671 4680 intervallo
695 4613 734 4700 ⁵!ss
758 4617 893 4677 indiviso.
940 4618 974 4678 In
996 4617 1067 4678 duro
1096 4629 1197 4679 contra
1226 4627 1303 4678 esset
1331 4617 1523 4678 collocandus
1551 4623 1611 4680 imo

255 4703 321 4766 loco
344 4712 431 4764 tonus
454 4705 562 4778 minor,
592 4703 758 4783 quiaillud
781 4722 940 4766 consonum
963 4702 1135 4782 indivisum,
1163 4705 1276 4766 seilicet
1298 4707 1383 4768 tertia
1404 4707 1518 4781 neojur,
1552 4724 1612 4766 non

256 4791 346 4855 habet
367 4791 562 4867 semitonium,
586 4793 665 4869 quod
688 4801 777 4854 antea
799 4795 829 4852 in
850 4793 933 4853 molli
954 4793 1122 4869 ponendum
1145 4794 1247 4855 luisset
1267 4797 1326 4854 imo
1343 4793 1425 4871 loco;
1449 4797 1494 4856 ita
1508 4793 1614 4858 tierent
