3480 5548
617 377 645 433 in
662 373 836 452 ldmmoniam
852 375 955 434 Mundi.
1421 382 1460 444 19

114 553 162 614 hic
184 551 273 616 dictis
295 556 448 634 appositis:
484 555 588 633 ,Vale
632 557 689 620 Die
712 559 741 619 9.
765 557 838 620 Dec.
865 557 978 633 lew,
1007 557 1063 618 nisi
1086 573 1239 638 neumare·
1256 554 1346 634 ralis,
1377 553 1474 636 Kep·,

114 640 208 704 lerum
229 642 369 720 libellum,
391 650 548 722 antequam
570 643 608 706 ad
629 645 715 708 linem
737 645 830 724 proeli
851 647 1041 724 pervenisset,
1062 644 1190 706 Fluddio
1212 647 1418 707 transmisisse.

209 747 257 809 De
271 747 328 809 hoc
342 747 459 808 Fluddii
474 748 574 811 libello
588 767 683 828 pauca
698 750 840 812 habemns
855 768 931 826 quae
947 749 1085 810 dicamus.
1108 750 1225 812 Priores
1239 752 1346 828 repetit
1360 751 1462 827 objur-

115 834 249 910 gationes
271 853 379 914 magna
400 855 436 898 ex
458 843 554 915 parte,
586 839 659 898 nihil
680 841 766 913 novi,
799 839 878 914 quod
908 846 1069 899 memoratu
1097 837 1218 916 dignum
1245 841 1300 914 sit,
1331 839 1463 900 afferens.

115 918 255 983 Oratione
277 929 377 1000 utitur,
406 927 432 986 si
447 919 548 986 'totum
570 929 765 1004 spectaretis,
796 926 986 1002 modestiore,
1009 944 1187 1004 quamquam
1210 927 1306 988 elucet
1327 943 1465 988 nonnun-

116 1025 204 1086 qnam
227 1013 341 1073 animus
365 1012 480 1090 Anglici
503 1013 656 1091 theosophi
680 1032 700 1074 a
719 1013 849 1091 Keplero
880 1015 1058 1076 vulneratus.
1112 1013 1297 1094 Quantopere
1319 1005 1484 1094 Keplerus¹

116 1095 151 1157 dc
173 1099 383 1162 mathematica
405 1109 435 1162 et
456 1105 634 1163 astronomia
657 1105 801 1175 meruerit,
824 1105 918 1179 magis
937 1119 1025 1180 quam
1048 1111 1135 1164 antea
1157 1121 1328 1180 agnoscens,
1351 1106 1412 1164 suis
1429 1103 1465 1164 de

115 1186 226 1247 mundo
249 1191 379 1267 mysticis
402 1191 589 1268 opinionibus
610 1189 677 1268 plus
700 1205 788 1267 quam
802 1189 923 1268 Kepleri
938 1191 1075 1268 operibus
1096 1191 1205 1253 tribuit.
1236 1191 1310 1252 (lum
1324 1189 1466 1252 nonnulla

116 1291 152 1334 ex
173 1259 393 1355 hochsspocsc
416 1275 655 1339 adnotationibus
678 1280 716 1338 ad
738 1277 858 1356 Kepleri
881 1279 1057 1357 apologiam
1084 1295 1138 1356 suo
1168 1279 1234 1340 loco
1264 1279 1465 1357 adjecerimus,
1525 1285 1527 1294 ‘
1553 1327 1554 1332 ,

116 1379 220 1440 pauca,
246 1382 322 1442 quae
345 1367 375 1426 iu
395 1365 454 1427 dne
476 1367 623 1444 leguntur,
645 1366 746 1428 aliene
767 1366 858 1428 lubet.

217 1467 366 1550 Keplerus
389 1469 500 1531 dixerat
522 1473 551 1528 in
573 1488 693 1531 numero
710 1473 767 1531 26:
801 1469 873 1531 mihi
894 1474 1034 1550 mysteria
1056 1480 1108 1531 tua
1129 1469 1269 1549 perplexa
1290 1477 1359 1531 sunt
1381 1471 1467 1549 culpa

117 1563 168 1618 tua
188 1564 379 1636 tuorumque,
410 1576 484 1636 quos
506 1557 625 1634 laudas,
647 1576 749 1620 roseae
773 1561 865 1619 crucis
887 1561 1015 1636 fratrum,
1039 1561 1090 1636 qui
1112 1559 1227 1636 lugiunt
1250 1557 1288 1620 ad
1310 1557 1416 1620 salices
1438 1566 1468 1620 et

118 1662 149 1705 se
172 1649 294 1728 cupiunt
317 1653 404 1708 autea
425 1646 527 1708 videri.
558 1646 605 1706 sd
628 1646 701 1707 haec
724 1645 883 1706 Fluddius:
909 1651 1020 1707 Fratres
1037 1666 1132 1706 roseae
1152 1651 1193 1705 Cr.
1211 1648 1328 1720 majores
1346 1649 1468 1720 profecto

117 1735 193 1800 sunt,
213 1745 296 1799 quam
313 1731 412 1800 quibus
429 1729 621 1787 malevolorum
639 1728 783 1800 opprobria
800 1745 897 1786 nocere
916 1731 1029 1801 possint.
1069 1729 1092 1785 0
1110 1745 1191 1798 quam
1209 1745 1322 1800 corpore
1340 1729 1469 1786 robustus

118 1807 332 1878 smetloannes,
351 1825 431 1880 quam
450 1808 547 1880 spiritu
561 1815 659 1880 potens
679 1815 706 1863 et
724 1807 811 1878 sortis,
830 1809 876 1877 qui
894 1809 992 1866 iratres
1004 1811 1063 1877 hos,
1081 1807 1256 1877 philosophia
1268 1814 1296 1866 et
1306 1807 1470 1879 theosophis
1587 1869 1588 1874 .

119 1889 360 1960 eminentissimos,
385 1889 444 1946 solo
470 1906 519 1946 suo
537 1896 606 1946 nutu
620 1895 744 1958 cogeret,
772 1888 848 1944 utin
866 1889 1010 1960 hominum,
1029 1889 1208 1958 frequentiam
1226 1879 1375 1959 prodirent.
1410 1888 1469 1943 Imo

119 1985 179 2028 raro
199 1985 251 2028 nec
268 1970 319 2027 tibi
335 1986 386 2026 neo
403 1969 468 2024 mihi
486 1969 642 2026 obedientes
660 1968 813 2037 neminique
831 1969 884 2024 nisi
896 1971 948 2024 soli
959 1973 1017 2026 Deo
1039 1967 1155 2038 subjecti
1167 1967 1194 2023 in
1205 1968 1344 2041 publicum
1361 1968 1470 2039 prodire

119 2057 146 2106 et
156 2051 260 2106 mundo
278 2067 308 2106 sc
326 2050 446 2108 revelare
464 2067 513 2107 suo
528 2057 651 2119 tempore
662 2045 759 2117 procul
772 2047 853 2104 dubio
864 2064 918 2103 non
932 2049 1071 2116 desistent,
1090 2048 1153 2103 dum
1165 2050 1269 2104 interea
1281 2057 1336 2104 tam
1348 2049 1470 2106 ioannes

120 2146 201 2200 quam
214 2129 349 2197 Robertns
369 2128 426 2186 suis
445 2129 565 2186 contenti
583 2133 708 2182 maneant
726 2126 949 2195 conceptionibus
968 2134 995 2183 et
1013 2136 1108 2184 contra
1126 2128 1258 2197 homines,
1277 2129 1344 2200 ipsis
1359 2135 1390 2204 qt
1405 2127 1471 2184 mihi

120 2209 229 2263 ridetur
245 2208 343 2263 millies
360 2207 504 2279 doctiores,
522 2208 623 2278 probra
640 2214 668 2262 et
687 2205 807 2265 convicia
825 2207 882 2263 sine
901 2223 984 2263 eausa
1001 2209 1150 2263 stratisue
1168 2208 1266 2278 inferre
1279 2208 1419 2278 desistant,
1437 2223 1472 2264 no
1580 2239 1585 2248 ·

121 2285 189 2342 haec
208 2286 318 2357 linguae
337 2301 401 2344 snae
419 2285 625 2356 intemperantia
636 2285 670 2342 iis
683 2284 792 2340 tandem
804 2283 948 2354 aliquando
962 2284 1087 2340 damnum
1100 2285 1204 2342 afferat.
1231 2285 1346 2344 Deinde
1361 2287 1470 2361 pergit:

121 2365 173 2420 ista
200 2365 343 2437 apologiae
367 2366 481 2422 Joanuis
504 2380 568 2435 pers
590 2363 689 2434 jurgiis
710 2363 793 2444 plqn'a
817 2371 866 2419 ast·
885 2370 913 2420 et
937 2379 991 2420 non
1016 2365 1105 2434 magni
1129 2382 1191 2421 oum
1214 2367 1312 2422 ceteris
1335 2365 1472 2421 nonnuliis

121 2445 251 2500 momenti
267 2444 387 2516 materia,
407 2460 491 2514 quare
508 2459 568 2499 eam
586 2443 726 2520 brevitatis
746 2457 829 2498 cause
846 2443 1022 2499 omittendam
1039 2459 1144 2500 censeo.
1189 2441 1281 2515 Tunc,
1304 2443 1472 2519 provocatis

123 2530 173 2606 qui
201 2528 325 2607 legerint
355 2531 431 2590 inter
457 2545 490 2589 sa
520 2535 549 2588 et
576 2528 736 2606 Keplerum
767 2519 891 2602 arbitris,
925 2531 1053 2604 quaerit,
1083 2530 1179 2590 nonne
1210 2531 1273 2608 ipse
1304 2527 1472 2608 philosophi

122 2619 239 2677 nomina
262 2615 422 2694 digniorem
445 2632 535 2693 quam
554 2615 699 2694 Keplerus
730 2613 837 2676 in¹hac
861 2632 951 2676 causa
972 2635 1004 2677 se
1026 2613 1220 2695 praestiterit,¹
1243 2623 1272 2678 et
1294 2617 1381 2677 tinem
1403 2617 1474 2676 iacit

46 2773 52 2791 .
123 2704 168 2764 his
183 2703 283 2764 dictis:
305 2707 414 2764 tametsi
431 2709 472 2762 sir
489 2707 651 2773 clarissime,
673 2714 705 2762 ut
721 2706 756 2762 ad
771 2708 875 2777 justam
893 2707 1041 2776 egerariis
1059 2706 1141 2776 hujus
1159 2706 1308 2778 Apologiae
1325 2715 1388 2764 tuas
1405 2707 1474 2764 locis

123 2787 335 2862 indignationem
353 2793 476 2843 arrectus
494 2785 558 2840 mihi
575 2803 630 2842 non
647 2785 819 2844 mediocriter
837 2801 1035 2854 succenserern,
1059 2787 1113 2842 imo
1135 2803 1199 2844 vero
1221 2804 1271 2858 pro
1294 2787 1374 2843 modo
1392 2787 1473 2843 vehe-

124 2866 238 2922 mentise
257 2874 285 2922 at
302 2864 416 2921 terroris
434 2864 474 2920 tui
491 2865 636 2935 omnnem,
663 2866 803 2937 aptissime
821 2882 851 2922 se
869 2865 1025 2936 praebuerit
1047 2867 1167 2922 occasio:
1195 2881 1230 2921 en
1247 2861 1338 2923 tamen
1356 2873 1473 2936 eteece,

125 2943 349 3014 quemadmodum
367 2943 474 3014 masn'eo
490 2943 672 3009 susurramine
691 2961 785 3002 amnas
808 2944 893 3017 agiles
915 2943 1027 3012 reverti,
1055 2951 1149 3000 ventos
1171 2946 1312 3001 unanimes
1334 2941 1474 3024 exspirare

126 3031 205 3093 atque
228 3022 342 3092 fulguris
360 3021 513 3078 riolemiam
536 3022 659 3080 inhibere
682 3024 819 3094 dicuutur,
848 3025 888 3080 sic
912 3021 993 3078 etiam
1016 3038 1072 3093 ma,
1097 3023 1280 3080 moderamine
1298 3031 1326 3081 et
1342 3024 1475 3095 patientia
1547 3059 1550 3070 ·

125 3101 228 3158 meliori
244 3103 378 3158 imbutum
394 3109 476 3170 atque
493 3101 610 3158 bilosum
626 3102 654 3158 in
672 3119 731 3160 meo
750 3102 900 3160 meditullio
924 3100 1099 3173 elementum,
1123 3110 1263 3173 utcunque
1281 3103 1310 3160 in
1328 3121 1358 3160 se
1375 3097 1475 3161 mobile

125 3188 152 3236 et
177 3179 315 3252 rapidum,
341 3179 557 3250 aequanimitatis
584 3189 647 3238 tuae
672 3179 753 3253 atqrie
775 3182 910 3241 amicitiae
932 3181 1039 3237 oblatae
1064 3179 1160 3251 spiritu
1185 3181 1374 3253 propitiatam,
1410 3182 1474 3238 mita

125 3266 207 3331 utque
224 3261 309 3316 lixum
326 3260 392 3316 satis
410 3260 551 3330 hucusque
569 3267 596 3316 ts
614 3261 750 3316 invenisse
768 3277 856 3331 spero,
875 3277 928 3332 (1110
941 3261 990 3316 tibi
1007 3261 1120 3317 comiter
1137 3261 1283 3330 mundique
1300 3261 1415 3318 literatis
1432 3277 1475 3328 me

126 3347 199 3396 tuam
217 3341 246 3396 in
264 3340 379 3396 mathesi
398 3340 509 3411 gloriam
528 3348 576 3397 aut
600 3339 784 3397 ebuccinatam
808 3340 836 3395 in
859 3340 1045 3412 philosophia,
1070 3339 1246 3410 qualisqualis
1270 3347 1323 3412 est,
1348 3341 1475 3398 virtutem

127 3420 305 3476 aemulatione
323 3427 370 3476 aut
386 3419 486 3476 insidia
503 3420 613 3476 minime
629 3434 748 3491 unquam
766 3426 946 3489 persecutum,
972 3421 1021 3478 sed
1039 3419 1112 3490 quod
1129 3435 1219 3476 meum
1237 3427 1279 3476 est
1295 3420 1395 3492 potius,
1426 3426 1475 3478 At·

126 3499 233 3556 lantiois
250 3501 330 3570 qnasi
347 3491 637 3557 humeris'sustentare
653 3499 682 3552 in
699 3497 924 3568 praecedentibus
942 3515 1101 3570 aggressam
1116 3499 1265 3557 indicarem
1284 3541 1290 3555 .
1310 3541 1317 3555 .
1337 3543 1344 3560 .

230 3587 273 3644 Sis
286 3587 375 3658 igitur,
393 3587 434 3642 sir
448 3588 624 3658 ornatissime,
642 3588 671 3660 in
682 3587 779 3644 studiis
790 3587 845 3644 tuis
858 3588 1055 3664 mathematicis
1067 3587 1133 3656 ielis
1145 3596 1227 3660 atque
1239 3588 1353 3657 inustus,
1371 3605 1476 3662 precor,

129 3667 465 3738 aldobertiplpilosophia
481 3667 617 3724 abstineas
636 3667 737 3725 suadeo
755 3675 807 3724 etc.

235 3763 315 3824 Huic
337 3761 458 3824 consilio
487 3765 642 3824 obsecutus
665 3761 809 3844 Keplems
830 3758 949 3822 Fluddii
975 3760 1076 3822 libello
1103 3779 1162 3822 non
1189 3762 1352 3844 respondit,
1382 3762 1475 3819 satius

128 3849 251 3925 ducens,
285 3853 485 3912 astronomicis
514 3852 619 3911 studiis
648 3867 733 3930 porro
755 3866 819 3909 sese
842 3849 962 3924 dedere,
993 3867 1081 3927 quam
1111 3867 1176 3910 oum
1205 3849 1383 3926 theosopho,
1414 3849 1475 3907 suis

128 3941 314 4018 opinionibus
336 3941 504 4017 insipienter
526 3928 704 4014 inhaerente,
726 3937 851 4013 litigare.
896 3937 1031 3997 (letarum
1054 3955 1219 4012 monemus,
1251 3936 1400 3997 addidisse
1422 3952 1476 3994 uos

128 4030 157 4086 iu
179 4029 419 4089 annotationibus
447 4027 588 4104 quasdam
617 4021 735 4087 Fluddii
757 4025 960 4104 responsiones
990 4025 1029 4086 ad
1051 4027 1172 4104 Keplari
1195 4024 1372 4102 Apologiam
1394 4029 1423 4082 et
1445 4027 1478 4081 ut

127 4116 243 4176 facilius
281 4115 507 4193 comprehendat
543 4115 633 4176 lector
663 4132 712 4186 ea,
734 4129 809 4190 quae
842 4113 988 4190 Keplerus
1023 4123 1123 4173 contra
1160 4112 1318 4190 Fluddium
1354 4111 1477 4189 scripsit,

127 4207 256 4266 numeris
280 4205 424 4263 continuis
447 4197 668 4286 (I-XXVI.)
691 4197 823 4278 signasse
846 4203 875 4259 in
899 4201 1019 4278 Kepleri
1044 4199 1268 4296 ,hppeudice‘ss
1293 4215 1369 4276 quae
1384 4185 1478 4257 Flud-

129 4291 193 4354 dius
216 4295 247 4352 in
263 4291 444 4366 „Discursu“
460 4307 515 4351 suo
536 4289 642 4350 iisdem
662 4291 789 4351 numeris
812 4291 950 4365 signavit,
974 4289 1113 4367 inscripta
1130 4285 1310 4366 ,Analysis“
1327 4287 1351 4348 L
1366 4285 1406 4348 tn
1423 4293 1477 4346 etc.
1576 4361 1582 4368 ¹

700 4582 910 4600 m
