<?xml version="1.0" encoding="UTF-8"?>
<!DOCTYPE html PUBLIC "-//W3C//DTD XHTML 1.0 Transitional//EN"
    "http://www.w3.org/TR/xhtml1/DTD/xhtml1-transitional.dtd">
<html xmlns="http://www.w3.org/1999/xhtml" xml:lang="en" lang="en">
 <head>
  <title>
</title>
<meta http-equiv="Content-Type" content="text/html;charset=utf-8" />
  <meta name='ocr-system' content='tesseract 3.04.00' />
  <meta name='ocr-capabilities' content='ocr_page ocr_carea ocr_par ocr_line ocrx_word'/>
</head>
<body>
  <div class='ocr_page' id='page_1' title='image "./joanniskepleria26frisgoog_0041.png"; bbox 0 0 3480 5548; ppageno 0'>
   <div class='ocr_carea' id='block_1_1' title="bbox 194 365 1236 460">
    <p class='ocr_par' dir='ltr' id='par_1_1' title="bbox 194 365 1236 460">
     <span class='ocr_line' id='line_1_1' title="bbox 194 365 1236 460; baseline -0.012 -4"><span class='ocrx_word' id='word_1_1' title='bbox 194 365 201 372; x_wconf 91' lang='lat'><em>.</em></span> <span class='ocrx_word' id='word_1_2' title='bbox 276 394 317 458; x_wconf 80' lang='grc'><strong>26</strong></span> <span class='ocrx_word' id='word_1_3' title='bbox 653 386 796 460; x_wconf 80' lang='lat' dir='ltr'><strong>Epistoltc</strong></span> <span class='ocrx_word' id='word_1_4' title='bbox 814 385 925 458; x_wconf 83' lang='lat' dir='ltr'><strong>Keplesi</strong></span> <span class='ocrx_word' id='word_1_5' title='bbox 942 383 1110 460; x_wconf 82' lang='lat' dir='ltr'><strong>aliorumque</strong></span> <span class='ocrx_word' id='word_1_6' title='bbox 1126 389 1236 444; x_wconf 85' lang='lat' dir='ltr'><strong>mutuae</strong></span> 
     </span>
    </p>
   </div>
   <div class='ocr_carea' id='block_1_2' title="bbox 196 565 1623 3291">
    <p class='ocr_par' dir='ltr' id='par_1_2' title="bbox 275 565 1623 1537">
     <span class='ocr_line' id='line_1_2' title="bbox 275 565 1619 648; baseline -0.004 -14"><span class='ocrx_word' id='word_1_7' title='bbox 275 576 360 634; x_wconf 83' lang='lat' dir='ltr'><strong>sexta</strong></span> <span class='ocrx_word' id='word_1_8' title='bbox 382 566 454 632; x_wconf 85' lang='lat' dir='ltr'><strong>dura</strong></span> <span class='ocrx_word' id='word_1_9' title='bbox 476 566 550 632; x_wconf 93' lang='lat' dir='ltr'><strong>duos</strong></span> <span class='ocrx_word' id='word_1_10' title='bbox 572 567 706 648; x_wconf 83' lang='lat' dir='ltr'><strong>majores,</strong></span> <span class='ocrx_word' id='word_1_11' title='bbox 729 569 850 632; x_wconf 87' lang='lat' dir='ltr'><strong>totidem</strong></span> <span class='ocrx_word' id='word_1_12' title='bbox 871 573 996 631; x_wconf 88' lang='lat' dir='ltr'><strong>minores</strong></span> <span class='ocrx_word' id='word_1_13' title='bbox 1018 573 1048 630; x_wconf 91' lang='lat' dir='ltr'><strong>ct</strong></span> <span class='ocrx_word' id='word_1_14' title='bbox 1069 565 1269 646; x_wconf 70' lang='lat' dir='ltr'><strong>semitonium</strong></span> <span class='ocrx_word' id='word_1_15' title='bbox 1292 572 1399 630; x_wconf 76' lang='lat' dir='ltr'><strong>octava</strong></span> <span class='ocrx_word' id='word_1_16' title='bbox 1412 573 1471 630; x_wconf 85' lang='lat' dir='ltr'><strong>tros</strong></span> <span class='ocrx_word' id='word_1_17' title='bbox 1485 566 1619 644; x_wconf 86' lang='lat' dir='ltr'><strong>majores,</strong></span> 
     </span>
     <span class='ocr_line' id='line_1_3' title="bbox 278 653 1622 736; baseline -0.002 -17"><span class='ocrx_word' id='word_1_18' title='bbox 278 658 351 722; x_wconf 90' lang='lat' dir='ltr'><strong>duos</strong></span> <span class='ocrx_word' id='word_1_19' title='bbox 372 661 499 722; x_wconf 78' lang='lat' dir='ltr'><strong>minores</strong></span> <span class='ocrx_word' id='word_1_20' title='bbox 521 665 551 720; x_wconf 89' lang='lat' dir='ltr'><strong>et</strong></span> <span class='ocrx_word' id='word_1_21' title='bbox 574 657 632 720; x_wconf 94' lang='lat' dir='ltr'><strong>duo</strong></span> <span class='ocrx_word' id='word_1_22' title='bbox 654 659 817 734; x_wconf 86' lang='lat' dir='ltr'><strong>semitonia,</strong></span> <span class='ocrx_word' id='word_1_23' title='bbox 841 677 916 736; x_wconf 89' lang='lat' dir='ltr'><strong>quae</strong></span> <span class='ocrx_word' id='word_1_24' title='bbox 939 661 1033 736; x_wconf 80' lang='lat' dir='ltr'><strong>magis</strong></span> <span class='ocrx_word' id='word_1_25' title='bbox 1055 657 1098 717; x_wconf 84' lang='lat' dir='ltr'><strong>itu</strong></span> <span class='ocrx_word' id='word_1_26' title='bbox 1118 654 1251 717; x_wconf 87' lang='lat' dir='ltr'><strong>dicmrtur</strong></span> <span class='ocrx_word' id='word_1_27' title='bbox 1266 673 1353 734; x_wconf 85' lang='lat' dir='ltr'><strong>quam</strong></span> <span class='ocrx_word' id='word_1_28' title='bbox 1368 664 1443 732; x_wconf 91' lang='lat' dir='ltr'><strong>sunt,</strong></span> <span class='ocrx_word' id='word_1_29' title='bbox 1465 653 1622 716; x_wconf 85' lang='lat' dir='ltr'><strong>condatur</strong></span> 
     </span>
     <span class='ocr_line' id='line_1_4' title="bbox 276 743 1622 826; baseline -0.007 -16"><span class='ocrx_word' id='word_1_30' title='bbox 276 749 354 810; x_wconf 81' lang='lat' dir='ltr'><strong>enim</strong></span> <span class='ocrx_word' id='word_1_31' title='bbox 371 746 497 813; x_wconf 71' lang='lat' dir='ltr'><strong>,dimidia</strong></span> <span class='ocrx_word' id='word_1_32' title='bbox 518 748 579 808; x_wconf 93' lang='lat' dir='ltr'><strong>tonl</strong></span> <span class='ocrx_word' id='word_1_33' title='bbox 595 764 678 826; x_wconf 84' lang='lat' dir='ltr'><strong>pars.</strong></span> <span class='ocrx_word' id='word_1_34' title='bbox 723 746 797 808; x_wconf 82' lang='lat' dir='ltr'>Sunt</span> <span class='ocrx_word' id='word_1_35' title='bbox 818 754 915 809; x_wconf 85' lang='lat' dir='ltr'><strong>antem</strong></span> <span class='ocrx_word' id='word_1_36' title='bbox 931 745 1084 824; x_wconf 49' lang='lat' dir='ltr'><strong>¹(puaedam</strong></span> <span class='ocrx_word' id='word_1_37' title='bbox 1104 743 1197 806; x_wconf 84' lang='lat' dir='ltr'><strong>falsae</strong></span> <span class='ocrx_word' id='word_1_38' title='bbox 1227 743 1464 822; x_wconf 76' lang='lat' dir='ltr'><strong>concordantiae,</strong></span> <span class='ocrx_word' id='word_1_39' title='bbox 1495 761 1570 821; x_wconf 85' lang='lat' dir='ltr'><strong>quac</strong></span> <span class='ocrx_word' id='word_1_40' title='bbox 1592 745 1622 802; x_wconf 91' lang='lat' dir='ltr'><strong>in</strong></span> 
     </span>
     <span class='ocr_line' id='line_1_5' title="bbox 276 830 1622 913; baseline -0.004 -17"><span class='ocrx_word' id='word_1_41' title='bbox 276 837 384 898; x_wconf 82' lang='lat' dir='ltr'><strong>formas</strong></span> <span class='ocrx_word' id='word_1_42' title='bbox 407 837 583 912; x_wconf 86' lang='lat' dir='ltr'><strong>cantionum,</strong></span> <span class='ocrx_word' id='word_1_43' title='bbox 607 852 680 912; x_wconf 78' lang='lat' dir='ltr'><strong>quas</strong></span> <span class='ocrx_word' id='word_1_44' title='bbox 701 834 789 896; x_wconf 87' lang='lat' dir='ltr'><strong>hodie</strong></span> <span class='ocrx_word' id='word_1_45' title='bbox 811 841 897 896; x_wconf 89' lang='lat' dir='ltr'><strong>tonos</strong></span> <span class='ocrx_word' id='word_1_46' title='bbox 920 833 1084 913; x_wconf 82' lang='lat' dir='ltr'><strong>appellant,</strong></span> <span class='ocrx_word' id='word_1_47' title='bbox 1116 834 1286 893; x_wconf 80' lang='lat' dir='ltr'><strong>varietatem</strong></span> <span class='ocrx_word' id='word_1_48' title='bbox 1308 835 1442 894; x_wconf 85' lang='lat' dir='ltr'><strong>inierunt</strong></span> <span class='ocrx_word' id='word_1_49' title='bbox 1486 830 1527 893; x_wconf 88' lang='lat' dir='ltr'><strong>Ut</strong></span> <span class='ocrx_word' id='word_1_50' title='bbox 1547 834 1622 892; x_wconf 83' lang='lat' dir='ltr'><strong>inter</strong></span> 
     </span>
     <span class='ocr_line' id='line_1_6' title="bbox 276 921 1621 1003; baseline -0.003 -19"><span class='ocrx_word' id='word_1_51' title='bbox 276 924 340 1003; x_wconf 69' lang='lat' dir='ltr'><strong>clf</strong></span> <span class='ocrx_word' id='word_1_52' title='bbox 358 930 388 984; x_wconf 90' lang='lat' dir='ltr'><strong>et</strong></span> <span class='ocrx_word' id='word_1_53' title='bbox 409 942 470 1000; x_wconf 88' lang='lat' dir='ltr'><strong>u,c</strong></span> <span class='ocrx_word' id='word_1_54' title='bbox 491 925 586 984; x_wconf 88' lang='lat' dir='ltr'><strong>minus</strong></span> <span class='ocrx_word' id='word_1_55' title='bbox 608 929 652 985; x_wconf 85' lang='lat' dir='ltr'><strong>est</strong></span> <span class='ocrx_word' id='word_1_56' title='bbox 675 941 762 1000; x_wconf 89' lang='lat' dir='ltr'><strong>quam</strong></span> <span class='ocrx_word' id='word_1_57' title='bbox 792 927 878 986; x_wconf 86' lang='lat' dir='ltr'><strong>tertia</strong></span> <span class='ocrx_word' id='word_1_58' title='bbox 906 921 1018 994; x_wconf 90' lang='lat' dir='ltr'><strong>mollis,</strong></span> <span class='ocrx_word' id='word_1_59' title='bbox 1050 925 1117 982; x_wconf 90' lang='lat' dir='ltr'><strong>sunt</strong></span> <span class='ocrx_word' id='word_1_60' title='bbox 1145 921 1222 980; x_wconf 88' lang='lat' dir='ltr'><strong>euim</strong></span> <span class='ocrx_word' id='word_1_61' title='bbox 1251 927 1337 981; x_wconf 89' lang='lat' dir='ltr'><strong>tonus</strong></span> <span class='ocrx_word' id='word_1_62' title='bbox 1365 924 1459 981; x_wconf 91' lang='lat' dir='ltr'><strong>minor</strong></span> <span class='ocrx_word' id='word_1_63' title='bbox 1481 927 1511 981; x_wconf 89' lang='lat' dir='ltr'><strong>at</strong></span> <span class='ocrx_word' id='word_1_64' title='bbox 1532 921 1621 998; x_wconf 86' lang='lat' dir='ltr'><strong>semi-</strong></span> 
     </span>
     <span class='ocr_line' id='line_1_7' title="bbox 277 1007 1620 1091; baseline -0.004 -20"><span class='ocrx_word' id='word_1_65' title='bbox 277 1014 397 1072; x_wconf 89' lang='lat' dir='ltr'><strong>tonium.</strong></span> <span class='ocrx_word' id='word_1_66' title='bbox 428 1011 509 1074; x_wconf 90' lang='lat' dir='ltr'><strong>Inter</strong></span> <span class='ocrx_word' id='word_1_67' title='bbox 528 1013 589 1091; x_wconf 58' lang='lat' dir='ltr'><strong>no</strong></span> <span class='ocrx_word' id='word_1_68' title='bbox 610 1009 677 1089; x_wconf 93' lang='lat' dir='ltr'><strong>plus</strong></span> <span class='ocrx_word' id='word_1_69' title='bbox 699 1018 745 1072; x_wconf 89' lang='lat' dir='ltr'><strong>est</strong></span> <span class='ocrx_word' id='word_1_70' title='bbox 767 1028 855 1088; x_wconf 83' lang='lat' dir='ltr'><strong>quam</strong></span> <span class='ocrx_word' id='word_1_71' title='bbox 877 1011 963 1072; x_wconf 87' lang='lat' dir='ltr'><strong>tertia</strong></span> <span class='ocrx_word' id='word_1_72' title='bbox 985 1009 1065 1085; x_wconf 85' lang='lat' dir='ltr'><strong>dura,</strong></span> <span class='ocrx_word' id='word_1_73' title='bbox 1089 1010 1230 1070; x_wconf 78' lang='lat' dir='ltr'>intersunt</span> <span class='ocrx_word' id='word_1_74' title='bbox 1246 1011 1322 1069; x_wconf 89' lang='lat' dir='ltr'><strong>enim</strong></span> <span class='ocrx_word' id='word_1_75' title='bbox 1337 1007 1394 1072; x_wconf 89' lang='lat' dir='ltr'><strong>duo</strong></span> <span class='ocrx_word' id='word_1_76' title='bbox 1410 1011 1472 1069; x_wconf 89' lang='lat' dir='ltr'><strong>toni</strong></span> <span class='ocrx_word' id='word_1_77' title='bbox 1485 1009 1620 1086; x_wconf 89' lang='lat' dir='ltr'><strong>majores.</strong></span> 
     </span>
     <span class='ocr_line' id='line_1_8' title="bbox 276 1095 1623 1177; baseline -0.004 -16"><span class='ocrx_word' id='word_1_78' title='bbox 276 1099 326 1161; x_wconf 85' lang='lat' dir='ltr'><strong>Sic</strong></span> <span class='ocrx_word' id='word_1_79' title='bbox 348 1101 387 1160; x_wconf 90' lang='lat' dir='ltr'><strong>ab</strong></span> <span class='ocrx_word' id='word_1_80' title='bbox 410 1100 483 1159; x_wconf 84' lang='lat' dir='ltr'><strong>Ain</strong></span> <span class='ocrx_word' id='word_1_81' title='bbox 497 1117 521 1171; x_wconf 80' lang='lat' dir='ltr'><strong>e,</strong></span> <span class='ocrx_word' id='word_1_82' title='bbox 544 1116 562 1159; x_wconf 90' lang='lat' dir='ltr'><strong>a</strong></span> <span class='ocrx_word' id='word_1_83' title='bbox 584 1099 645 1159; x_wconf 90' lang='lat' dir='ltr'><strong>bin</strong></span> <span class='ocrx_word' id='word_1_84' title='bbox 665 1099 686 1177; x_wconf 73' lang='lat' dir='ltr'><strong><em>f</em></strong></span> <span class='ocrx_word' id='word_1_85' title='bbox 703 1106 748 1160; x_wconf 87' lang='lat' dir='ltr'><strong>cst</strong></span> <span class='ocrx_word' id='word_1_86' title='bbox 770 1102 864 1160; x_wconf 86' lang='lat' dir='ltr'><strong>minus</strong></span> <span class='ocrx_word' id='word_1_87' title='bbox 887 1099 997 1176; x_wconf 83' lang='lat' dir='ltr'><strong>quinta,</strong></span> <span class='ocrx_word' id='word_1_88' title='bbox 1020 1104 1088 1158; x_wconf 90' lang='lat' dir='ltr'><strong>sunt</strong></span> <span class='ocrx_word' id='word_1_89' title='bbox 1110 1098 1187 1157; x_wconf 90' lang='lat' dir='ltr'><strong>enim</strong></span> <span class='ocrx_word' id='word_1_90' title='bbox 1209 1099 1269 1158; x_wconf 93' lang='lat' dir='ltr'><strong>toni</strong></span> <span class='ocrx_word' id='word_1_91' title='bbox 1292 1098 1417 1160; x_wconf 89' lang='lat' dir='ltr'><strong>minores</strong></span> <span class='ocrx_word' id='word_1_92' title='bbox 1439 1095 1506 1174; x_wconf 89' lang='lat' dir='ltr'><strong>duo,</strong></span> <span class='ocrx_word' id='word_1_93' title='bbox 1530 1095 1623 1172; x_wconf 73' lang='lat' dir='ltr'><strong>maior</strong></span> 
     </span>
     <span class='ocr_line' id='line_1_9' title="bbox 275 1184 1623 1264; baseline -0.003 -16"><span class='ocrx_word' id='word_1_94' title='bbox 275 1205 351 1248; x_wconf 89' lang='lat' dir='ltr'><strong>unus</strong></span> <span class='ocrx_word' id='word_1_95' title='bbox 381 1195 410 1248; x_wconf 88' lang='lat' dir='ltr'><strong>et</strong></span> <span class='ocrx_word' id='word_1_96' title='bbox 438 1187 632 1247; x_wconf 85' lang='lat' dir='ltr'><strong>semitonium.</strong></span> <span class='ocrx_word' id='word_1_97' title='bbox 679 1187 717 1247; x_wconf 85' lang='lat' dir='ltr'><strong>Et</strong></span> <span class='ocrx_word' id='word_1_98' title='bbox 740 1189 868 1248; x_wconf 80' lang='lat' dir='ltr'><strong>vicissim</strong></span> <span class='ocrx_word' id='word_1_99' title='bbox 890 1186 929 1248; x_wconf 89' lang='lat' dir='ltr'><strong>ab</strong></span> <span class='ocrx_word' id='word_1_100' title='bbox 951 1205 967 1247; x_wconf 81' lang='lat' dir='ltr'><strong>e</strong></span> <span class='ocrx_word' id='word_1_101' title='bbox 989 1185 1018 1243; x_wconf 91' lang='lat' dir='ltr'><strong>in</strong></span> <span class='ocrx_word' id='word_1_102' title='bbox 1041 1204 1071 1260; x_wconf 88' lang='grc' dir='ltr'><strong>ο,</strong></span> <span class='ocrx_word' id='word_1_103' title='bbox 1094 1184 1132 1245; x_wconf 89' lang='lat' dir='ltr'><strong>ab</strong></span> <span class='ocrx_word' id='word_1_104' title='bbox 1153 1186 1219 1264; x_wconf 72' lang='lat' dir='ltr'><strong>fin</strong></span> <span class='ocrx_word' id='word_1_105' title='bbox 1242 1185 1259 1246; x_wconf 90' lang='lat' dir='ltr'><strong>b</strong></span> <span class='ocrx_word' id='word_1_106' title='bbox 1282 1193 1327 1246; x_wconf 89' lang='lat' dir='ltr'><strong>est</strong></span> <span class='ocrx_word' id='word_1_107' title='bbox 1348 1184 1413 1264; x_wconf 89' lang='lat' dir='ltr'><strong>plus</strong></span> <span class='ocrx_word' id='word_1_108' title='bbox 1436 1202 1522 1262; x_wconf 87' lang='lat' dir='ltr'><strong>quam</strong></span> <span class='ocrx_word' id='word_1_109' title='bbox 1541 1185 1623 1262; x_wconf 85' lang='lat' dir='ltr'><strong>justa</strong></span> 
     </span>
     <span class='ocr_line' id='line_1_10' title="bbox 276 1273 1622 1357; baseline -0.001 -21"><span class='ocrx_word' id='word_1_110' title='bbox 276 1281 394 1357; x_wconf 87' lang='lat' dir='ltr'><strong>quartu,</strong></span> <span class='ocrx_word' id='word_1_111' title='bbox 425 1281 493 1334; x_wconf 88' lang='lat' dir='ltr'><strong>suut</strong></span> <span class='ocrx_word' id='word_1_112' title='bbox 515 1276 591 1335; x_wconf 90' lang='lat' dir='ltr'><strong>enim</strong></span> <span class='ocrx_word' id='word_1_113' title='bbox 615 1277 633 1334; x_wconf 94' lang='grc'>2</span> <span class='ocrx_word' id='word_1_114' title='bbox 657 1276 720 1334; x_wconf 86' lang='lat' dir='ltr'><strong>toni</strong></span> <span class='ocrx_word' id='word_1_115' title='bbox 742 1276 866 1352; x_wconf 81' lang='lat' dir='ltr'><strong>majores</strong></span> <span class='ocrx_word' id='word_1_116' title='bbox 889 1285 919 1336; x_wconf 89' lang='lat' dir='ltr'><strong>et</strong></span> <span class='ocrx_word' id='word_1_117' title='bbox 939 1275 1133 1336; x_wconf 87' lang='lat' dir='ltr'><strong>semitonium</strong></span> <span class='ocrx_word' id='word_1_118' title='bbox 1184 1273 1385 1334; x_wconf 80' lang='lat' dir='ltr'><strong>Differentiam</strong></span> <span class='ocrx_word' id='word_1_119' title='bbox 1406 1275 1528 1351; x_wconf 85' lang='lat' dir='ltr'><strong>antiqua</strong></span> <span class='ocrx_word' id='word_1_120' title='bbox 1549 1289 1622 1335; x_wconf 84' lang='lat' dir='ltr'><strong>voce</strong></span> 
     </span>
     <span class='ocr_line' id='line_1_11' title="bbox 276 1361 1622 1442; baseline -0.001 -16"><span class='ocrx_word' id='word_1_121' title='bbox 276 1387 369 1440; x_wconf 86' lang='grc' dir='ltr'>κομμα</span> <span class='ocrx_word' id='word_1_122' title='bbox 393 1361 488 1423; x_wconf 86' lang='lat' dir='ltr'><strong>dicere</strong></span> <span class='ocrx_word' id='word_1_123' title='bbox 509 1378 637 1440; x_wconf 83' lang='lat' dir='ltr'><strong>possum.</strong></span> <span class='ocrx_word' id='word_1_124' title='bbox 661 1368 763 1440; x_wconf 89' lang='lat' dir='ltr'><strong>estque</strong></span> <span class='ocrx_word' id='word_1_125' title='bbox 786 1363 825 1441; x_wconf 91' lang='lat' dir='ltr'><strong>id,</strong></span> <span class='ocrx_word' id='word_1_126' title='bbox 849 1378 907 1441; x_wconf 91' lang='lat' dir='ltr'><strong>quo</strong></span> <span class='ocrx_word' id='word_1_127' title='bbox 929 1367 1015 1424; x_wconf 87' lang='lat' dir='ltr'><strong>tonus</strong></span> <span class='ocrx_word' id='word_1_128' title='bbox 1036 1362 1130 1440; x_wconf 85' lang='lat' dir='ltr'><strong>major</strong></span> <span class='ocrx_word' id='word_1_129' title='bbox 1151 1368 1268 1442; x_wconf 86' lang='lat' dir='ltr'><strong>superat</strong></span> <span class='ocrx_word' id='word_1_130' title='bbox 1282 1364 1431 1438; x_wconf 86' lang='lat' dir='ltr'><strong>minorem,</strong></span> <span class='ocrx_word' id='word_1_131' title='bbox 1454 1369 1506 1423; x_wconf 87' lang='lat' dir='ltr'><strong>cut</strong></span> <span class='ocrx_word' id='word_1_132' title='bbox 1521 1363 1622 1438; x_wconf 78' lang='grc' dir='ltr'>λοιμμο</span> 
     </span>
     <span class='ocr_line' id='line_1_12' title="bbox 275 1437 1331 1537; baseline -0.011 -23"><span class='ocrx_word' id='word_1_133' title='bbox 275 1458 371 1514; x_wconf 75' lang='lat' dir='ltr'><strong>decors.</strong></span> <span class='ocrx_word' id='word_1_134' title='bbox 418 1448 574 1526; x_wconf 75' lang='lat' dir='ltr'><strong>Quantitas</strong></span> <span class='ocrx_word' id='word_1_135' title='bbox 596 1449 639 1510; x_wconf 90' lang='lat' dir='ltr'><strong>illi</strong></span> <span class='ocrx_word' id='word_1_136' title='bbox 660 1448 712 1537; x_wconf 55' lang='grc' dir='ltr'><strong>ἓξ.</strong></span> <span class='ocrx_word' id='word_1_137' title='bbox 1325 1437 1331 1450; x_wconf 83' lang='grc'><em>’</em></span> 
     </span>
    </p>

    <p class='ocr_par' dir='ltr' id='par_1_3' title="bbox 196 1532 1623 2412">
     <span class='ocr_line' id='line_1_13' title="bbox 378 1532 1620 1620; baseline 0.002 -24"><span class='ocrx_word' id='word_1_138' title='bbox 378 1532 476 1600; x_wconf 85' lang='lat' dir='ltr'><strong>Voces</strong></span> <span class='ocrx_word' id='word_1_139' title='bbox 506 1540 643 1616; x_wconf 82' lang='lat' dir='ltr'><strong>antiquas</strong></span> <span class='ocrx_word' id='word_1_140' title='bbox 674 1537 795 1601; x_wconf 80' lang='lat' dir='ltr'><strong>adhibui</strong></span> <span class='ocrx_word' id='word_1_141' title='bbox 825 1541 959 1620; x_wconf 76' lang='lat' dir='ltr'><strong>negotio,</strong></span> <span class='ocrx_word' id='word_1_142' title='bbox 990 1544 1023 1598; x_wconf 89' lang='lat' dir='ltr'><strong>ut</strong></span> <span class='ocrx_word' id='word_1_143' title='bbox 1052 1543 1136 1616; x_wconf 86' lang='lat' dir='ltr'><strong>puto,</strong></span> <span class='ocrx_word' id='word_1_144' title='bbox 1168 1554 1266 1599; x_wconf 86' lang='lat' dir='ltr'><strong>novo..</strong></span> <span class='ocrx_word' id='word_1_145' title='bbox 1299 1537 1404 1616; x_wconf 82' lang='lat' dir='ltr'><strong>Itaque</strong></span> <span class='ocrx_word' id='word_1_146' title='bbox 1434 1554 1471 1599; x_wconf 90' lang='lat' dir='ltr'><strong>ne</strong></span> <span class='ocrx_word' id='word_1_147' title='bbox 1500 1536 1620 1612; x_wconf 84' lang='lat' dir='ltr'><strong>fallaris,</strong></span> 
     </span>
     <span class='ocr_line' id='line_1_14' title="bbox 275 1623 1622 1706; baseline -0.001 -19"><span class='ocrx_word' id='word_1_148' title='bbox 275 1642 364 1703; x_wconf 87' lang='lat' dir='ltr'><strong>saepe</strong></span> <span class='ocrx_word' id='word_1_149' title='bbox 386 1624 467 1686; x_wconf 87' lang='lat' dir='ltr'><strong>alind</strong></span> <span class='ocrx_word' id='word_1_150' title='bbox 490 1625 547 1686; x_wconf 90' lang='lat' dir='ltr'><strong>illis</strong></span> <span class='ocrx_word' id='word_1_151' title='bbox 571 1633 616 1687; x_wconf 90' lang='lat' dir='ltr'><strong>est</strong></span> <span class='ocrx_word' id='word_1_152' title='bbox 638 1631 738 1700; x_wconf 78' lang='grc' dir='ltr'><strong>διοσις,</strong></span> <span class='ocrx_word' id='word_1_153' title='bbox 770 1650 872 1705; x_wconf 85' lang='grc' dir='ltr'>κομμο.</span> <span class='ocrx_word' id='word_1_154' title='bbox 916 1625 981 1706; x_wconf 80' lang='lat' dir='ltr'><strong>Ego</strong></span> <span class='ocrx_word' id='word_1_155' title='bbox 1004 1632 1150 1703; x_wconf 48' lang='lat' dir='ltr'><strong>¹quantum</strong></span> <span class='ocrx_word' id='word_1_156' title='bbox 1179 1623 1274 1688; x_wconf 86' lang='lat' dir='ltr'><strong>adhuc</strong></span> <span class='ocrx_word' id='word_1_157' title='bbox 1303 1644 1422 1705; x_wconf 88' lang='lat' dir='ltr'><strong>possum</strong></span> <span class='ocrx_word' id='word_1_158' title='bbox 1449 1627 1622 1706; x_wconf 75' lang='lat' dir='ltr'><strong>prospicere,</strong></span> 
     </span>
     <span class='ocr_line' id='line_1_15' title="bbox 275 1712 1623 1796; baseline 0 -22"><span class='ocrx_word' id='word_1_159' title='bbox 275 1712 378 1774; x_wconf 84' lang='lat' dir='ltr'><strong>videor</strong></span> <span class='ocrx_word' id='word_1_160' title='bbox 401 1714 568 1775; x_wconf 82' lang='lat' dir='ltr'><strong>universam</strong></span> <span class='ocrx_word' id='word_1_161' title='bbox 590 1716 795 1792; x_wconf 73' lang='lat' dir='ltr'><strong>antiquitatem</strong></span> <span class='ocrx_word' id='word_1_162' title='bbox 818 1716 921 1776; x_wconf 86' lang='lat' dir='ltr'><strong>erroris</strong></span> <span class='ocrx_word' id='word_1_163' title='bbox 950 1731 1071 1792; x_wconf 80' lang='lat' dir='ltr'><strong>arguere</strong></span> <span class='ocrx_word' id='word_1_164' title='bbox 1099 1731 1186 1792; x_wconf 90' lang='lat' dir='ltr'><strong>posse</strong></span> <span class='ocrx_word' id='word_1_165' title='bbox 1208 1719 1238 1775; x_wconf 91' lang='lat' dir='ltr'><strong>et</strong></span> <span class='ocrx_word' id='word_1_166' title='bbox 1260 1713 1364 1776; x_wconf 74' lang='lat' dir='ltr'><strong>chusae</strong></span> <span class='ocrx_word' id='word_1_167' title='bbox 1386 1718 1475 1796; x_wconf 81' lang='lat' dir='ltr'><strong>etiam</strong></span> <span class='ocrx_word' id='word_1_168' title='bbox 1496 1730 1623 1775; x_wconf 88' lang='lat' dir='ltr'><strong>errorum</strong></span> 
     </span>
     <span class='ocr_line' id='line_1_16' title="bbox 274 1800 1623 1890; baseline -0.001 -27"><span class='ocrx_word' id='word_1_169' title='bbox 274 1801 313 1863; x_wconf 89' lang='lat' dir='ltr'><strong>ad</strong></span> <span class='ocrx_word' id='word_1_170' title='bbox 335 1800 452 1863; x_wconf 90' lang='lat' dir='ltr'><strong>oculum</strong></span> <span class='ocrx_word' id='word_1_171' title='bbox 474 1800 680 1863; x_wconf 85' lang='lat' dir='ltr'><strong>demonstrare.</strong></span> <span class='ocrx_word' id='word_1_172' title='bbox 725 1801 812 1864; x_wconf 87' lang='lat' dir='ltr'><strong>Solus</strong></span> <span class='ocrx_word' id='word_1_173' title='bbox 834 1801 951 1881; x_wconf 87' lang='lat' dir='ltr'><strong>quidem</strong></span> <span class='ocrx_word' id='word_1_174' title='bbox 973 1801 1124 1864; x_wconf 82' lang='lat' dir='ltr'><strong>Cardenus</strong></span> <span class='ocrx_word' id='word_1_175' title='bbox 1148 1801 1248 1864; x_wconf 88' lang='lat' dir='ltr'><strong>definit</strong></span> <span class='ocrx_word' id='word_1_176' title='bbox 1268 1805 1445 1880; x_wconf 79' lang='lat' dir='ltr'><strong>quantitates</strong></span> <span class='ocrx_word' id='word_1_177' title='bbox 1467 1801 1523 1890; x_wconf 51' lang='lat' dir='ltr'><strong>ff,</strong></span> <span class='ocrx_word' id='word_1_178' title='bbox 1549 1800 1623 1886; x_wconf 63' lang='lat' dir='ltr'><strong>ffl,</strong></span> 
     </span>
     <span class='ocr_line' id='line_1_17' title="bbox 276 1887 1622 1976; baseline 0 -25"><span class='ocrx_word' id='word_1_179' title='bbox 276 1888 328 1952; x_wconf 88' lang='lat' dir='ltr'><strong>sad</strong></span> <span class='ocrx_word' id='word_1_180' title='bbox 350 1890 458 1957; x_wconf 83' lang='lat' dir='ltr'><strong>omittit</strong></span> <span class='ocrx_word' id='word_1_181' title='bbox 483 1888 536 1974; x_wconf 50' lang='lat'><strong>33,</strong></span> <span class='ocrx_word' id='word_1_182' title='bbox 559 1888 617 1974; x_wconf 50' lang='grc' dir='ltr'><strong>ἦ,</strong></span> <span class='ocrx_word' id='word_1_183' title='bbox 639 1887 698 1976; x_wconf 55' lang='grc' dir='ltr'><strong>ἓξ,</strong></span> <span class='ocrx_word' id='word_1_184' title='bbox 721 1907 775 1952; x_wconf 86' lang='grc' dir='ltr'><strong>οοο</strong></span> <span class='ocrx_word' id='word_1_185' title='bbox 797 1891 853 1952; x_wconf 92' lang='lat' dir='ltr'><strong>sibi</strong></span> <span class='ocrx_word' id='word_1_186' title='bbox 877 1897 1000 1952; x_wconf 84' lang='lat' dir='ltr'><strong>constat.</strong></span> <span class='ocrx_word' id='word_1_187' title='bbox 1028 1891 1132 1966; x_wconf 87' lang='lat' dir='ltr'><strong>Itaque</strong></span> <span class='ocrx_word' id='word_1_188' title='bbox 1154 1893 1252 1951; x_wconf 89' lang='lat' dir='ltr'><strong>neseio</strong></span> <span class='ocrx_word' id='word_1_189' title='bbox 1275 1909 1312 1952; x_wconf 85' lang='lat' dir='ltr'><strong>cn</strong></span> <span class='ocrx_word' id='word_1_190' title='bbox 1336 1908 1404 1952; x_wconf 87' lang='lat' dir='ltr'><strong>vere</strong></span> <span class='ocrx_word' id='word_1_191' title='bbox 1426 1889 1622 1965; x_wconf 86' lang='lat' dir='ltr'><strong>Ptolomaeus,</strong></span> 
     </span>
     <span class='ocr_line' id='line_1_18' title="bbox 196 1975 1623 2057; baseline -0.001 -19"><span class='ocrx_word' id='word_1_192' title='bbox 196 1975 199 1982; x_wconf 78' lang='grc'>’</span> <span class='ocrx_word' id='word_1_193' title='bbox 276 1984 308 2038; x_wconf 91' lang='lat' dir='ltr'><strong>nt</strong></span> <span class='ocrx_word' id='word_1_194' title='bbox 329 1976 379 2038; x_wconf 89' lang='lat' dir='ltr'><strong>ille</strong></span> <span class='ocrx_word' id='word_1_195' title='bbox 401 1977 465 2047; x_wconf 87' lang='lat' dir='ltr'><strong>iert,</strong></span> <span class='ocrx_word' id='word_1_196' title='bbox 488 1985 589 2039; x_wconf 84' lang='lat' dir='ltr'><strong>auctor</strong></span> <span class='ocrx_word' id='word_1_197' title='bbox 611 1979 649 2038; x_wconf 90' lang='lat' dir='ltr'><strong>sit</strong></span> <span class='ocrx_word' id='word_1_198' title='bbox 670 1978 773 2040; x_wconf 84' lang='lat' dir='ltr'><strong>harum</strong></span> <span class='ocrx_word' id='word_1_199' title='bbox 795 1980 1017 2041; x_wconf 88' lang='lat' dir='ltr'><strong>certissimarum</strong></span> <span class='ocrx_word' id='word_1_200' title='bbox 1040 1977 1262 2040; x_wconf 82' lang='lat' dir='ltr'><strong>dimensionum.</strong></span> <span class='ocrx_word' id='word_1_201' title='bbox 1306 1977 1381 2039; x_wconf 87' lang='lat' dir='ltr'><strong>Mihi</strong></span> <span class='ocrx_word' id='word_1_202' title='bbox 1404 1980 1467 2057; x_wconf 69' lang='lat' dir='ltr'><strong>ejece</strong></span> <span class='ocrx_word' id='word_1_203' title='bbox 1488 1980 1623 2040; x_wconf 84' lang='lat' dir='ltr'><strong>Musicen</strong></span> 
     </span>
     <span class='ocr_line' id='line_1_19' title="bbox 275 2063 1622 2144; baseline 0.001 -20"><span class='ocrx_word' id='word_1_204' title='bbox 275 2063 375 2127; x_wconf 85' lang='lat' dir='ltr'><strong>videre</strong></span> <span class='ocrx_word' id='word_1_205' title='bbox 397 2063 525 2127; x_wconf 87' lang='lat' dir='ltr'><strong>nondum</strong></span> <span class='ocrx_word' id='word_1_206' title='bbox 549 2067 678 2143; x_wconf 82' lang='lat' dir='ltr'><strong>contigit.</strong></span> <span class='ocrx_word' id='word_1_207' title='bbox 710 2066 908 2128; x_wconf 81' lang='lat' dir='ltr'><strong>certissimum</strong></span> <span class='ocrx_word' id='word_1_208' title='bbox 930 2073 983 2144; x_wconf 80' lang='lat' dir='ltr'><strong>est,</strong></span> <span class='ocrx_word' id='word_1_209' title='bbox 1007 2069 1181 2127; x_wconf 80' lang='lat' dir='ltr'><strong>suavitatem</strong></span> <span class='ocrx_word' id='word_1_210' title='bbox 1198 2067 1304 2128; x_wconf 82' lang='lat' dir='ltr'><strong>veteris</strong></span> <span class='ocrx_word' id='word_1_211' title='bbox 1318 2069 1445 2129; x_wconf 83' lang='lat' dir='ltr'><strong>musicae</strong></span> <span class='ocrx_word' id='word_1_212' title='bbox 1460 2085 1496 2128; x_wconf 84' lang='lat' dir='ltr'><strong>ex</strong></span> <span class='ocrx_word' id='word_1_213' title='bbox 1510 2070 1622 2130; x_wconf 89' lang='lat' dir='ltr'><strong>aurium</strong></span> 
     </span>
     <span class='ocr_line' id='line_1_20' title="bbox 272 2148 1622 2238; baseline 0.004 -27"><span class='ocrx_word' id='word_1_214' title='bbox 272 2148 385 2230; x_wconf 89' lang='lat' dir='ltr'><strong>judicio</strong></span> <span class='ocrx_word' id='word_1_215' title='bbox 408 2151 596 2231; x_wconf 77' lang='lat' dir='ltr'><strong>pependisse,</strong></span> <span class='ocrx_word' id='word_1_216' title='bbox 626 2171 694 2216; x_wconf 86' lang='lat' dir='ltr'><strong>nam</strong></span> <span class='ocrx_word' id='word_1_217' title='bbox 722 2161 852 2230; x_wconf 71' lang='lat' dir='ltr'><strong>vetemur</strong></span> <span class='ocrx_word' id='word_1_218' title='bbox 883 2155 1106 2238; x_wconf 64' lang='lat' dir='ltr'><strong>speculationes⁴</strong></span> <span class='ocrx_word' id='word_1_219' title='bbox 1125 2153 1217 2216; x_wconf 79' lang='lat' dir='ltr'><strong>falsae</strong></span> <span class='ocrx_word' id='word_1_220' title='bbox 1244 2162 1315 2230; x_wconf 79' lang='lat' dir='ltr'><strong>¹sunt</strong></span> <span class='ocrx_word' id='word_1_221' title='bbox 1344 2174 1380 2218; x_wconf 85' lang='lat' dir='ltr'><strong>ex</strong></span> <span class='ocrx_word' id='word_1_222' title='bbox 1401 2173 1508 2233; x_wconf 85' lang='lat' dir='ltr'><strong>magna</strong></span> <span class='ocrx_word' id='word_1_223' title='bbox 1531 2163 1622 2236; x_wconf 87' lang='lat' dir='ltr'><strong>parte,</strong></span> 
     </span>
     <span class='ocr_line' id='line_1_21' title="bbox 274 2239 1623 2322; baseline 0.001 -20"><span class='ocrx_word' id='word_1_224' title='bbox 274 2240 370 2322; x_wconf 79' lang='lat' dir='ltr'><strong>solnm</strong></span> <span class='ocrx_word' id='word_1_225' title='bbox 387 2239 601 2303; x_wconf 67' lang='lat' dir='ltr'><strong>Ptolemaeum</strong></span> <span class='ocrx_word' id='word_1_226' title='bbox 630 2243 660 2302; x_wconf 88' lang='lat' dir='ltr'><strong>in</strong></span> <span class='ocrx_word' id='word_1_227' title='bbox 691 2242 779 2306; x_wconf 91' lang='lat' dir='ltr'><strong>dubio</strong></span> <span class='ocrx_word' id='word_1_228' title='bbox 806 2243 912 2305; x_wconf 89' lang='lat' dir='ltr'><strong>habeo.</strong></span> <span class='ocrx_word' id='word_1_229' title='bbox 964 2243 1008 2302; x_wconf 84' lang='lat' dir='ltr'><strong>Ex</strong></span> <span class='ocrx_word' id='word_1_230' title='bbox 1029 2242 1086 2303; x_wconf 89' lang='lat' dir='ltr'><strong>hae</strong></span> <span class='ocrx_word' id='word_1_231' title='bbox 1107 2261 1178 2304; x_wconf 85' lang='lat' dir='ltr'><strong>vero</strong></span> <span class='ocrx_word' id='word_1_232' title='bbox 1200 2261 1265 2306; x_wconf 88' lang='lat' dir='ltr'><strong>mea</strong></span> <span class='ocrx_word' id='word_1_233' title='bbox 1287 2245 1398 2306; x_wconf 89' lang='lat' dir='ltr'><strong>ratione</strong></span> <span class='ocrx_word' id='word_1_234' title='bbox 1420 2244 1500 2306; x_wconf 88' lang='lat' dir='ltr'><strong>tendi</strong></span> <span class='ocrx_word' id='word_1_235' title='bbox 1523 2261 1623 2306; x_wconf 87' lang='lat' dir='ltr'><strong>omnes</strong></span> 
     </span>
     <span class='ocr_line' id='line_1_22' title="bbox 275 2327 1384 2412; baseline 0.003 -21"><span class='ocrx_word' id='word_1_236' title='bbox 275 2327 401 2392; x_wconf 88' lang='lat' dir='ltr'><strong>chordae</strong></span> <span class='ocrx_word' id='word_1_237' title='bbox 423 2337 546 2408; x_wconf 90' lang='lat' dir='ltr'><strong>possunt</strong></span> <span class='ocrx_word' id='word_1_238' title='bbox 568 2333 751 2393; x_wconf 83' lang='lat' dir='ltr'><strong>exactissime</strong></span> <span class='ocrx_word' id='word_1_239' title='bbox 773 2350 825 2412; x_wconf 88' lang='lat' dir='ltr'><strong>per</strong></span> <span class='ocrx_word' id='word_1_240' title='bbox 847 2329 1006 2408; x_wconf 74' lang='grc' dir='ltr'>ἐφαρμοσιο</span> <span class='ocrx_word' id='word_1_241' title='bbox 1027 2333 1140 2391; x_wconf 77' lang='lat' dir='ltr'><strong>aunum</strong></span> <span class='ocrx_word' id='word_1_242' title='bbox 1161 2330 1199 2392; x_wconf 87' lang='lat' dir='ltr'><strong>ad</strong></span> <span class='ocrx_word' id='word_1_243' title='bbox 1222 2334 1384 2394; x_wconf 90' lang='lat' dir='ltr'><strong>unisonum.</strong></span> 
     </span>
    </p>

    <p class='ocr_par' dir='ltr' id='par_1_4' title="bbox 260 2417 1623 3291">
     <span class='ocr_line' id='line_1_23' title="bbox 375 2417 1553 2500; baseline 0 -22"><span class='ocrx_word' id='word_1_244' title='bbox 375 2417 452 2478; x_wconf 85' lang='lat' dir='ltr'><strong>Nam</strong></span> <span class='ocrx_word' id='word_1_245' title='bbox 480 2422 606 2499; x_wconf 89' lang='lat' dir='ltr'><strong>spatium</strong></span> <span class='ocrx_word' id='word_1_246' title='bbox 633 2437 719 2500; x_wconf 89' lang='lat' dir='ltr'><strong>snper</strong></span> <span class='ocrx_word' id='word_1_247' title='bbox 749 2436 807 2497; x_wconf 87' lang='lat' dir='ltr'><strong>quo</strong></span> <span class='ocrx_word' id='word_1_248' title='bbox 836 2417 946 2480; x_wconf 88' lang='lat' dir='ltr'><strong>chorda</strong></span> <span class='ocrx_word' id='word_1_249' title='bbox 968 2417 1121 2480; x_wconf 82' lang='lat' dir='ltr'><strong>directorie</strong></span> <span class='ocrx_word' id='word_1_250' title='bbox 1171 2442 1284 2499; x_wconf 73' lang='lat'>21500</span> <span class='ocrx_word' id='word_1_251' title='bbox 1444 2439 1553 2497; x_wconf 55' lang='lat' dir='ltr'><strong>brevia,</strong></span> 
     </span>
     <span class='ocr_line' id='line_1_24' title="bbox 260 2503 1621 2585; baseline 0.003 -17"><span class='ocrx_word' id='word_1_252' title='bbox 260 2503 411 2581; x_wconf 59' lang='lat' dir='ltr'><strong>&#39;unditus</strong></span> <span class='ocrx_word' id='word_1_253' title='bbox 442 2505 590 2569; x_wconf 83' lang='lat' dir='ltr'><strong>dividatur</strong></span> <span class='ocrx_word' id='word_1_254' title='bbox 619 2509 649 2565; x_wconf 93' lang='lat' dir='ltr'><strong>ln</strong></span> <span class='ocrx_word' id='word_1_255' title='bbox 678 2509 773 2584; x_wconf 89' lang='grc'>2160,</span> <span class='ocrx_word' id='word_1_256' title='bbox 803 2506 957 2585; x_wconf 72' lang='lat' dir='ltr'><strong>adscriptis</strong></span> <span class='ocrx_word' id='word_1_257' title='bbox 986 2509 1122 2583; x_wconf 90' lang='lat' dir='ltr'><strong>numeris,</strong></span> <span class='ocrx_word' id='word_1_258' title='bbox 1170 2511 1241 2569; x_wconf 73' lang='lat'>2048</span> <span class='ocrx_word' id='word_1_259' title='bbox 1255 2512 1363 2584; x_wconf 68' lang='lat' dir='ltr'><strong>pulpis)</strong></span> <span class='ocrx_word' id='word_1_260' title='bbox 1379 2512 1431 2569; x_wconf 82' lang='grc'>128</span> <span class='ocrx_word' id='word_1_261' title='bbox 1449 2511 1554 2568; x_wconf 88' lang='lat' dir='ltr'><strong>detota</strong></span> <span class='ocrx_word' id='word_1_262' title='bbox 1574 2513 1621 2572; x_wconf 84' lang='grc'>135</span> 
     </span>
     <span class='ocr_line' id='line_1_25' title="bbox 276 2581 1621 2678; baseline 0.001 -26"><span class='ocrx_word' id='word_1_263' title='bbox 276 2599 305 2653; x_wconf 88' lang='lat' dir='ltr'><strong>ct</strong></span> <span class='ocrx_word' id='word_1_264' title='bbox 326 2601 411 2654; x_wconf 88' lang='lat' dir='ltr'><strong>sonet</strong></span> <span class='ocrx_word' id='word_1_265' title='bbox 432 2599 495 2655; x_wconf 84' lang='lat' dir='ltr'><strong>tota</strong></span> <span class='ocrx_word' id='word_1_266' title='bbox 520 2592 555 2656; x_wconf 77' lang='lat' dir='ltr'><strong>G.</strong></span> <span class='ocrx_word' id='word_1_267' title='bbox 581 2594 723 2657; x_wconf 84' lang='lat' dir='ltr'><strong>Indicabo</strong></span> <span class='ocrx_word' id='word_1_268' title='bbox 746 2597 843 2672; x_wconf 81' lang='lat' dir='ltr'><strong>igitur,</strong></span> <span class='ocrx_word' id='word_1_269' title='bbox 866 2596 916 2655; x_wconf 92' lang='lat' dir='ltr'><strong>ubi</strong></span> <span class='ocrx_word' id='word_1_270' title='bbox 938 2611 1123 2654; x_wconf 87' lang='lat' dir='ltr'><strong>numerorum</strong></span> <span class='ocrx_word' id='word_1_271' title='bbox 1152 2581 1241 2662; x_wconf 74' lang='lat'><strong>,1920</strong></span> <span class='ocrx_word' id='word_1_272' title='bbox 1256 2583 1283 2638; x_wconf 72' lang='grc' dir='ltr'><strong><em>Α</em></strong></span> <span class='ocrx_word' id='word_1_273' title='bbox 1413 2583 1431 2640; x_wconf 78' lang='grc'>8</span> <span class='ocrx_word' id='word_1_274' title='bbox 1483 2585 1550 2678; x_wconf 61' lang='lat' dir='ltr'><strong>ss&#39;</strong></span> <span class='ocrx_word' id='word_1_275' title='bbox 1606 2585 1621 2639; x_wconf 84' lang='grc'>9</span> 
     </span>
     <span class='ocr_line' id='line_1_26' title="bbox 275 2653 1621 2782; baseline -0.001 -40"><span class='ocrx_word' id='word_1_276' title='bbox 275 2680 496 2760; x_wconf 88' lang='lat' dir='ltr'><strong>supponendum</strong></span> <span class='ocrx_word' id='word_1_277' title='bbox 518 2683 558 2744; x_wconf 88' lang='lat' dir='ltr'><strong>sit</strong></span> <span class='ocrx_word' id='word_1_278' title='bbox 578 2682 822 2762; x_wconf 85' lang='lat' dir='ltr'><strong>hemisphaerium</strong></span> <span class='ocrx_word' id='word_1_279' title='bbox 837 2678 968 2759; x_wconf 56' lang='lat' dir='ltr'><strong>(mutiet)</strong></span> <span class='ocrx_word' id='word_1_280' title='bbox 991 2700 1045 2760; x_wconf 92' lang='lat' dir='ltr'><strong>pro</strong></span> <span class='ocrx_word' id='word_1_281' title='bbox 1067 2681 1123 2743; x_wconf 89' lang='lat' dir='ltr'><strong>eli·</strong></span> <span class='ocrx_word' id='word_1_282' title='bbox 1170 2653 1275 2778; x_wconf 42' lang='grc' dir='ltr'><strong>ἓξὲξ</strong></span> <span class='ocrx_word' id='word_1_283' title='bbox 1606 2725 1621 2782; x_wconf 77' lang='lat'><strong>5</strong></span> 
     </span>
     <span class='ocr_line' id='line_1_27' title="bbox 276 2767 1623 2850; baseline 0 -21"><span class='ocrx_word' id='word_1_284' title='bbox 276 2767 386 2842; x_wconf 88' lang='lat' dir='ltr'><strong>ciendis</strong></span> <span class='ocrx_word' id='word_1_285' title='bbox 413 2771 494 2829; x_wconf 90' lang='lat' dir='ltr'><strong>sonis</strong></span> <span class='ocrx_word' id='word_1_286' title='bbox 519 2770 557 2829; x_wconf 91' lang='grc'>12</span> <span class='ocrx_word' id='word_1_287' title='bbox 587 2770 757 2831; x_wconf 89' lang='lat' dir='ltr'><strong>chordarum</strong></span> <span class='ocrx_word' id='word_1_288' title='bbox 787 2788 878 2849; x_wconf 87' lang='lat' dir='ltr'><strong>usqne</strong></span> <span class='ocrx_word' id='word_1_289' title='bbox 907 2769 945 2832; x_wconf 87' lang='lat' dir='ltr'><strong>ad</strong></span> <span class='ocrx_word' id='word_1_290' title='bbox 977 2775 1121 2831; x_wconf 84' lang='lat' dir='ltr'><strong>octavam.</strong></span> <span class='ocrx_word' id='word_1_291' title='bbox 1172 2793 1271 2850; x_wconf 69' lang='lat'><strong>1620,</strong></span> <span class='ocrx_word' id='word_1_292' title='bbox 1606 2794 1623 2850; x_wconf 70' lang='lat'><strong>4</strong></span> 
     </span>
     <span class='ocr_line' id='line_1_28' title="bbox 276 2855 1623 2936; baseline 0.003 -20"><span class='ocrx_word' id='word_1_293' title='bbox 276 2855 401 2918; x_wconf 78' lang='lat' dir='ltr'><strong>Tabella</strong></span> <span class='ocrx_word' id='word_1_294' title='bbox 429 2857 471 2919; x_wconf 89' lang='lat' dir='ltr'><strong>sic</strong></span> <span class='ocrx_word' id='word_1_295' title='bbox 501 2865 546 2919; x_wconf 89' lang='lat' dir='ltr'><strong>est</strong></span> <span class='ocrx_word' id='word_1_296' title='bbox 574 2857 777 2936; x_wconf 78' lang='lat' dir='ltr'><strong>intelligendu:</strong></span> <span class='ocrx_word' id='word_1_297' title='bbox 809 2862 835 2919; x_wconf 94' lang='lat' dir='ltr'><strong>sl</strong></span> <span class='ocrx_word' id='word_1_298' title='bbox 866 2856 893 2920; x_wconf 77' lang='lat' dir='ltr'><strong><em>G</em></strong></span> <span class='ocrx_word' id='word_1_299' title='bbox 923 2855 1062 2918; x_wconf 87' lang='lat' dir='ltr'><strong>dividitur</strong></span> <span class='ocrx_word' id='word_1_300' title='bbox 1092 2860 1121 2917; x_wconf 91' lang='lat' dir='ltr'><strong>in</strong></span> <span class='ocrx_word' id='word_1_301' title='bbox 1170 2860 1362 2931; x_wconf 66' lang='lat' dir='ltr'><strong>leecestrie)</strong></span> <span class='ocrx_word' id='word_1_302' title='bbox 1396 2863 1431 2921; x_wconf 66' lang='grc' dir='ltr'><strong>3ῌ</strong></span> <span class='ocrx_word' id='word_1_303' title='bbox 1608 2865 1623 2920; x_wconf 84' lang='grc'>5</span> 
     </span>
     <span class='ocr_line' id='line_1_29' title="bbox 277 2933 1623 3029; baseline 0.003 -27"><span class='ocrx_word' id='word_1_304' title='bbox 277 2945 362 3004; x_wconf 87' lang='grc'>2160</span> <span class='ocrx_word' id='word_1_305' title='bbox 391 2945 541 3029; x_wconf 86' lang='lat' dir='ltr'><strong>aequalia,</strong></span> <span class='ocrx_word' id='word_1_306' title='bbox 575 2952 644 3008; x_wconf 90' lang='lat' dir='ltr'><strong>tunc</strong></span> <span class='ocrx_word' id='word_1_307' title='bbox 674 2947 777 3007; x_wconf 89' lang='lat' dir='ltr'><strong>barum</strong></span> <span class='ocrx_word' id='word_1_308' title='bbox 808 2946 1015 3025; x_wconf 84' lang='lat' dir='ltr'><strong>particularum</strong></span> <span class='ocrx_word' id='word_1_309' title='bbox 1040 2946 1121 3006; x_wconf 84' lang='grc'>1152</span> <span class='ocrx_word' id='word_1_310' title='bbox 1172 2933 1275 2990; x_wconf 60' lang='grc' dir='ltr'><strong>144θᾶ</strong></span> <span class='ocrx_word' id='word_1_311' title='bbox 1488 2959 1514 2970; x_wconf 82' lang='grc'><em>·</em></span> <span class='ocrx_word' id='word_1_312' title='bbox 1606 2933 1623 2990; x_wconf 80' lang='grc'>3</span> 
     </span>
     <span class='ocr_line' id='line_1_30' title="bbox 277 3001 1623 3130; baseline 0.001 -38"><span class='ocrx_word' id='word_1_313' title='bbox 277 3039 384 3093; x_wconf 88' lang='lat' dir='ltr'><strong>sonant</strong></span> <span class='ocrx_word' id='word_1_314' title='bbox 403 3033 436 3111; x_wconf 69' lang='lat' dir='ltr'><strong>sp</strong></span> <span class='ocrx_word' id='word_1_315' title='bbox 455 3033 525 3106; x_wconf 82' lang='lat' dir='ltr'><strong>(lis).</strong></span> <span class='ocrx_word' id='word_1_316' title='bbox 566 3033 606 3094; x_wconf 80' lang='lat' dir='ltr'><strong>At</strong></span> <span class='ocrx_word' id='word_1_317' title='bbox 628 3035 761 3096; x_wconf 84' lang='lat' dir='ltr'><strong>brevius:</strong></span> <span class='ocrx_word' id='word_1_318' title='bbox 785 3037 810 3096; x_wconf 90' lang='lat' dir='ltr'><strong>si</strong></span> <span class='ocrx_word' id='word_1_319' title='bbox 829 3032 1054 3096; x_wconf 76' lang='lat' dir='ltr'><strong>Gdividiturin</strong></span> <span class='ocrx_word' id='word_1_320' title='bbox 1072 3033 1122 3104; x_wconf 83' lang='lat'><strong>15,</strong></span> <span class='ocrx_word' id='word_1_321' title='bbox 1170 3003 1241 3130; x_wconf 55' lang='lat'><strong>{332</strong></span> <span class='ocrx_word' id='word_1_322' title='bbox 1256 3001 1363 3128; x_wconf 43' lang='lat' dir='ltr'><strong>“lime&#39;’</strong></span> <span class='ocrx_word' id='word_1_323' title='bbox 1415 3073 1431 3128; x_wconf 81' lang='lat'><strong>3</strong></span> <span class='ocrx_word' id='word_1_324' title='bbox 1486 3101 1516 3112; x_wconf 59' lang='grc'>-</span> <span class='ocrx_word' id='word_1_325' title='bbox 1606 3005 1623 3129; x_wconf 63' lang='grc' dir='ltr'>ξ</span> 
     </span>
     <span class='ocr_line' id='line_1_31' title="bbox 275 3120 1623 3212; baseline 0.002 -32"><span class='ocrx_word' id='word_1_326' title='bbox 275 3121 386 3180; x_wconf 81' lang='lat' dir='ltr'><strong>tures</strong></span> <span class='ocrx_word' id='word_1_327' title='bbox 414 3121 517 3181; x_wconf 83' lang='lat' dir='ltr'><strong>barum</strong></span> <span class='ocrx_word' id='word_1_328' title='bbox 539 3120 705 3201; x_wconf 81' lang='lat' dir='ltr'><strong>portionum</strong></span> <span class='ocrx_word' id='word_1_329' title='bbox 733 3129 839 3185; x_wconf 87' lang='lat' dir='ltr'><strong>sonent</strong></span> <span class='ocrx_word' id='word_1_330' title='bbox 859 3123 903 3202; x_wconf 55' lang='grc' dir='ltr'><strong>γρ.</strong></span> <span class='ocrx_word' id='word_1_331' title='bbox 948 3120 998 3182; x_wconf 86' lang='lat' dir='ltr'><strong>Sic</strong></span> <span class='ocrx_word' id='word_1_332' title='bbox 1024 3123 1123 3198; x_wconf 86' lang='lat' dir='ltr'><strong>itaque</strong></span> <span class='ocrx_word' id='word_1_333' title='bbox 1170 3143 1274 3212; x_wconf 70' lang='lat' dir='ltr'>1215ss</span> <span class='ocrx_word' id='word_1_334' title='bbox 1414 3143 1431 3200; x_wconf 84' lang='lat' dir='ltr'><strong>p</strong></span> <span class='ocrx_word' id='word_1_335' title='bbox 1484 3173 1518 3183; x_wconf 92' lang='grc'><strong>...</strong></span> <span class='ocrx_word' id='word_1_336' title='bbox 1559 3121 1623 3200; x_wconf 69' lang='lat'><strong>&#39;15</strong></span> 
     </span>
     <span class='ocr_line' id='line_1_32' title="bbox 276 3207 1623 3291; baseline 0 -21"><span class='ocrx_word' id='word_1_337' title='bbox 276 3224 377 3270; x_wconf 88' lang='lat' dir='ltr'><strong>omnes</strong></span> <span class='ocrx_word' id='word_1_338' title='bbox 391 3225 480 3270; x_wconf 84' lang='lat' dir='ltr'><strong>voces</strong></span> <span class='ocrx_word' id='word_1_339' title='bbox 495 3207 533 3268; x_wconf 87' lang='lat' dir='ltr'><strong>ad</strong></span> <span class='ocrx_word' id='word_1_340' title='bbox 548 3212 636 3272; x_wconf 84' lang='lat' dir='ltr'><strong>imam</strong></span> <span class='ocrx_word' id='word_1_341' title='bbox 654 3218 848 3291; x_wconf 84' lang='lat' dir='ltr'><strong>comparatae.</strong></span> <span class='ocrx_word' id='word_1_342' title='bbox 882 3209 1037 3272; x_wconf 84' lang='lat' dir='ltr'><strong>Proximae</strong></span> <span class='ocrx_word' id='word_1_343' title='bbox 1053 3226 1123 3270; x_wconf 80' lang='lat' dir='ltr'><strong>vero</strong></span> <span class='ocrx_word' id='word_1_344' title='bbox 1174 3212 1241 3268; x_wconf 74' lang='grc'>1152</span> <span class='ocrx_word' id='word_1_345' title='bbox 1256 3211 1345 3282; x_wconf 70' lang='lat' dir='ltr'><strong>spiris)</strong></span> <span class='ocrx_word' id='word_1_346' title='bbox 1415 3212 1432 3269; x_wconf 89' lang='lat'>8</span> <span class='ocrx_word' id='word_1_347' title='bbox 1485 3243 1517 3254; x_wconf 86' lang='lat'>—</span> <span class='ocrx_word' id='word_1_348' title='bbox 1593 3213 1623 3270; x_wconf 84' lang='grc'>15</span> 
     </span>
    </p>
   </div>
   <div class='ocr_carea' id='block_1_3' title="bbox 275 3281 1275 3376">
    <p class='ocr_par' dir='ltr' id='par_1_5' title="bbox 275 3281 1275 3376">
     <span class='ocr_line' id='line_1_33' title="bbox 275 3281 1275 3376; baseline -0.001 -20"><span class='ocrx_word' id='word_1_349' title='bbox 275 3287 1123 3376; x_wconf 43' lang='lat' dir='ltr'><strong>sternutaeinvicem:,praestitueresupp</strong></span> <span class='ocrx_word' id='word_1_350' title='bbox 1175 3281 1275 3355; x_wconf 78' lang='lat' dir='ltr'><strong>¹⁰8⁰s</strong></span> 
     </span>
    </p>
   </div>
   <div class='ocr_carea' id='block_1_4' title="bbox 238 3385 1625 4697">
    <p class='ocr_par' dir='ltr' id='par_1_6' title="bbox 238 3385 1625 4697">
     <span class='ocr_line' id='line_1_34' title="bbox 275 3385 1449 3464; baseline 0.003 -6"><span class='ocrx_word' id='word_1_351' title='bbox 275 3387 319 3458; x_wconf 59' lang='grc' dir='ltr'><strong>αὖ</strong></span> <span class='ocrx_word' id='word_1_352' title='bbox 333 3388 353 3445; x_wconf 63' lang='lat' dir='ltr'><strong>d</strong></span> <span class='ocrx_word' id='word_1_353' title='bbox 367 3388 410 3461; x_wconf 59' lang='lat' dir='ltr'><strong>ld,</strong></span> <span class='ocrx_word' id='word_1_354' title='bbox 428 3389 456 3458; x_wconf 69' lang='lat' dir='ltr'><strong>dr</strong></span> <span class='ocrx_word' id='word_1_355' title='bbox 468 3405 498 3460; x_wconf 65' lang='lat'><strong>⁶0</strong></span> <span class='ocrx_word' id='word_1_356' title='bbox 513 3389 557 3462; x_wconf 65' lang='lat' dir='ltr'><strong>ll,</strong></span> <span class='ocrx_word' id='word_1_357' title='bbox 576 3390 718 3464; x_wconf 55' lang='lat' dir='ltr'><strong>(imiimi</strong></span> <span class='ocrx_word' id='word_1_358' title='bbox 736 3412 758 3462; x_wconf 72' lang='lat'><strong>⁶7</strong></span> <span class='ocrx_word' id='word_1_359' title='bbox 770 3395 789 3450; x_wconf 57' lang='lat' dir='ltr'><strong><em>h</em></strong></span> <span class='ocrx_word' id='word_1_360' title='bbox 801 3391 845 3464; x_wconf 68' lang='lat' dir='ltr'><strong>lla</strong></span> <span class='ocrx_word' id='word_1_361' title='bbox 864 3392 890 3460; x_wconf 62' lang='lat' dir='ltr'><strong>hs</strong></span> <span class='ocrx_word' id='word_1_362' title='bbox 904 3390 979 3464; x_wconf 57' lang='lat' dir='ltr'><strong>bns</strong></span> <span class='ocrx_word' id='word_1_363' title='bbox 998 3391 1023 3460; x_wconf 70' lang='lat' dir='ltr'><strong>br</strong></span> <span class='ocrx_word' id='word_1_364' title='bbox 1035 3390 1062 3445; x_wconf 64' lang='grc' dir='ltr'><strong><em>Α</em></strong></span> <span class='ocrx_word' id='word_1_365' title='bbox 1075 3389 1120 3462; x_wconf 50' lang='lat' dir='ltr'><strong>lde</strong></span> <span class='ocrx_word' id='word_1_366' title='bbox 1138 3385 1219 3460; x_wconf 60' lang='lat'><strong>¹129?</strong></span> <span class='ocrx_word' id='word_1_367' title='bbox 1234 3388 1279 3464; x_wconf 70' lang='lat' dir='ltr'><strong>lla</strong></span> <span class='ocrx_word' id='word_1_368' title='bbox 1296 3405 1339 3459; x_wconf 72' lang='lat' dir='ltr'><strong>db</strong></span> <span class='ocrx_word' id='word_1_369' title='bbox 1353 3386 1449 3461; x_wconf 61' lang='lat' dir='ltr'><strong>om·</strong></span> 
     </span>
     <span class='ocr_line' id='line_1_35' title="bbox 274 3467 1623 3556; baseline -0.001 -24"><span class='ocrx_word' id='word_1_370' title='bbox 274 3535 284 3556; x_wconf 56' lang='lat'>‚</span> <span class='ocrx_word' id='word_1_371' title='bbox 378 3471 485 3548; x_wconf 87' lang='lat' dir='ltr'><strong>Vides,</strong></span> <span class='ocrx_word' id='word_1_372' title='bbox 516 3491 551 3535; x_wconf 91' lang='lat' dir='ltr'><strong>ex</strong></span> <span class='ocrx_word' id='word_1_373' title='bbox 583 3476 687 3552; x_wconf 86' lang='lat' dir='ltr'><strong>quibus</strong></span> <span class='ocrx_word' id='word_1_374' title='bbox 716 3475 910 3536; x_wconf 82' lang='lat' dir='ltr'><strong>fundamentis</strong></span> <span class='ocrx_word' id='word_1_375' title='bbox 938 3473 977 3535; x_wconf 85' lang='lat' dir='ltr'><strong>ad</strong></span> <span class='ocrx_word' id='word_1_376' title='bbox 1007 3491 1095 3552; x_wconf 87' lang='lat' dir='ltr'><strong>quam</strong></span> <span class='ocrx_word' id='word_1_377' title='bbox 1116 3472 1322 3550; x_wconf 87' lang='lat' dir='ltr'><strong>perlectionem</strong></span> <span class='ocrx_word' id='word_1_378' title='bbox 1345 3467 1623 3532; x_wconf 89' lang='lat' dir='ltr'><strong>demonstrationum</strong></span> 
     </span>
     <span class='ocr_line' id='line_1_36' title="bbox 275 3559 1622 3636; baseline -0.001 -15"><span class='ocrx_word' id='word_1_379' title='bbox 275 3561 418 3622; x_wconf 85' lang='lat' dir='ltr'><strong>veniatur.</strong></span> <span class='ocrx_word' id='word_1_380' title='bbox 463 3559 532 3622; x_wconf 89' lang='lat' dir='ltr'><strong>Jam</strong></span> <span class='ocrx_word' id='word_1_381' title='bbox 555 3561 622 3624; x_wconf 86' lang='lat' dir='ltr'><strong>vide</strong></span> <span class='ocrx_word' id='word_1_382' title='bbox 651 3571 680 3624; x_wconf 91' lang='lat' dir='ltr'><strong>et</strong></span> <span class='ocrx_word' id='word_1_383' title='bbox 708 3566 835 3626; x_wconf 89' lang='lat' dir='ltr'><strong>rationes</strong></span> <span class='ocrx_word' id='word_1_384' title='bbox 862 3569 994 3624; x_wconf 83' lang='lat' dir='ltr'><strong>veterum</strong></span> <span class='ocrx_word' id='word_1_385' title='bbox 1023 3580 1058 3623; x_wconf 90' lang='lat' dir='ltr'><strong>ex</strong></span> <span class='ocrx_word' id='word_1_386' title='bbox 1080 3559 1214 3620; x_wconf 88' lang='lat' dir='ltr'><strong>Platonis</strong></span> <span class='ocrx_word' id='word_1_387' title='bbox 1236 3559 1374 3636; x_wconf 73' lang='lat' dir='ltr'><strong>Timaeo,</strong></span> <span class='ocrx_word' id='word_1_388' title='bbox 1405 3575 1491 3635; x_wconf 87' lang='lat' dir='ltr'><strong>quem</strong></span> <span class='ocrx_word' id='word_1_389' title='bbox 1523 3575 1622 3620; x_wconf 88' lang='lat' dir='ltr'><strong>omnes</strong></span> 
     </span>
     <span class='ocr_line' id='line_1_37' title="bbox 274 3649 1550 3726; baseline -0.001 -18"><span class='ocrx_word' id='word_1_390' title='bbox 274 3650 381 3709; x_wconf 90' lang='lat' dir='ltr'><strong>imitati</strong></span> <span class='ocrx_word' id='word_1_391' title='bbox 404 3655 479 3726; x_wconf 82' lang='lat' dir='ltr'><strong>sunt,</strong></span> <span class='ocrx_word' id='word_1_392' title='bbox 506 3657 537 3711; x_wconf 89' lang='lat' dir='ltr'><strong>ut</strong></span> <span class='ocrx_word' id='word_1_393' title='bbox 559 3649 596 3713; x_wconf 87' lang='lat' dir='ltr'><strong>ds</strong></span> <span class='ocrx_word' id='word_1_394' title='bbox 618 3649 682 3712; x_wconf 92' lang='lat' dir='ltr'><strong>solo</strong></span> <span class='ocrx_word' id='word_1_395' title='bbox 703 3649 874 3714; x_wconf 86' lang='lat' dir='ltr'><strong>Ptolemaeo</strong></span> <span class='ocrx_word' id='word_1_396' title='bbox 897 3651 968 3711; x_wconf 91' lang='lat' dir='ltr'><strong>mihi</strong></span> <span class='ocrx_word' id='word_1_397' title='bbox 990 3667 1049 3710; x_wconf 92' lang='lat' dir='ltr'><strong>non</strong></span> <span class='ocrx_word' id='word_1_398' title='bbox 1071 3654 1192 3708; x_wconf 90' lang='lat' dir='ltr'><strong>constet.</strong></span> <span class='ocrx_word' id='word_1_399' title='bbox 1548 3663 1550 3672; x_wconf 65' lang='lat'><strong>¹</strong></span> 
     </span>
     <span class='ocr_line' id='line_1_38' title="bbox 378 3731 1622 3817; baseline -0.002 -19"><span class='ocrx_word' id='word_1_400' title='bbox 378 3735 485 3800; x_wconf 88' lang='lat' dir='ltr'><strong>Rerum</strong></span> <span class='ocrx_word' id='word_1_401' title='bbox 520 3739 676 3817; x_wconf 87' lang='lat' dir='ltr'><strong>principia,</strong></span> <span class='ocrx_word' id='word_1_402' title='bbox 713 3741 808 3817; x_wconf 87' lang='lat' dir='ltr'><strong>inquit</strong></span> <span class='ocrx_word' id='word_1_403' title='bbox 835 3739 936 3813; x_wconf 89' lang='lat' dir='ltr'><strong>Plato,</strong></span> <span class='ocrx_word' id='word_1_404' title='bbox 974 3739 1029 3799; x_wconf 87' lang='lat' dir='ltr'><strong>tria</strong></span> <span class='ocrx_word' id='word_1_405' title='bbox 1058 3744 1154 3807; x_wconf 28' lang='lat' dir='ltr'><strong>sunta,</strong></span> <span class='ocrx_word' id='word_1_406' title='bbox 1182 3736 1214 3812; x_wconf 90' lang='grc'>1)</span> <span class='ocrx_word' id='word_1_407' title='bbox 1248 3731 1357 3812; x_wconf 64' lang='lat' dir='ltr'><strong>Odore,</strong></span> <span class='ocrx_word' id='word_1_408' title='bbox 1394 3735 1559 3813; x_wconf 88' lang='lat' dir='ltr'><strong>composita</strong></span> <span class='ocrx_word' id='word_1_409' title='bbox 1588 3753 1622 3796; x_wconf 84' lang='lat' dir='ltr'><strong>er</strong></span> 
     </span>
     <span class='ocr_line' id='line_1_39' title="bbox 275 3819 1623 3910; baseline -0.001 -23"><span class='ocrx_word' id='word_1_410' title='bbox 275 3821 430 3902; x_wconf 77' lang='grc' dir='ltr'>ἆμοριστοο</span> <span class='ocrx_word' id='word_1_411' title='bbox 459 3832 489 3886; x_wconf 89' lang='lat' dir='ltr'><strong>et</strong></span> <span class='ocrx_word' id='word_1_412' title='bbox 510 3847 641 3902; x_wconf 81' lang='grc' dir='ltr'><strong><em>μεριστης</em></strong></span> <span class='ocrx_word' id='word_1_413' title='bbox 664 3849 792 3906; x_wconf 62' lang='lat' dir='ltr'><strong>pueros,</strong></span> <span class='ocrx_word' id='word_1_414' title='bbox 827 3823 857 3910; x_wconf 87' lang='grc'><strong>2)</strong></span> <span class='ocrx_word' id='word_1_415' title='bbox 885 3825 982 3902; x_wconf 91' lang='lat' dir='ltr'><strong>Idem,</strong></span> <span class='ocrx_word' id='word_1_416' title='bbox 1016 3827 1050 3902; x_wconf 84' lang='lat'><strong>3)</strong></span> <span class='ocrx_word' id='word_1_417' title='bbox 1079 3819 1219 3883; x_wconf 85' lang='lat' dir='ltr'><strong>Alterum.</strong></span> <span class='ocrx_word' id='word_1_418' title='bbox 1277 3821 1349 3883; x_wconf 74' lang='lat' dir='ltr'><strong>(lum</strong></span> <span class='ocrx_word' id='word_1_419' title='bbox 1381 3836 1450 3900; x_wconf 82' lang='lat' dir='ltr'><strong>crgo</strong></span> <span class='ocrx_word' id='word_1_420' title='bbox 1482 3825 1623 3885; x_wconf 74' lang='lat' dir='ltr'><strong>tertiarius</strong></span> 
     </span>
     <span class='ocr_line' id='line_1_40' title="bbox 275 3911 1625 3993; baseline 0 -21"><span class='ocrx_word' id='word_1_421' title='bbox 275 3914 417 3992; x_wconf 84' lang='lat' dir='ltr'><strong>principia</strong></span> <span class='ocrx_word' id='word_1_422' title='bbox 461 3912 670 3993; x_wconf 87' lang='lat' dir='ltr'><strong>complectatur</strong></span> <span class='ocrx_word' id='word_1_423' title='bbox 712 3933 821 3992; x_wconf 89' lang='lat' dir='ltr'><strong>rernm,</strong></span> <span class='ocrx_word' id='word_1_424' title='bbox 867 3917 921 3976; x_wconf 88' lang='lat' dir='ltr'><strong>erit</strong></span> <span class='ocrx_word' id='word_1_425' title='bbox 964 3918 994 3976; x_wconf 89' lang='lat' dir='ltr'><strong>et</strong></span> <span class='ocrx_word' id='word_1_426' title='bbox 1037 3912 1255 3973; x_wconf 81' lang='lat' dir='ltr'><strong>tundamentum</strong></span> <span class='ocrx_word' id='word_1_427' title='bbox 1299 3911 1438 3984; x_wconf 88' lang='lat' dir='ltr'><strong>musices,</strong></span> <span class='ocrx_word' id='word_1_428' title='bbox 1484 3917 1514 3972; x_wconf 91' lang='lat' dir='ltr'><strong>et</strong></span> <span class='ocrx_word' id='word_1_429' title='bbox 1551 3911 1625 3973; x_wconf 87' lang='lat' dir='ltr'><strong>alias</strong></span> 
     </span>
     <span class='ocr_line' id='line_1_41' title="bbox 275 3994 1623 4079; baseline 0 -18"><span class='ocrx_word' id='word_1_430' title='bbox 275 4001 392 4062; x_wconf 81' lang='lat' dir='ltr'><strong>divinus</strong></span> <span class='ocrx_word' id='word_1_431' title='bbox 422 4007 480 4077; x_wconf 89' lang='lat' dir='ltr'><strong>est,</strong></span> <span class='ocrx_word' id='word_1_432' title='bbox 514 4003 580 4062; x_wconf 86' lang='lat' dir='ltr'><strong>cum</strong></span> <span class='ocrx_word' id='word_1_433' title='bbox 609 4003 639 4062; x_wconf 91' lang='lat' dir='ltr'><strong>in</strong></span> <span class='ocrx_word' id='word_1_434' title='bbox 672 4005 805 4064; x_wconf 88' lang='lat' dir='ltr'><strong>omnibus</strong></span> <span class='ocrx_word' id='word_1_435' title='bbox 837 4005 894 4064; x_wconf 84' lang='lat' dir='ltr'><strong>tria</strong></span> <span class='ocrx_word' id='word_1_436' title='bbox 927 4005 999 4064; x_wconf 85' lang='lat' dir='ltr'><strong>sint:</strong></span> <span class='ocrx_word' id='word_1_437' title='bbox 1031 4001 1217 4079; x_wconf 88' lang='lat' dir='ltr'><strong>principium,</strong></span> <span class='ocrx_word' id='word_1_438' title='bbox 1252 3994 1392 4069; x_wconf 83' lang='lat' dir='ltr'><strong>medium,</strong></span> <span class='ocrx_word' id='word_1_439' title='bbox 1426 3997 1501 4060; x_wconf 88' lang='lat' dir='ltr'><strong>finis.</strong></span> <span class='ocrx_word' id='word_1_440' title='bbox 1555 3999 1623 4061; x_wconf 82' lang='lat' dir='ltr'><strong>dam</strong></span> 
     </span>
     <span class='ocr_line' id='line_1_42' title="bbox 275 4084 1624 4169; baseline 0.003 -23"><span class='ocrx_word' id='word_1_441' title='bbox 275 4106 321 4155; x_wconf 86' lang='lat' dir='ltr'><strong>res</strong></span> <span class='ocrx_word' id='word_1_442' title='bbox 353 4106 412 4149; x_wconf 92' lang='lat' dir='ltr'><strong>uon</strong></span> <span class='ocrx_word' id='word_1_443' title='bbox 446 4095 514 4150; x_wconf 89' lang='lat' dir='ltr'><strong>sunt</strong></span> <span class='ocrx_word' id='word_1_444' title='bbox 547 4089 712 4169; x_wconf 83' lang='lat' dir='ltr'><strong>superficies</strong></span> <span class='ocrx_word' id='word_1_445' title='bbox 730 4099 794 4152; x_wconf 75' lang='lat' dir='ltr'><strong>¹aut</strong></span> <span class='ocrx_word' id='word_1_446' title='bbox 821 4091 926 4165; x_wconf 87' lang='lat' dir='ltr'><strong>lineae,</strong></span> <span class='ocrx_word' id='word_1_447' title='bbox 959 4085 1012 4153; x_wconf 87' lang='lat' dir='ltr'><strong>sed</strong></span> <span class='ocrx_word' id='word_1_448' title='bbox 1042 4105 1171 4168; x_wconf 87' lang='lat' dir='ltr'><strong>corpora</strong></span> <span class='ocrx_word' id='word_1_449' title='bbox 1225 4084 1347 4167; x_wconf 90' lang='lat' dir='ltr'><strong>Oportet</strong></span> <span class='ocrx_word' id='word_1_450' title='bbox 1378 4103 1447 4164; x_wconf 78' lang='lat' dir='ltr'><strong>ergo</strong></span> <span class='ocrx_word' id='word_1_451' title='bbox 1479 4088 1624 4150; x_wconf 83' lang='lat' dir='ltr'><strong>elementa</strong></span> 
     </span>
     <span class='ocr_line' id='line_1_43' title="bbox 275 4165 1614 4261; baseline -0.001 -24"><span class='ocrx_word' id='word_1_452' title='bbox 275 4178 392 4239; x_wconf 87' lang='lat' dir='ltr'><strong>ternarii</strong></span> <span class='ocrx_word' id='word_1_453' title='bbox 429 4181 589 4257; x_wconf 89' lang='lat' dir='ltr'><strong>corporari,</strong></span> <span class='ocrx_word' id='word_1_454' title='bbox 633 4181 696 4239; x_wconf 82' lang='lat' dir='ltr'><strong>sire</strong></span> <span class='ocrx_word' id='word_1_455' title='bbox 732 4179 865 4255; x_wconf 85' lang='lat' dir='ltr'><strong>solidari,</strong></span> <span class='ocrx_word' id='word_1_456' title='bbox 907 4178 937 4238; x_wconf 94' lang='lat' dir='ltr'><strong>h.</strong></span> <span class='ocrx_word' id='word_1_457' title='bbox 975 4195 999 4240; x_wconf 93' lang='lat' dir='ltr'><strong>e.</strong></span> <span class='ocrx_word' id='word_1_458' title='bbox 1034 4177 1134 4238; x_wconf 89' lang='lat' dir='ltr'><strong>cubice</strong></span> <span class='ocrx_word' id='word_1_459' title='bbox 1171 4176 1354 4261; x_wconf 84' lang='lat' dir='ltr'><strong>multiplicari</strong></span> <span class='ocrx_word' id='word_1_460' title='bbox 1392 4182 1423 4235; x_wconf 90' lang='lat' dir='ltr'><strong>ut</strong></span> <span class='ocrx_word' id='word_1_461' title='bbox 1457 4175 1467 4258; x_wconf 62' lang='grc'>1</span> <span class='ocrx_word' id='word_1_462' title='bbox 1500 4175 1535 4260; x_wconf 72' lang='grc' dir='ltr'><strong>’ξ</strong></span> <span class='ocrx_word' id='word_1_463' title='bbox 1586 4165 1614 4260; x_wconf 67' lang='grc' dir='ltr'><strong>ξ’</strong></span> 
     </span>
     <span class='ocr_line' id='line_1_44' title="bbox 238 4261 1616 4344; baseline -0.001 -21"><span class='ocrx_word' id='word_1_464' title='bbox 238 4261 244 4268; x_wconf 82' lang='grc'><strong>”</strong></span> <span class='ocrx_word' id='word_1_465' title='bbox 275 4261 354 4324; x_wconf 87' lang='lat' dir='ltr'><strong>Hinc</strong></span> <span class='ocrx_word' id='word_1_466' title='bbox 375 4265 473 4325; x_wconf 83' lang='lat' dir='ltr'><strong>existit</strong></span> <span class='ocrx_word' id='word_1_467' title='bbox 495 4269 585 4328; x_wconf 88' lang='lat' dir='ltr'><strong>series</strong></span> <span class='ocrx_word' id='word_1_468' title='bbox 607 4283 790 4329; x_wconf 89' lang='lat' dir='ltr'><strong>numerorum</strong></span> <span class='ocrx_word' id='word_1_469' title='bbox 815 4270 843 4344; x_wconf 91' lang='lat'><strong>1,</strong></span> <span class='ocrx_word' id='word_1_470' title='bbox 867 4268 902 4340; x_wconf 89' lang='grc'><strong>2,</strong></span> <span class='ocrx_word' id='word_1_471' title='bbox 927 4264 1020 4341; x_wconf 81' lang='grc'>3,“4,</span> <span class='ocrx_word' id='word_1_472' title='bbox 1046 4267 1079 4341; x_wconf 83' lang='lat'><strong>8,</strong></span> <span class='ocrx_word' id='word_1_473' title='bbox 1104 4267 1132 4341; x_wconf 86' lang='grc'><strong>9,</strong></span> <span class='ocrx_word' id='word_1_474' title='bbox 1157 4264 1214 4339; x_wconf 82' lang='grc'><strong>27,</strong></span> <span class='ocrx_word' id='word_1_475' title='bbox 1238 4281 1311 4341; x_wconf 80' lang='lat' dir='ltr'><strong>quos</strong></span> <span class='ocrx_word' id='word_1_476' title='bbox 1333 4265 1408 4324; x_wconf 90' lang='lat' dir='ltr'><strong>inter</strong></span> <span class='ocrx_word' id='word_1_477' title='bbox 1443 4263 1542 4320; x_wconf 73' lang='grc' dir='ltr'><strong>ΤΤ</strong></span> <span class='ocrx_word' id='word_1_478' title='bbox 1564 4263 1616 4322; x_wconf 71' lang='grc' dir='ltr'>Τ</span> 
     </span>
     <span class='ocr_line' id='line_1_45' title="bbox 277 4324 1613 4438; baseline -0.001 -27"><span class='ocrx_word' id='word_1_479' title='bbox 277 4367 376 4412; x_wconf 90' lang='lat' dir='ltr'><strong>omnes</strong></span> <span class='ocrx_word' id='word_1_480' title='bbox 399 4351 498 4414; x_wconf 92' lang='lat' dir='ltr'><strong>ordine</strong></span> <span class='ocrx_word' id='word_1_481' title='bbox 520 4353 582 4433; x_wconf 76' lang='lat' dir='ltr'><strong>logi</strong></span> <span class='ocrx_word' id='word_1_482' title='bbox 603 4353 722 4432; x_wconf 85' lang='lat' dir='ltr'><strong>perfecti</strong></span> <span class='ocrx_word' id='word_1_483' title='bbox 743 4361 819 4431; x_wconf 85' lang='lat' dir='ltr'><strong>sunt,</strong></span> <span class='ocrx_word' id='word_1_484' title='bbox 843 4351 1034 4430; x_wconf 58' lang='lat' dir='ltr'><strong>congruenter</strong></span> <span class='ocrx_word' id='word_1_485' title='bbox 1055 4353 1141 4414; x_wconf 89' lang='lat' dir='ltr'><strong>rebus</strong></span> <span class='ocrx_word' id='word_1_486' title='bbox 1164 4354 1295 4438; x_wconf 81' lang='lat' dir='ltr'><strong>musicis,</strong></span> <span class='ocrx_word' id='word_1_487' title='bbox 1318 4357 1349 4412; x_wconf 88' lang='lat' dir='ltr'><strong>ut</strong></span> <span class='ocrx_word' id='word_1_488' title='bbox 1374 4351 1405 4434; x_wconf 64' lang='grc'><strong>,1,</strong></span> <span class='ocrx_word' id='word_1_489' title='bbox 1441 4324 1483 4425; x_wconf 60' lang='grc' dir='ltr'><strong>-ἷ-</strong></span> <span class='ocrx_word' id='word_1_490' title='bbox 1503 4325 1540 4426; x_wconf 63' lang='grc' dir='ltr'><strong>’ξ-</strong></span> <span class='ocrx_word' id='word_1_491' title='bbox 1557 4327 1613 4427; x_wconf 63' lang='lat'><strong>3:³17</strong></span> 
     </span>
     <span class='ocr_line' id='line_1_46' title="bbox 275 4436 1623 4528; baseline 0.001 -31"><span class='ocrx_word' id='word_1_492' title='bbox 275 4437 307 4523; x_wconf 57' lang='grc' dir='ltr'><strong>ξ,</strong></span> <span class='ocrx_word' id='word_1_493' title='bbox 331 4437 360 4523; x_wconf 60' lang='lat' dir='ltr'><strong>ff,</strong></span> <span class='ocrx_word' id='word_1_494' title='bbox 383 4436 436 4498; x_wconf 88' lang='lat' dir='ltr'><strong>sed</strong></span> <span class='ocrx_word' id='word_1_495' title='bbox 457 4438 478 4524; x_wconf 52' lang='grc' dir='ltr'>ᾗ</span> <span class='ocrx_word' id='word_1_496' title='bbox 501 4449 545 4503; x_wconf 90' lang='lat' dir='ltr'><strong>est</strong></span> <span class='ocrx_word' id='word_1_497' title='bbox 569 4441 597 4524; x_wconf 62' lang='grc'>,1,</span> <span class='ocrx_word' id='word_1_498' title='bbox 619 4442 688 4504; x_wconf 87' lang='lat' dir='ltr'><strong>hinc</strong></span> <span class='ocrx_word' id='word_1_499' title='bbox 709 4440 732 4527; x_wconf 61' lang='grc' dir='ltr'>ξ</span> <span class='ocrx_word' id='word_1_500' title='bbox 754 4451 783 4504; x_wconf 83' lang='grc' dir='ltr'><strong>ο1</strong></span> <span class='ocrx_word' id='word_1_501' title='bbox 803 4441 849 4526; x_wconf 67' lang='lat'>&#39;¹2⁹⁷</span> <span class='ocrx_word' id='word_1_502' title='bbox 869 4443 933 4503; x_wconf 86' lang='lat' dir='ltr'><strong>sive</strong></span> <span class='ocrx_word' id='word_1_503' title='bbox 955 4441 986 4528; x_wconf 53' lang='grc' dir='ltr'><strong>ᾖ,</strong></span> <span class='ocrx_word' id='word_1_504' title='bbox 1009 4442 1118 4518; x_wconf 87' lang='lat' dir='ltr'><strong>quibus</strong></span> <span class='ocrx_word' id='word_1_505' title='bbox 1136 4439 1290 4521; x_wconf 88' lang='lat' dir='ltr'><strong>intervalla</strong></span> <span class='ocrx_word' id='word_1_506' title='bbox 1311 4441 1423 4499; x_wconf 87' lang='lat' dir='ltr'><strong>musica</strong></span> <span class='ocrx_word' id='word_1_507' title='bbox 1444 4438 1521 4499; x_wconf 85' lang='lat' dir='ltr'><strong>haec</strong></span> <span class='ocrx_word' id='word_1_508' title='bbox 1543 4457 1623 4501; x_wconf 90' lang='lat' dir='ltr'><strong>com·</strong></span> 
     </span>
     <span class='ocr_line' id='line_1_47' title="bbox 276 4529 1623 4608; baseline 0.001 -22"><span class='ocrx_word' id='word_1_509' title='bbox 276 4532 375 4607; x_wconf 87' lang='lat' dir='ltr'><strong>petere</strong></span> <span class='ocrx_word' id='word_1_510' title='bbox 397 4543 498 4588; x_wconf 90' lang='lat' dir='ltr'><strong>sensus</strong></span> <span class='ocrx_word' id='word_1_511' title='bbox 518 4529 647 4606; x_wconf 75' lang='lat' dir='ltr'><strong>judicate</strong></span> <span class='ocrx_word' id='word_1_512' title='bbox 675 4537 795 4606; x_wconf 70' lang='lat' dir='ltr'><strong>nemra,</strong></span> <span class='ocrx_word' id='word_1_513' title='bbox 825 4531 939 4607; x_wconf 82' lang='lat' dir='ltr'><strong>quinta,</strong></span> <span class='ocrx_word' id='word_1_514' title='bbox 964 4536 1082 4608; x_wconf 84' lang='lat' dir='ltr'><strong>quarta,</strong></span> <span class='ocrx_word' id='word_1_515' title='bbox 1113 4531 1217 4590; x_wconf 88' lang='lat' dir='ltr'><strong>iterum</strong></span> <span class='ocrx_word' id='word_1_516' title='bbox 1239 4535 1360 4602; x_wconf 89' lang='lat' dir='ltr'><strong>octnra,</strong></span> <span class='ocrx_word' id='word_1_517' title='bbox 1391 4532 1490 4602; x_wconf 88' lang='lat' dir='ltr'><strong>tonus,</strong></span> <span class='ocrx_word' id='word_1_518' title='bbox 1523 4531 1623 4605; x_wconf 85' lang='lat' dir='ltr'><strong>quinta</strong></span> 
     </span>
     <span class='ocr_line' id='line_1_48' title="bbox 277 4616 1620 4697; baseline 0 -23"><span class='ocrx_word' id='word_1_519' title='bbox 277 4631 364 4693; x_wconf 84' lang='lat' dir='ltr'><strong>supra</strong></span> <span class='ocrx_word' id='word_1_520' title='bbox 392 4619 537 4676; x_wconf 86' lang='lat' dir='ltr'><strong>octavam.</strong></span> <span class='ocrx_word' id='word_1_521' title='bbox 593 4616 728 4681; x_wconf 78' lang='lat' dir='ltr'><strong>Ceterum</strong></span> <span class='ocrx_word' id='word_1_522' title='bbox 761 4637 826 4682; x_wconf 90' lang='lat' dir='ltr'><strong>cnm</strong></span> <span class='ocrx_word' id='word_1_523' title='bbox 858 4616 916 4679; x_wconf 90' lang='lat' dir='ltr'><strong>duo</strong></span> <span class='ocrx_word' id='word_1_524' title='bbox 949 4621 1025 4697; x_wconf 77' lang='lat' dir='ltr'><strong>loyes</strong></span> <span class='ocrx_word' id='word_1_525' title='bbox 1056 4619 1231 4694; x_wconf 86' lang='lat' dir='ltr'><strong>integrorum</strong></span> <span class='ocrx_word' id='word_1_526' title='bbox 1265 4630 1447 4676; x_wconf 85' lang='lat' dir='ltr'><strong>numerorum</strong></span> <span class='ocrx_word' id='word_1_527' title='bbox 1480 4617 1620 4693; x_wconf 84' lang='lat' dir='ltr'><strong>intersint,</strong></span> 
     </span>
    </p>
   </div>
   <div class='ocr_carea' id='block_1_5' title="bbox 277 4701 1620 4789">
    <p class='ocr_par' dir='ltr' id='par_1_7' title="bbox 277 4701 1620 4789">
     <span class='ocr_line' id='line_1_49' title="bbox 277 4701 1620 4789; baseline 0.001 -27"><span class='ocrx_word' id='word_1_528' title='bbox 277 4719 316 4762; x_wconf 91' lang='lat' dir='ltr'><strong>sc.</strong></span> <span class='ocrx_word' id='word_1_529' title='bbox 331 4701 361 4787; x_wconf 57' lang='grc'><strong>’1</strong></span> <span class='ocrx_word' id='word_1_530' title='bbox 384 4707 414 4762; x_wconf 92' lang='lat' dir='ltr'><strong>et</strong></span> <span class='ocrx_word' id='word_1_531' title='bbox 435 4703 465 4789; x_wconf 52' lang='lat' dir='ltr'><strong>l,</strong></span> <span class='ocrx_word' id='word_1_532' title='bbox 490 4707 605 4782; x_wconf 86' lang='lat' dir='ltr'><strong>oportet</strong></span> <span class='ocrx_word' id='word_1_533' title='bbox 626 4723 677 4767; x_wconf 90' lang='lat' dir='ltr'><strong>eos</strong></span> <span class='ocrx_word' id='word_1_534' title='bbox 701 4705 814 4787; x_wconf 90' lang='lat' dir='ltr'><strong>implsrl</strong></span> <span class='ocrx_word' id='word_1_535' title='bbox 837 4706 1051 4770; x_wconf 87' lang='lat' dir='ltr'><strong>medietatibus.</strong></span> <span class='ocrx_word' id='word_1_536' title='bbox 1096 4705 1212 4765; x_wconf 88' lang='lat' dir='ltr'><strong>Debent</strong></span> <span class='ocrx_word' id='word_1_537' title='bbox 1233 4710 1331 4764; x_wconf 88' lang='lat' dir='ltr'><strong>arrtem</strong></span> <span class='ocrx_word' id='word_1_538' title='bbox 1355 4702 1430 4764; x_wconf 84' lang='lat' dir='ltr'><strong>dnae</strong></span> <span class='ocrx_word' id='word_1_539' title='bbox 1451 4701 1620 4765; x_wconf 87' lang='lat' dir='ltr'><strong>medietates</strong></span> 
     </span>
    </p>
   </div>
   <div class='ocr_carea' id='block_1_6' title="bbox 139 4790 1620 4873">
    <p class='ocr_par' dir='ltr' id='par_1_8' title="bbox 139 4790 1620 4873">
     <span class='ocr_line' id='line_1_50' title="bbox 139 4790 1620 4873; baseline 0.003 -26"><span class='ocrx_word' id='word_1_540' title='bbox 139 4820 142 4830; x_wconf 77' lang='lat'>=</span> <span class='ocrx_word' id='word_1_541' title='bbox 167 4837 169 4842; x_wconf 89' lang='lat'><em>.</em></span> <span class='ocrx_word' id='word_1_542' title='bbox 276 4790 430 4871; x_wconf 87' lang='lat' dir='ltr'><strong>interponi,</strong></span> <span class='ocrx_word' id='word_1_543' title='bbox 452 4805 511 4852; x_wconf 92' lang='lat' dir='ltr'><strong>non</strong></span> <span class='ocrx_word' id='word_1_544' title='bbox 526 4809 599 4868; x_wconf 83' lang='lat' dir='ltr'><strong>mra3</strong></span> <span class='ocrx_word' id='word_1_545' title='bbox 622 4796 695 4857; x_wconf 88' lang='lat' dir='ltr'><strong>ratio</strong></span> <span class='ocrx_word' id='word_1_546' title='bbox 716 4795 798 4873; x_wconf 87' lang='lat' dir='ltr'><strong>baec,</strong></span> <span class='ocrx_word' id='word_1_547' title='bbox 823 4796 892 4873; x_wconf 83' lang='lat' dir='ltr'><strong>quia</strong></span> <span class='ocrx_word' id='word_1_548' title='bbox 905 4798 935 4855; x_wconf 95' lang='lat' dir='ltr'><strong>in</strong></span> <span class='ocrx_word' id='word_1_549' title='bbox 950 4795 1110 4872; x_wconf 83' lang='lat' dir='ltr'><strong>geometria</strong></span> <span class='ocrx_word' id='word_1_550' title='bbox 1131 4790 1289 4853; x_wconf 89' lang='lat' dir='ltr'><strong>solidorum</strong></span> <span class='ocrx_word' id='word_1_551' title='bbox 1311 4791 1385 4852; x_wconf 87' lang='lat' dir='ltr'><strong>alies</strong></span> <span class='ocrx_word' id='word_1_552' title='bbox 1408 4809 1524 4870; x_wconf 84' lang='lat' dir='ltr'><strong>quoque</strong></span> <span class='ocrx_word' id='word_1_553' title='bbox 1548 4791 1620 4853; x_wconf 87' lang='lat' dir='ltr'><strong>duae</strong></span> 
     </span>
    </p>
   </div>
   <div class='ocr_carea' id='block_1_7' title="bbox 276 4868 1622 4963">
    <p class='ocr_par' dir='ltr' id='par_1_9' title="bbox 276 4868 1622 4963">
     <span class='ocr_line' id='line_1_51' title="bbox 276 4868 1622 4963; baseline 0.003 -24"><span class='ocrx_word' id='word_1_554' title='bbox 276 4877 390 4943; x_wconf 81' lang='lat' dir='ltr'><strong>modias</strong></span> <span class='ocrx_word' id='word_1_555' title='bbox 412 4878 644 4963; x_wconf 80' lang='lat' dir='ltr'><strong>proportionales</strong></span> <span class='ocrx_word' id='word_1_556' title='bbox 665 4883 838 4947; x_wconf 86' lang='lat' dir='ltr'><strong>statuendae</strong></span> <span class='ocrx_word' id='word_1_557' title='bbox 859 4888 928 4946; x_wconf 79' lang='lat' dir='ltr'><strong>sumt</strong></span> <span class='ocrx_word' id='word_1_558' title='bbox 948 4884 1023 4945; x_wconf 88' lang='lat' dir='ltr'><strong>iuter</strong></span> <span class='ocrx_word' id='word_1_559' title='bbox 1045 4881 1117 4944; x_wconf 91' lang='lat' dir='ltr'><strong>duas</strong></span> <span class='ocrx_word' id='word_1_560' title='bbox 1139 4868 1292 4959; x_wconf 75' lang='lat' dir='ltr'><strong>exuembs,</strong></span> <span class='ocrx_word' id='word_1_561' title='bbox 1315 4881 1389 4942; x_wconf 88' lang='lat' dir='ltr'><strong>sicut</strong></span> <span class='ocrx_word' id='word_1_562' title='bbox 1410 4881 1441 4940; x_wconf 89' lang='lat' dir='ltr'><strong>in</strong></span> <span class='ocrx_word' id='word_1_563' title='bbox 1463 4883 1622 4960; x_wconf 76' lang='lat' dir='ltr'><strong>geometris</strong></span> 
     </span>
    </p>
   </div>
   <div class='ocr_carea' id='block_1_8' title="bbox 0 0 1745 5548">
    <p class='ocr_par' dir='ltr' id='par_1_10' title="bbox 0 0 1745 5548">
     <span class='ocr_line' id='line_1_52' title="bbox 0 0 1745 5548; baseline 0 0"><span class='ocrx_word' id='word_1_564' title='bbox 0 0 1745 5548; x_wconf 95' lang='lat' dir='ltr'><strong> </strong></span> 
     </span>
    </p>
   </div>
  </div>
 </body>
</html>
