3480 5548
695 410 729 466 de
747 411 901 468 Harmonia.
1429 417 1468 478 a1

117 584 177 662 μετ’
205 584 349 667 ἀλληλωι
370 585 522 670 ἑξαριιιισι
549 611 618 659 τους
637 612 742 663 accone
776 595 949 666 διακοσμους
977 615 1036 654 ιιι
1061 590 1154 655 drabe
1180 616 1229 654 και
1248 613 1301 666 την
1323 589 1353 654 s’a
1375 588 1473 661 αὐτοις

119 677 279 738 ascaricus.
337 675 412 736 Nam
435 681 490 736 etsi
511 695 568 738 non
593 679 696 739 erescit
708 696 754 756 ,ex
776 679 997 756 quinquangulo
1023 681 1089 755 flos,
1121 687 1154 740 ut
1176 698 1212 741 ιι
1234 679 1345 754 radies,
1375 686 1471 739 tamen

119 765 272 823 concurrit
299 751 344 826 id
357 763 396 824 ad
424 781 543 826 causam
572 765 735 838 ionnslem,
770 783 858 842 quam
888 770 1031 845 spectavit
1061 776 1182 828 creator.
1226 761 1331 842 Itaque
1358 773 1471 826 tantum

118 853 216 924 abest,
242 858 276 912 ut
298 848 484 930 dpsiaooqma
504 855 544 912 sit
565 852 622 912 boc
641 851 751 914 dietum
773 851 863 933 (quod
878 855 996 930 quidem
1013 855 1183 916 Aristoteles
1204 858 1305 914 nititur
1326 855 1470 932 probare),

119 945 154 997 nt
177 939 281 1016 potius
304 956 340 1000 er
363 938 449 1000 ιιι
441 957 505 1018 ipso
528 939 728 1020 perfectissimi
742 940 897 1001 reddamur
917 942 1092 1020 philosophi,
1116 942 1195 1019 quod
1209 943 1342 1003 videmus
1356 942 1472 1002 matbc-
1570 959 1574 980 ¹

57 1038 63 1056 ·
117 1027 232 1086 marica
256 1029 352 1086 inesse
375 1028 404 1084 iu
428 1027 522 1103 rebus,
546 1045 601 1088 neo
622 1031 773 1094 tamenin
796 1046 847 1089 eas
869 1033 969 1090 venire
992 1032 1042 1090 ria
1063 1029 1198 1090 naturali.
1250 1032 1294 1090 Ex
1316 1030 1373 1089 boo
1394 1031 1470 1090 enim

119 1113 313 1189 colligimus,
316 1130 435 1174 causam
450 1133 514 1178 esso
528 1117 688 1195 principem
703 1113 934 1196 α’ρχιτικτοιιιηι
948 1124 978 1178 ιι
992 1117 1211 1193 intelligentem,
1228 1135 1305 1194 quae
1320 1125 1471 1178 connectat
1534 1113 1536 1118 ’

117 1202 234 1280 figuras
257 1200 406 1264 ordinatae
429 1209 484 1262 etc.

231 1287 334 1348 Jam
326 1307 355 1348 ιι
377 1292 536 1366 geometria
558 1307 646 1368 saepe
668 1293 797 1369 cogitavi
818 1291 892 1352 duae
910 1299 1012 1396 partes
1041 1292 1150 1366 iacere,
1180 1294 1241 1352 ιι
1233 1311 1262 1351 ιιι
1285 1295 1379 1370 prima
1400 1309 1471 1354 eon-

117 1376 287 1438 siderentur
308 1379 495 1454 quantitates,
517 1386 551 1437 ut
572 1381 689 1440 suntin
714 1386 818 1456 quarta
839 1375 936 1458 specie
959 1379 1149 1456 qualitatis·
1140 1397 1171 1436 ιι
1192 1380 1334 1454 secunda,
1357 1388 1390 1440 ut
1405 1387 1473 1439 sunt

118 1467 148 1522 in
171 1463 329 1524 relatione.
374 1465 490 1526 Primae
518 1469 609 1544 partis
638 1467 739 1528 titulus
769 1474 846 1528 esset
868 1467 904 1532 de
926 1467 1040 1543 figuris,
1073 1466 1219 1528 secundae
1242 1467 1470 1528 donationibus.

117 1552 155 1612 ld
179 1552 337 1614 consilium
360 1551 447 1612 video
470 1561 500 1613 et
521 1553 544 1614 1.
564 1551 595 1614 O.
611 1553 761 1632 Scaligero
784 1556 910 1633 probari.
941 1555 1026 1624 Haec
1047 1554 1113 1615 ideo
1137 1555 1213 1634 dico,
1231 1557 1305 1630 'quia
1319 1556 1473 1616 manifesta

120 1648 166 1700 est
180 1640 348 1700 differentia
367 1642 443 1708 inter
465 1639 573 1717 figuras
594 1643 673 1720 ipsas
696 1655 854 1719 earumque
876 1646 1003 1720 speciem
1026 1649 1055 1704 et
1076 1641 1332 1723 pulchritudinem,
1355 1650 1384 1703 et
1399 1645 1473 1724 inter

120 1728 299 1788 collationes
320 1727 488 1808 figurarum,
511 1728 589 1805 quod
613 1737 657 1790 est
678 1729 822 1791 accidens.

227 1815 313 1876 Haec
334 1811 476 1894 ἀιαιογοι
497 1816 606 1876 ιιιιιι
628 1816 666 1879 ad
687 1820 781 1896 ipsam
802 1835 897 1879 rerum
927 1824 1068 1879 naturam.
1119 1815 1234 1877 Etenim
1263 1817 1374 1893 figurae
1405 1824 1474 1876 sunt

122 1906 210 1980 quasi
234 1905 427 1983 substantiae,
451 1907 537 1982 layca,
561 1927 667 1983 σχισιις
688 1913 807 1964 mutuas
829 1905 997 1985 figurarum,
1019 1912 1087 1966 sunt
1109 1909 1195 1980 quasi
1216 1913 1322 1964 motus.
1362 1903 1474 1980 Quem-

122 1989 284 2064 admodum
313 1993 413 2067 itaque
442 1994 472 2049 in
502 1989 651 2052 intellec&
680 1995 759 2070 prius
783 1999 827 2054 est
855 1992 963 2072 ligura,
994 2009 1081 2068 quam
1112 2009 1213 2052 earum
1238 1993 1356 2053 collatio
1385 2009 1474 2054 causa

120 2077 324 2159 mensurandi,
346 2081 387 2138 ita
409 2081 438 2136 in
461 2079 547 2139 rebus
569 2082 650 2157 prius
673 2087 717 2141 est
740 2081 919 2159 substantia,
942 2097 1029 2156 quam
1052 2079 1187 2156 qualitas.

145 2194 149 2206 ·
234 2167 272 2226 Et
294 2165 538 2243 quamadmodum
558 2170 634 2245 loyor
656 2175 724 2226 eunt
745 2167 913 2246 relationes,
936 2169 978 2226 ita
999 2176 1095 2228 motus
1118 2166 1221 2226 ralatio
1246 2174 1291 2228 est
1312 2170 1474 2228 consistens

124 2255 198 2313 inter
230 2271 322 2332 agens
350 2262 381 2313 et
396 2257 537 2356 patiens,
563 2261 607 2320 ιι
627 2254 700 2314 illud
727 2257 802 2315 inter
816 2271 1006 2331 exsuperans
1028 2263 1061 2315 ιι
1080 2262 1292 2331 exsuperatum.
1337 2255 1475 2332 Rursum,

124 2326 373 2418 quemadmodum
394 2360 423 2398 ιιι
447 2342 597 2402 intellectu
623 2343 807 2402 manifestum
838 2342 991 2402 discrimen
1018 2349 1063 2402 est
1088 2344 1163 2401 inter
1184 2339 1293 2418 figuras
1315 2342 1422 2422 planae
1446 2349 1475 2403 et

124 2429 254 2509 solidas,
281 2447 347 2490 cum
369 2428 465 2490 solida
485 2428 568 2489 ιιιιιι
589 2428 692 2507 planas
716 2437 810 2491 certas
832 2448 868 2490 ex
891 2430 1003 2490 infinito
1025 2447 1145 2490 numero
1168 2437 1347 2490 sustentant:
1362 2432 1422 2490 ita
1445 2432 1474 2488 in
1545 2447 1548 2454 ·

124 2517 213 2578 rebus
236 2517 316 2576 aliud
339 2524 383 2576 est
404 2518 569 2577 substantia
592 2516 671 2577 aliud
693 2518 758 2594 ejus
781 2516 917 2594 qualitas.

113 2671 115 2680 .
230 2603 286 2664 His
307 2603 502 2666 fundamentis
523 2607 627 2682 positis
649 2603 808 2685 concludo,
824 2603 1076 2682 quemadmodum
1097 2603 1208 2682 figurae
1230 2602 1342 2667 solidae
1365 2604 1475 2664 iaciunt

125 2691 162 2752 ad
185 2693 365 2753 substantias
386 2692 551 2752 materiales
573 2693 765 2773 exornandas,
795 2695 837 2752 ιιι
857 2692 967 2769 figuras
989 2692 1092 2770 planae
1115 2692 1152 2752 ad
1176 2691 1333 2768 qualitates
1354 2692 1473 2752 iaciunt.

127 2779 254 2840 Collatio
278 2797 346 2842 vero
369 2779 545 2858 figuramm,
560 2797 599 2839 sc.
623 2783 708 2859 ratio,
732 2784 821 2860 loyce,
845 2779 882 2840 ad
897 2789 994 2840 motus
1009 2780 1078 2856 iacit
1093 2779 1279 2844 ordinandos.
1315 2780 1351 2840 In
1364 2781 1474 2840 mundo

127 2869 226 2944 itaque
249 2867 325 2928 coeli
346 2875 414 2926 sunt
437 2869 575 2929 exstructi
597 2884 634 2928 ex
663 2867 762 2944 figuris
792 2867 894 2927 solidis
924 2869 1265 2970 tanquam'eubstaptia.
1311 2865 1477 2950 Qualitates

129 2955 299 3031 coloresque
328 2954 510 3034 planetarum
538 2963 607 3014 sunt
638 2954 800 3016 deducendi
829 2973 865 3015 ιι
889 2955 992 3030 figuris
1014 2955 1126 3033 planis:
1160 2955 1243 3031 qu'us
1266 2955 1475 3032 speculationis

125 3043 187 3118 jam
214 3042 315 3130 aliqua
346 3051 414 3103 sunt
441 3060 531 3120 penes
562 3059 608 3103 ιιι
636 3045 779 3122 vestigia,
808 3043 860 3102 sed
883 3043 957 3102 nibil
978 3043 1074 3102 adbuc
1097 3045 1176 3104 terti
1221 3043 1356 3118 Denique
1377 3049 1475 3102 motus

129 3131 275 3190 coelorum
304 3131 345 3212 (ιι
366 3132 496 3190 omnium
519 3147 614 3190 rarum
636 3131 769 3208 adeoque
792 3137 822 3190 et
843 3127 1010 3212 marum)
1001 3138 1081 3191 eunt
1110 3147 1146 3190 ιι
1177 3129 1334 3192 ιοιιιιιοιι
1357 3132 1476 3207 quanti·

127 3225 230 3299 tatum,
251 3235 294 3279 sc.
317 3235 353 3278 ιι
376 3219 620 3297 proportionibus

232 3306 273 3366 At
294 3304 371 3367 dude
393 3314 462 3366 suut
484 3305 642 3384 capiendae
663 3307 882 3384 proportiones,
911 3291 948 3364 ιι
969 3304 1069 3382 figuris
1093 3304 1195 3364 solidis
1218 3322 1255 3364 an
1278 3303 1397 3382 planisi
1432 3303 1477 3363 Ex

128 3393 223 3472 planis
245 3396 356 3471 utique.
399 3394 474 3454 Nam
496 3411 585 3472 supra
608 3393 678 3472 dixi,
701 3392 788 3470 planu
810 3395 874 3453 es'se
898 3390 1040 3472 ‹iccioyoa
1063 3391 1266 3472 qualitatibus,
1288 3391 1383 3452 solida
1405 3391 1477 3453 sub-

129 3484 252 3542 stantiis.
299 3482 339 3540 At
361 3488 458 3540 motus
480 3498 537 3542 non
561 3499 598 3541 ex
619 3482 789 3540 substantiis
820 3482 966 3560 proxime,
999 3479 1051 3540 sed
1081 3497 1117 3541 ιι
1138 3479 1338 3556 qualitatibus
1369 3481 1476 3539 existit.

129 3569 234 3647 ltaque
257 3569 464 3630 demonstratio
489 3572 579 3647 loyor
594 3589 850 3644 κοσμοπιιηιιιωι
857 3570 974 3627 οιιιιιο
996 3550 1124 3644 p'etendn
1146 3576 1190 3627 est
1205 3585 1241 3628 ιι
1256 3567 1356 3642 figuris
1372 3566 1475 3644 planis.

130 3657 205 3717 Nam
226 3654 299 3716 illud
321 3674 373 3734 per
395 3673 427 3716 ιι
450 3655 574 3732 intelligi
596 3656 682 3734 volo,
714 3657 743 3713 in
765 3645 947 3715 arithmetica
968 3654 1041 3714 nibil
1069 3673 1123 3715 nos
1151 3655 1306 3734 proficere,
1339 3652 1419 3729 quod
1440 3653 1477 3712 ad

131 3762 189 3804 rem
212 3747 261 3824 sit,
284 3759 349 3804 cum
372 3743 505 3821 aptitudo
528 3761 712 3804 numerorum
736 3745 829 3804 omnis
852 3761 888 3804 ex
909 3743 1009 3818 figuris
1031 3743 1157 3822 pendeat
1179 3745 1274 3819 sitque
1298 3742 1479 3800 arithmetica
1559 3771 1561 3780 ‚

131 3832 201 3892 nibil
225 3830 305 3892 aliud
338 3835 441 3908 (eausa
462 3833 581 3908 genuini
604 3838 634 3892 ιι
655 3828 764 3908 proprii
795 3827 949 3909 subjecti),
982 3847 1068 3906 quam
1100 3844 1167 3908 pars
1197 3830 1373 3906 geometriae
1396 3822 1477 3904 ῥηιη.
1509 3901 1512 3906 ¹

130 3918 199 3982 Jam
223 3923 300 3998 loyor
320 3919 424 3979 infiniti
447 3925 530 3999 sunt,
561 3926 594 3978 ut
614 3935 810 3991 numerorum,
832 3925 866 3978 ut
887 3918 1044 3995 figurarum
1065 3919 1253 4000 regularium.
1293 3916 1382 3980 Nam
1404 3917 1479 3994 inter

131 4008 276 4084 quoslibet
298 4007 372 4068 duos
394 4024 529 4066 numeros
552 4008 625 4067 inter
646 4023 678 4066 ee
699 4008 808 4084 primos
831 4012 876 4066 eet
898 4009 980 4085 loyca
1000 4005 1085 4066 alius.
1131 4006 1205 4064 Cum
1227 4013 1326 4064 autem
1350 4001 1478 4078 pulchri·

131 4095 203 4156 tudo
226 4095 298 4154 fluat
320 4113 355 4155 ιι
378 4094 555 4172 aequalitate
577 4102 608 4155 ιι
629 4093 769 4152 mundum
783 4095 865 4152 Deus
888 4096 1029 4154 creaverit
1043 4095 1185 4171 optimum
1200 4100 1229 4152 et
1244 4089 1479 4169 pulcherrimum,

130 4182 337 4260 aequalitatem
360 4185 391 4242 in
420 4183 555 4242 omnibus
584 4183 671 4242 rebus
701 4183 856 4258 quaesivit.
914 4181 1093 4258 Aequalitas.
1110 4173 1259 4240 autem'in
1281 4180 1382 4256 paucis
1407 4195 1478 4238 eon-

129 4273 221 4351 sistit,
253 4271 446 4347 inaequalitas
475 4269 587 4328 infinita
616 4276 669 4330 eet.
715 4269 819 4344 ltaque
849 4271 936 4328 etiam
968 4270 997 4325 in
1023 4269 1151 4327 motibus
1176 4270 1253 4345 loyor
1275 4267 1361 4344 pauci
1384 4272 1478 4344 erunt,

129 4375 188 4420 non
211 4365 272 4419 tam
294 4361 358 4437 ipso
380 4356 498 4419 creandi
521 4373 617 4437 opere,
640 4374 728 4433 quam
749 4359 862 4416 interna
884 4373 984 4416 eorum
1006 4354 1262 4415 demonstratione.
1307 4353 1478 4414 Habeamus

129 4451 231 4524 itaque
256 4449 347 4526 loyor
367 4445 521 4507 delectum.
575 4444 606 4503 Is
628 4461 685 4504 non
709 4445 793 4505 aliter
816 4445 927 4503 institui
949 4447 1062 4522 potest,
1093 4457 1183 4517 quam
1205 4443 1231 4502 ei
1252 4439 1422 4503 adeamus·
1400 4461 1479 4520 ipsa

128 4536 233 4617 plana,
264 4551 339 4613 quae
368 4536 492 4612 gignunt
522 4535 556 4594 ιο
558 4555 630 4610 μους
673 4529 833 4592 Plancium
856 4529 1037 4606 regularium
1068 4527 1198 4589 delectus
1228 4530 1276 4596 bic
1306 4537 1367 4609 est,
1398 4528 1479 4606 quod

129 4623 275 4701 quaedam
297 4624 472 4700 geometrica
493 4629 579 4724 sunt,
609 4610 757 4695 quaedam
775 4619 979 4695 ageometrica.
1030 4615 1151 4676 Illorum
1173 4617 1280 4680 latera
1287 4617 1478 4676 demonstrari

128 4709 253 4790 possimt
288 4709 328 4792 (b.
360 4728 385 4770 e.
421 4709 582 4787 comparari
618 4707 655 4766 ad
693 4704 885 4782 diametrum),
922 4703 1026 4762 borum
1061 4706 1193 4785 minime,
1230 4711 1263 4766 ut
1299 4704 1478 4782 septanguli,

130 4798 342 4878 undecanguli,
378 4792 595 4875 trsdeoanguli).
649 4792 732 4870 Quae
768 4793 976 4852 demonstrari
995 4800 1132 4873 possunt,
1166 4794 1239 4855 baec
1269 4799 1352 4852 eunt:
1389 4791 1419 4864 3,
1449 4793 1479 4870 4,
1535 4821 1538 4826 ι
1609 4869 1614 4882 ⁸

134 4889 160 4965 ι,
196 4890 226 4969 6,
259 4889 288 4964 8,
326 4885 491 4964 10·angula
520 4901 572 4963 per
604 4899 651 4958 ιιι
681 4889 750 4944 ιιιι
785 4883 835 4960 12,
869 4896 905 4939 ex
935 4881 1149 4980 comparatione
1173 4884 1250 4943 3'et
1273 4882 1293 4939 4
1318 4878 1420 4956 anguli
1449 4879 1479 4936 in
