3564 5540
615 383 858 444 Demomuruoue
892 384 1012 444 merl.
1444 393 1485 456 qq

142 627 154 640 ¹,
224 557 365 622 XXXV.
387 559 621 639 Propositio.
664 564 827 645 Tetrogoni
855 527 934 628 letus
962 567 1053 628 hebet
1081 565 1288 644 geometriosm
1310 551 1519 646 desciptio'

135 663 205 708 nom
227 665 265 708 ex
287 647 403 727 argutis
425 655 507 710 extro
529 651 683 728 circulum,
717 661 747 714 et
769 655 795 714 si
817 654 993 716 inscribatur
1014 654 1138 731 circulo,
1167 657 1234 732 ipsa
1261 663 1306 718 est
1334 658 1365 715 in
1393 657 1487 734 gradu

136 736 282 797 scientius
304 737 399 812 tertio,
423 737 596 813 quadratum
619 741 682 818 ejus
705 743 734 800 in
757 741 903 818 secundo,
926 751 959 804 ut
982 749 1011 804 et
1033 759 1101 804 ares
1121 742 1241 821 figures.

223 833 395 906 Tetrogonus
418 843 477 892 esto
495 836 603 909 OQPR,
625 839 685 910 ejus
704 840 833 912 angulus,
857 857 907 913 per
926 840 968 897 33.
991 839 1086 911 hujus,
1104 848 1146 897 est
1265 831 1307 896 l'is
1321 846 1340 888 ⁹·

135 918 242 984 rectus,
265 929 348 982 quare
366 913 453 984 OEuel.
472 914 493 970 1.
511 916 568 986 46.)
599 917 679 974 iecile
705 917 769 976 dsto
785 920 871 978 lutere
889 921 1048 996 descmliitur
1064 927 1146 976 tetre
1181 942 1201 1014 9
1309 915 1359 944 ’“““

136 1005 233 1059 genus.
270 991 391 1063 Cumque
413 991 526 1064 ungulos
542 995 643 1051 hebeat
661 1005 776 1070 quotuor
791 999 931 1072 lateraque
947 1000 1073 1070 totidem,
1093 998 1146 1055 duo

136 1085 203 1142 ergo
220 1070 306 1128 lutere
327 1075 453 1130 coeuntis
474 1073 542 1131 dues
568 1075 662 1130 cuculi
684 1085 794 1148 quartus
816 1081 1003 1152 intercipiunt,
1030 1079 1083 1134 hoc
1105 1083 1148 1134 est

136 1149 277 1205 semissem
301 1153 402 1211 circuli.
439 1154 528 1224 Quare
551 1170 600 1226 per
622 1155 664 1212 3⁴.
686 1155 768 1226 hujus
791 1167 912 1218 extreme
939 1158 1053 1216 luterum
1083 1173 1146 1213 eon·

134 1227 273 1299 tignorum
295 1233 431 1289 connectit
453 1235 581 1291 diumeter
597 1234 703 1305 cuculi,
725 1241 756 1293 ut
773 1235 848 1308 (20,
863 1237 909 1306 ΟΡ
933 1235 1061 1307 ungulum
1078 1233 1147 1304 OQP

135 1315 241 1366 rectum
263 1311 292 1366 in
313 1311 481 1370 semicirculo
505 1313 574 1383 OQP
600 1314 756 1388 tormentis,
780 1318 907 1374 extremis
926 1318 964 1388 0,
986 1316 1008 1371 P
1026 1331 1148 1372 connexe

136 1397 203 1448 suut
230 1405 280 1461 per
306 1389 463 1446 numerum
481 1393 588 1448 ,cuculi
615 1391 693 1450 OLP.
737 1393 826 1465 Quare
855 1395 941 1465 [Eucl
968 1395 990 1452 1.
1016 1396 1060 1464 47)
1084 1410 1148 1462 quc-

134 1470 214 1526 druto
240 1469 354 1526 duorum
379 1471 494 1528 luterum
518 1471 579 1543 OQ,
611 1471 658 1542 Q?
687 1482 805 1544 aequent
828 1475 990 1546 quadratum
1005 1471 1149 1528 diametri.

135 1549 176 1604 Et
194 1550 218 1604 si
236 1549 344 1605 dimidie
365 1565 429 1620 pers
452 1549 489 1606 do
504 1550 636 1621 qnedroto
658 1549 781 1610 diumctrl
797 1553 935 1624 redigetur
957 1555 984 1609 in
1007 1551 1120 1607 iormsm
1142 1545 1314 1620 quadretem,
1339 1545 1408 1604 latus
1427 1548 1486 1618 eius

136 1629 191 1684 erit
207 1625 279 1684 letus
296 1631 491 1699 tetragonicum
509 1628 597 1702 (Euel.
616 1631 651 1686 11.
669 1632 723 1704 ii).
744 1633 801 1689 'lte
820 1633 980 1703 quadratum
998 1629 1091 1685 luteris
1108 1635 1151 1685 est
1168 1628 1284 1685 effabile.

224 1707 263 1763 Et
280 1710 343 1779 quis
361 1709 522 1781 quadrstrm
540 1709 585 1766 ΟΡ
603 1717 645 1766 est
663 1711 698 1768 sd
716 1713 877 1782 quadratum
896 1711 956 1780 00,
975 1718 1005 1766 ut
1022 1711 1040 1766 2
1058 1709 1094 1765 ad
1114 1714 1136 1780 i,
1151 1726 1210 1775 ,uon
1228 1725 1291 1764 vero
1310 1714 1342 1764 nt
1358 1723 1485 1764 numerus

137 1787 288 1856 quadratus
306 1789 341 1844 ed
358 1805 499 1845 numerum
517 1791 691 1863 quadratum,
720 1792 765 1848 ΟΡ
783 1807 846 1848 vero
866 1798 908 1847 est
925 1789 1039 1847 effabilis
1057 1789 1238 1862 longitudine:
1267 1803 1331 1860 ergo
1349 1787 1420 1843 letus
1438 1785 1485 1856 OQ

136 1873 181 1924 cst
198 1866 309 1924 effabile
328 1869 388 1924 sole
404 1870 525 1938 potentie
544 1867 636 1942 (Eucl.
654 1871 688 1926 X.
708 1869 742 1939 9).
778 1873 850 1928 Area
866 1885 931 1926 rero
949 1869 1084 1940 tetragoni
1101 1878 1144 1928 est
1162 1869 1255 1926 endem
1272 1869 1301 1924 in
1319 1867 1370 1923 hec
1388 1867 1488 1937 figure,

137 1961 210 2016 quse
227 1947 388 2016 quadratum
405 1946 506 2019 leteris,
526 1961 589 2019 ergo
608 1955 636 2005 ct
653 1963 717 2006 eree
733 1949 836 2020 figures
854 1953 896 2006 est
914 1947 1036 2005 effabilis.

225 2039 379 2102 XXXVL
401 2039 648 2120 Propositio.
693 2041 839 2121 Octogonl
866 2044 944 2102 latus
973 2042 1064 2102 habet
1085 2043 1291 2122 geometricam
1314 2040 1485 2119 descriptio·

138 2143 207 2187 nem
230 2145 267 2189 ex
288 2127 608 2207 arquitenentem
631 2134 719 2194 etism
742 2131 931 2208 octogonicse
955 2127 1058 2189 stellae
1082 2127 1170 2204 istus,
1194 2147 1246 2190 seu
1269 2130 1409 2190 subtcuss
1431 2133 1484 2189 tri·

138 2214 195 2276 bus
218 2219 330 2277 octavis
352 2217 484 2294 pertibus
507 2217 615 2294 cuculi,
638 2226 764 2298 suntque
786 2221 815 2278 iu
837 2217 930 2298 gradu
953 2219 1094 2278 scientiae
1126 2225 1231 2278 octavo
1260 2215 1391 2294 singula,
1413 2215 1487 2278 illud

138 2301 257 2378 quidem
280 2303 408 2380 elusson,
433 2304 490 2367 hcc
512 2323 582 2367 vero
604 2309 714 2384 mizon3
742 2307 847 2384 juncte
870 2323 939 2367 vero
962 2307 993 2364 in
1015 2303 1109 2382 gradu
1130 2313 1213 2366 serto
1236 2312 1266 2366 et
1288 2307 1484 2382 proportionis

138 2390 293 2467 cujusdam
314 2393 478 2470 singularis.
523 2391 603 2457 Arce
624 2395 750 2474 denique
772 2391 927 2456 ineffabilis
952 2399 1005 2468 est,
1029 2395 1137 2470 quippe
1159 2409 1269 2454 meson.

226 2491 268 2546 Sit
285 2497 434 2563 octogonus
451 2492 654 2569 VQTOXRSP,
679 2493 760 2552 stelle
776 2511 840 2552 vero
858 2492 1087 2562 vosuxPTRV:
1116 2508 1176 2549 cum
1193 2493 1277 2564 igitur
1293 2493 1381 2552 insse
1398 2495 1486 2563 birse,

137 2569 215 2625 verbi
233 2585 316 2626 muse
333 2571 394 2642 ΩΤ,
414 2570 477 2638 ΤΟ,
498 2573 756 2642 comprehendentes
774 2573 903 2644 angulum
921 2579 994 2630 uoto·

140 2648 268 2720 punicum
286 2647 366 2717 QTO,
384 2657 580 2708 connectentur.
595 2653 723 2710 extremis
740 2651 773 2723 d,
792 2651 824 2724 0,
844 2651 917 2710 lines
934 2667 997 2708 con-

138 2733 252 2784 nectens
274 2734 318 2784 est
340 2727 413 2786 istus
436 2730 582 2802 tetrsqoni,
611 2733 677 2802 quis
702 2733 736 2788 de
760 2738 822 2788 octo
851 2731 932 2788 semis
957 2737 999 2787 est

138 2815 265 2876 qmtror.
305 2808 380 2877 Ergo
407 2807 545 2881 descripto
572 2817 714 2882 tetrsgouo
739 2815 780 2885 (ut
806 2809 874 2867 elios
899 2809 998 2866 descri-

138 2886 222 2943 bsndi
247 2887 373 2958 octogoni
394 2888 489 2950 modos
507 2889 642 2959 omittsm)
659 2889 688 2945 iu
706 2889 815 2959 cuculo,
837 2888 950 2946 ducetur
966 2887 995 2942 iu

134 2963 210 3020 lstns
228 2965 286 3034 ejus
305 2965 352 3036 OQ
370 2983 404 3022 ex
422 2975 515 3024 centro
537 2969 560 3022 L
579 2968 819 3040 perpendicularis,
844 2983 939 3024 secuns
957 2965 996 3020 ls-

134 3051 183 3100 tus
206 3043 236 3099 in
252 3045 294 3116 li,
318 3046 454 3108 mcumtu
476 3047 499 3102 T
517 3045 609 3116 (Eucl.
626 3047 720 3118 1.12),
744 3063 797 3116 quc
819 3045 892 3102 fecto
917 3051 997 3102 erunt
1127 3090 1131 3095 .

135 3131 253 3194 quertse
273 3125 359 3194 pertis
382 3125 476 3182 circuli
493 3124 541 3194 od
563 3126 634 3183 duce
654 3133 760 3198 partes,
783 3141 821 3184 sc.
843 3141 922 3182 crcus
941 3123 996 3195 OT,
1028 3103 1048 3145 Τ

135 3202 186 3272 TQ
204 3203 330 3273 sequsles
349 3205 436 3274 OEucl.
449 3203 500 3262 111.
521 3207 575 3276 30).
611 3203 745 3266 Connexis
763 3221 827 3275 erpo
844 3203 954 3276 punctis
973 3200 995 3256 0

136 3289 166 3338 et
184 3282 221 3352 T,
245 3281 297 3337 erit
314 3282 361 3338 OT
377 3289 453 3338 rects
468 3281 541 3340 letus
560 3285 697 3358 octogoni,
717 3294 743 3340 et
760 3284 890 3367 epunexis
908 3282 946 3354 0,
974 3281 993 3338 S

137 3361 190 3418 erit
208 3361 251 3418 OS
269 3361 342 3417 letus
360 3363 462 3418 stellae.

226 3442 354 3496 connexo
372 3447 464 3496 centro
482 3443 505 3496 L
524 3457 583 3498 cnm
602 3441 635 3513 Q,
658 3445 722 3513 quis
740 3443 819 3512 QML
836 3451 880 3498 est
896 3447 996 3510 rectus,
1088 3427 1106 3474 0

137 3517 269 3590 ergoQL,
288 3515 401 3574 effabilis
419 3519 593 3589 longitndine,
611 3528 702 3592 potest
714 3521 768 3592 ΟΜ
787 3530 813 3577 et
825 3521 887 3588 ML,
905 3523 998 3590 potest

137 3606 229 3654 eutem
248 3599 295 3668 ΩΤ.
313 3599 508 3726 semidiameffier
526 3599 637 3670 duplum
656 3601 742 3672 ipsius
761 3601 815 3668 ΟΜ
832 3598 991 3655 semileteris
1100 3669 1126 3684 ..
1336 3667 1342 3680 1

136 3677 305 3739 tetrepcurcn
340 3669 456 3740 ErgoQ
506 3679 534 3726 et
550 3672 604 3728 ML
622 3677 686 3730 sunt
703 3670 831 3740 esqueles
846 3675 1011 3738 etntrequs
1028 3668 1142 3726 affatius
1163 3670 1222 3726 sole
1239 3675 1361 3740 potentis
1377 3678 1427 3734 per
1445 3665 1486 3720 35.

137 3749 230 3820 hedos.
266 3747 331 3803 Plus
349 3748 432 3816 igitur
448 3756 540 3820 potest
556 3751 605 3822 lrQ
623 3767 704 3821 quem
720 3751 774 3806 ΒΜ
791 3749 915 3819 potentis
930 3748 1016 3817 ipsius
1034 3747 1100 3817 Mu,
1117 3763 1186 3818 quse
1204 3747 1371 3818 longitudine
1389 3753 1431 3802 est
1448 3744 1487 3798 in·
1520 3803 1523 3812 ,

137 3828 388 3888 commensurabilis
405 3829 458 3899 ipsi
475 3829 530 3899 ΒΟ.
568 3830 622 3888 Sed
641 3837 704 3888 suut
723 3828 851 3900 eequeles
869 3827 917 3896 LQ
937 3835 964 3882 et
981 3827 1025 3884 LS
1043 3835 1071 3884 et
1087 3827 1143 3883 LT.
1178 3828 1252 3896 Ergo
1272 3824 1421 3895 compositu
1439 3823 1489 3878 SM

138 3909 191 3964 erit
209 3907 352 3963 binominis
370 3914 474 3978 quarta,
493 3907 569 3978 cujus
588 3911 697 3965 nomino
714 3915 777 3964 snut
795 3909 838 3963 Sir
857 3916 885 3962 ct
901 3907 964 3974 LM,
982 3921 1032 3975 per
1050 3904 1152 3962 delinit.
1171 3913 1234 3962 ente
1251 3906 1284 3960 X.
1302 3905 1337 3960 48
1355 3901 1487 3966 Euclidis

138 3987 263 4044 Residuis
285 4002 347 4042 vero
368 3989 422 4043 MT
445 3988 496 4043 erit
519 3996 645 4059 apotome
668 3995 778 4058 quarte,
804 3987 884 4058 cujus
906 3985 1015 4043 nomine
1039 3985 1086 4041 TL
1109 3992 1136 4041 et
1157 3985 1211 4039 LM
1233 4000 1283 4056 per
1305 3981 1487 4039 definitionem
1584 3978 1590 3994 '

138 4075 204 4124 mcc
221 4067 254 4122 A
273 4067 306 4124 85
324 4065 455 4124 Euclidis.
490 4067 529 4122 Et
547 4067 610 4136 quia
626 4067 676 4124 MS
694 4066 837 4124 binominis
856 4070 953 4135 quarta
970 4071 999 4119 et
1016 4063 1060 4119 ST
1075 4060 1204 4133 effabilis,
1228 4076 1312 4130 quare
1335 4075 1385 4130 per
1402 4060 1434 4113 X.
1453 4061 1487 4114 57

138 4143 220 4202 Eucl-
239 4141 312 4202 linee
329 4145 381 4217 QS,
399 4161 469 4217 quoe
486 4151 577 4217 potest
594 4146 781 4218 rectsugulum
799 4146 850 4202 sub
867 4144 943 4215 ipsis,
961 4149 1003 4199 est
1021 4143 1124 4198 mizdn:
1152 4142 1191 4198 sic
1210 4143 1273 4210 quie
1291 4139 1344 4195 TM
1363 4146 1405 4195 est
1421 4154 1486 4208 epo-

138 4231 214 4281 tome
238 4231 334 4294 querts
357 4231 385 4280 et
402 4223 446 4281 ΤΒ
464 4220 590 4288 effabilis,
613 4240 678 4296 orgo
697 4222 745 4292 Tu
763 4223 835 4282 istus
854 4221 1005 4294 ootongnii,
1027 4227 1125 4292 potens
1151 4218 1338 4288 reotnngulum
1355 4216 1407 4273 snb
1424 4217 1486 4286 MT,

138 4303 195 4374 ΤΒ,
213 4309 256 4359 est
274 4303 382 4359 elesson
400 4301 487 4372 (Euol.
506 4303 539 4368 X,
558 4303 610 4371 st).

229 4382 372 4438 Elementa
387 4383 493 4438 illorum
511 4381 621 4440 suntin
645 4382 698 4438 hec
725 4381 919 4452 delineatione,
943 4379 992 4437 PA
1009 4378 1096 4450 mejus
1114 4383 1143 4432 et
1159 4376 1207 4431 AT
1228 4374 1325 4431 minus.
1360 4375 1430 4431 Num
1452 4372 1487 4427 ud

139 4461 190 4518 PA
208 4460 302 4518 acute
318 4463 376 4531 AT,
393 4461 458 4517 iecit
474 4461 521 4516 PT
537 4460 609 4518 lotus
627 4460 733 4518 sullae:
751 4477 859 4518 rursum
877 4475 894 4514 o
911 4459 958 4516 PA
976 4458 1020 4513 vel
1036 4459 1084 4512 YT
1102 4453 1193 4513 ebletu
1211 4455 1265 4525 TA,
1283 4453 1412 4524 relinquit
1429 4455 1486 4524 AY,

139 4542 170 4598 id
188 4547 231 4600 est
249 4537 297 4608 Qv
314 4540 387 4596 letus
412 4540 544 4612 octogoni.
582 4539 691 4596 Scilicet
714 4540 821 4596 simeon
842 4539 891 4608 TQ
915 4543 1006 4608 potest
1029 4533 1142 4604 duplum
1166 4534 1405 4605 proshcrmonnsee
1424 4534 1485 4600 TA,

141 4629 171 4679 et
193 4619 267 4678 letus
290 4619 424 4690 tetragoni
450 4619 496 4690 QP
517 4625 609 4690 potest
626 4627 772 4689 utrumque
790 4618 954 4674 elementum
970 4616 1018 4672 PA
1037 4623 1065 4672 et
1081 4616 1138 4686 Ad,
1163 4615 1192 4670 id
1210 4621 1251 4671 est
1267 4615 1325 4672 AT.
1360 4615 1399 4672 Et
1417 4615 1488 4670 sicut

142 4701 193 4758 PX
209 4701 299 4758 mizon
317 4700 352 4756 ed
369 4700 456 4769 moins
474 4699 636 4756 elementum
653 4698 712 4764 PA,
731 4699 770 4754 sio
788 4697 836 4767 TQ
854 4696 962 4752 elosson
979 4696 1014 4751 ed
1032 4695 1119 4751 minus
1138 4694 1298 4751 elementum
1315 4696 1378 4764 TA,
1405 4699 1432 4748 et
1449 4692 1486 4746 vi·

143 4782 249 4850 cissim,
274 4786 305 4835 ut
322 4781 410 4849 majus
428 4780 588 4835 elementum
605 4777 653 4834 PA
671 4776 706 4834 sd
724 4777 811 4832 minus
829 4776 890 4845 AT,
910 4774 949 4832 sio
964 4775 1054 4831 mizon
1072 4774 1119 4828 PX
1136 4774 1171 4831 ed
1189 4774 1339 4830 elussouem
1357 4771 1413 4842 Tu.
1449 4771 1486 4826 Ut

144 4875 209 4930 pers
226 4861 313 4932 msjot
331 4857 366 4918 sd
382 4859 520 4929 minorem,
539 4858 579 4918 sie
596 4863 683 4936 totum
701 4855 736 4914 sd
754 4853 941 4912 differentium.
