<?xml version="1.0" encoding="UTF-8"?>
<!DOCTYPE html PUBLIC "-//W3C//DTD XHTML 1.0 Transitional//EN"
    "http://www.w3.org/TR/xhtml1/DTD/xhtml1-transitional.dtd">
<html xmlns="http://www.w3.org/1999/xhtml" xml:lang="en" lang="en">
 <head>
  <title>
</title>
<meta http-equiv="Content-Type" content="text/html;charset=utf-8" />
  <meta name='ocr-system' content='tesseract 3.04.00' />
  <meta name='ocr-capabilities' content='ocr_page ocr_carea ocr_par ocr_line ocrx_word'/>
</head>
<body>
  <div class='ocr_page' id='page_1' title='image "./joanniskepleria26frisgoog_0105.png"; bbox 0 0 3564 5540; ppageno 0'>
   <div class='ocr_carea' id='block_1_1' title="bbox 620 1220 1353 1498">
    <p class='ocr_par' dir='ltr' id='par_1_1' title="bbox 620 1220 1353 1498">
     <span class='ocr_line' id='line_1_1' title="bbox 843 1220 1137 1301; baseline -0.01 0"><span class='ocrx_word' id='word_1_1' title='bbox 843 1221 907 1301; x_wconf 87' lang='lat' dir='ltr'><strong>Jo.</strong></span> <span class='ocrx_word' id='word_1_2' title='bbox 932 1220 1137 1300; x_wconf 81' lang='lat' dir='ltr'><strong>nonnoni</strong></span> 
     </span>
     <span class='ocr_line' id='line_1_2' title="bbox 620 1381 1353 1498; baseline -0.003 0"><span class='ocrx_word' id='word_1_3' title='bbox 620 1383 922 1498; x_wconf 81' lang='lat' dir='ltr'><strong>titttttttt</strong></span> <span class='ocrx_word' id='word_1_4' title='bbox 957 1383 1108 1498; x_wconf 82' lang='lat' dir='ltr'><strong>ttoni</strong></span> <span class='ocrx_word' id='word_1_5' title='bbox 1142 1381 1288 1497; x_wconf 83' lang='lat' dir='ltr'><strong>tttttt</strong></span> <span class='ocrx_word' id='word_1_6' title='bbox 1322 1383 1353 1496; x_wconf 94' lang='grc' dir='ltr'><strong>Ι.</strong></span> 
     </span>
    </p>
   </div>
   <div class='ocr_carea' id='block_1_2' title="bbox 320 1587 1658 1906">
    <p class='ocr_par' dir='ltr' id='par_1_2' title="bbox 320 1587 1658 1906">
     <span class='ocr_line' id='line_1_3' title="bbox 320 1587 1658 1680; baseline -0.001 -19"><span class='ocrx_word' id='word_1_7' title='bbox 320 1589 370 1662; x_wconf 87' lang='lat' dir='ltr'><strong>De</strong></span> <span class='ocrx_word' id='word_1_8' title='bbox 396 1589 599 1678; x_wconf 74' lang='lat' dir='ltr'>Figuratum</span> <span class='ocrx_word' id='word_1_9' title='bbox 615 1587 856 1678; x_wconf 78' lang='lat' dir='ltr'><strong>Regutntun,</strong></span> <span class='ocrx_word' id='word_1_10' title='bbox 884 1607 976 1680; x_wconf 87' lang='lat' dir='ltr'><strong>quoe</strong></span> <span class='ocrx_word' id='word_1_11' title='bbox 1003 1590 1241 1678; x_wconf 69' lang='lat' dir='ltr'><strong>proportiones</strong></span> <span class='ocrx_word' id='word_1_12' title='bbox 1265 1589 1481 1661; x_wconf 83' lang='lat' dir='ltr'><strong>harmonicus</strong></span> <span class='ocrx_word' id='word_1_13' title='bbox 1509 1589 1658 1677; x_wconf 79' lang='lat' dir='ltr'><strong>pariunt,</strong></span> 
     </span>
     <span class='ocr_line' id='line_1_4' title="bbox 416 1710 1572 1802; baseline 0 -18"><span class='ocrx_word' id='word_1_14' title='bbox 416 1717 513 1802; x_wconf 90' lang='lat' dir='ltr'><strong>orto,</strong></span> <span class='ocrx_word' id='word_1_15' title='bbox 541 1711 727 1799; x_wconf 86' lang='lat' dir='ltr'><strong>classibus,</strong></span> <span class='ocrx_word' id='word_1_16' title='bbox 755 1710 876 1783; x_wconf 91' lang='lat' dir='ltr'><strong>ordine</strong></span> <span class='ocrx_word' id='word_1_17' title='bbox 903 1716 938 1783; x_wconf 87' lang='lat' dir='ltr'><strong>et</strong></span> <span class='ocrx_word' id='word_1_18' title='bbox 965 1711 1179 1798; x_wconf 79' lang='lat' dir='ltr'><strong>differentiis,</strong></span> <span class='ocrx_word' id='word_1_19' title='bbox 1207 1731 1314 1786; x_wconf 87' lang='lat' dir='ltr'><strong>consu</strong></span> <span class='ocrx_word' id='word_1_20' title='bbox 1339 1712 1506 1785; x_wconf 84' lang='lat' dir='ltr'><strong>scientiae</strong></span> <span class='ocrx_word' id='word_1_21' title='bbox 1535 1716 1572 1784; x_wconf 88' lang='lat' dir='ltr'><strong>et</strong></span> 
     </span>
     <span class='ocr_line' id='line_1_5' title="bbox 835 1832 1144 1906; baseline 0 -2"><span class='ocrx_word' id='word_1_22' title='bbox 835 1832 1144 1906; x_wconf 78' lang='lat' dir='ltr'><strong>demonstrationis.</strong></span> 
     </span>
    </p>
   </div>
   <div class='ocr_carea' id='block_1_3' title="bbox 321 1995 1655 2180">
    <p class='ocr_par' dir='ltr' id='par_1_3' title="bbox 321 1995 1655 2180">
     <span class='ocr_line' id='line_1_6' title="bbox 542 1995 1454 2060; baseline -0.001 -8"><span class='ocrx_word' id='word_1_23' title='bbox 542 1995 682 2053; x_wconf 84' lang='lat' dir='ltr'><strong>Procius</strong></span> <span class='ocrx_word' id='word_1_24' title='bbox 700 1995 895 2053; x_wconf 88' lang='lat' dir='ltr'><strong>Diadocbua</strong></span> <span class='ocrx_word' id='word_1_25' title='bbox 912 1996 994 2052; x_wconf 85' lang='lat' dir='ltr'><strong>Libro</strong></span> <span class='ocrx_word' id='word_1_26' title='bbox 1012 1995 1033 2052; x_wconf 91' lang='lat'><strong>1.</strong></span> <span class='ocrx_word' id='word_1_27' title='bbox 1053 1997 1198 2053; x_wconf 80' lang='lat' dir='ltr'><strong>comment.</strong></span> <span class='ocrx_word' id='word_1_28' title='bbox 1216 1995 1245 2051; x_wconf 90' lang='lat' dir='ltr'><strong>in</strong></span> <span class='ocrx_word' id='word_1_29' title='bbox 1261 1997 1283 2053; x_wconf 92' lang='grc' dir='ltr'><strong>Ι.</strong></span> <span class='ocrx_word' id='word_1_30' title='bbox 1301 1995 1454 2060; x_wconf 73' lang='grc' dir='ltr'>ΕιιοΙίᾱίε.,</span> 
     </span>
     <span class='ocr_line' id='line_1_7' title="bbox 321 2092 1655 2180; baseline -0.003 -19"><span class='ocrx_word' id='word_1_31' title='bbox 321 2101 404 2180; x_wconf 81' lang='grc' dir='ltr'><strong><em>Προς</em></strong></span> <span class='ocrx_word' id='word_1_32' title='bbox 425 2105 457 2160; x_wconf 86' lang='lat' dir='ltr'><strong>de</strong></span> <span class='ocrx_word' id='word_1_33' title='bbox 478 2119 530 2178; x_wconf 72' lang='lat' dir='ltr'><strong>spe</strong></span> <span class='ocrx_word' id='word_1_34' title='bbox 550 2120 670 2179; x_wconf 72' lang='lat' dir='ltr'><strong>peomne</strong></span> <span class='ocrx_word' id='word_1_35' title='bbox 690 2103 819 2178; x_wconf 70' lang='grc' dir='ltr'><strong><em>θεωριαν</em></strong></span> <span class='ocrx_word' id='word_1_36' title='bbox 841 2092 874 2180; x_wconf 75' lang='grc' dir='ltr'><strong>(ἡ</strong></span> <span class='ocrx_word' id='word_1_37' title='bbox 896 2093 1099 2180; x_wconf 78' lang='grc' dir='ltr'><strong><em>μαθηματικη)</em></strong></span> <span class='ocrx_word' id='word_1_38' title='bbox 1122 2121 1158 2159; x_wconf 81' lang='grc' dir='ltr'><strong>τα</strong></span> <span class='ocrx_word' id='word_1_39' title='bbox 1179 2120 1295 2178; x_wconf 74' lang='grc' dir='ltr'><strong><em>μεγιστα</em></strong></span> <span class='ocrx_word' id='word_1_40' title='bbox 1317 2099 1532 2175; x_wconf 68' lang='grc' dir='ltr'><strong>σνμβαλλεται,</strong></span> <span class='ocrx_word' id='word_1_41' title='bbox 1555 2120 1607 2177; x_wconf 75' lang='lat' dir='ltr'><strong>eqo</strong></span> <span class='ocrx_word' id='word_1_42' title='bbox 1626 2119 1655 2158; x_wconf 77' lang='lat' dir='ltr'><strong>cs</strong></span> 
     </span>
    </p>
   </div>
   <div class='ocr_carea' id='block_1_4' title="bbox 318 2180 1758 2270">
    <p class='ocr_par' dir='ltr' id='par_1_4' title="bbox 318 2180 1758 2270">
     <span class='ocr_line' id='line_1_8' title="bbox 318 2180 1758 2270; baseline -0.006 -18"><span class='ocrx_word' id='word_1_43' title='bbox 318 2209 378 2253; x_wconf 77' lang='lat' dir='ltr'><strong>ecoe</strong></span> <span class='ocrx_word' id='word_1_44' title='bbox 400 2188 489 2266; x_wconf 68' lang='lat' dir='ltr'><strong>doymo</strong></span> <span class='ocrx_word' id='word_1_45' title='bbox 510 2182 645 2260; x_wconf 65' lang='grc' dir='ltr'><strong>εὐταξιαν</strong></span> <span class='ocrx_word' id='word_1_46' title='bbox 666 2183 877 2270; x_wconf 68' lang='lat' dir='ltr'><strong>deducerentur,</strong></span> <span class='ocrx_word' id='word_1_47' title='bbox 901 2181 967 2248; x_wconf 57' lang='lat' dir='ltr'><strong>aad?</strong></span> <span class='ocrx_word' id='word_1_48' title='bbox 991 2180 1027 2263; x_wconf 71' lang='grc' dir='ltr'><strong>ἡν</strong></span> <span class='ocrx_word' id='word_1_49' title='bbox 1048 2185 1283 2266; x_wconf 73' lang='lat' dir='ltr'><strong>dadppcoopp&#39;peca</strong></span> <span class='ocrx_word' id='word_1_50' title='bbox 1296 2207 1330 2247; x_wconf 80' lang='grc' dir='ltr'><strong>το</strong></span> <span class='ocrx_word' id='word_1_51' title='bbox 1351 2207 1409 2248; x_wconf 75' lang='lat' dir='ltr'><strong>oue</strong></span> <span class='ocrx_word' id='word_1_52' title='bbox 1431 2231 1438 2245; x_wconf 86' lang='lat'><strong>.</strong></span> <span class='ocrx_word' id='word_1_53' title='bbox 1462 2231 1470 2246; x_wconf 90' lang='lat'><strong>.</strong></span> <span class='ocrx_word' id='word_1_54' title='bbox 1495 2228 1503 2244; x_wconf 85' lang='lat'><strong>.</strong></span> <span class='ocrx_word' id='word_1_55' title='bbox 1527 2226 1536 2244; x_wconf 84' lang='lat'><strong>·</strong></span> <span class='ocrx_word' id='word_1_56' title='bbox 1561 2209 1609 2247; x_wconf 79' lang='grc' dir='ltr'><strong>και</strong></span> <span class='ocrx_word' id='word_1_57' title='bbox 1622 2206 1656 2245; x_wconf 81' lang='grc' dir='ltr'><strong>τα</strong></span> <span class='ocrx_word' id='word_1_58' title='bbox 1757 2201 1758 2220; x_wconf 50' lang='lat' dir='ltr'><strong>l</strong></span> 
     </span>
    </p>
   </div>
   <div class='ocr_carea' id='block_1_5' title="bbox 318 2269 1657 2527">
    <p class='ocr_par' dir='ltr' id='par_1_5' title="bbox 318 2269 1657 2527">
     <span class='ocr_line' id='line_1_9' title="bbox 318 2269 1655 2356; baseline -0.002 -19"><span class='ocrx_word' id='word_1_59' title='bbox 318 2269 400 2338; x_wconf 78' lang='grc' dir='ltr'><em>ἁπλα</em></span> <span class='ocrx_word' id='word_1_60' title='bbox 423 2296 469 2335; x_wconf 85' lang='grc' dir='ltr'><strong>και</strong></span> <span class='ocrx_word' id='word_1_61' title='bbox 491 2273 663 2356; x_wconf 78' lang='grc' dir='ltr'><strong><em>πρωτουργα</em></strong></span> <span class='ocrx_word' id='word_1_62' title='bbox 692 2295 830 2353; x_wconf 74' lang='lat' dir='ltr'><strong>courgetur,</strong></span> <span class='ocrx_word' id='word_1_63' title='bbox 859 2296 906 2335; x_wconf 85' lang='grc' dir='ltr'><strong>και</strong></span> <span class='ocrx_word' id='word_1_64' title='bbox 927 2293 1019 2354; x_wconf 69' lang='lat' dir='ltr'><strong>sung</strong></span> <span class='ocrx_word' id='word_1_65' title='bbox 1040 2295 1075 2351; x_wconf 76' lang='lat' dir='ltr'><strong>eg</strong></span> <span class='ocrx_word' id='word_1_66' title='bbox 1096 2293 1254 2353; x_wconf 78' lang='lat' dir='ltr'><strong>cuppatprqt</strong></span> <span class='ocrx_word' id='word_1_67' title='bbox 1284 2295 1331 2334; x_wconf 84' lang='grc' dir='ltr'><strong>και</strong></span> <span class='ocrx_word' id='word_1_68' title='bbox 1350 2295 1385 2354; x_wconf 77' lang='lat' dir='ltr'><strong>eg</strong></span> <span class='ocrx_word' id='word_1_69' title='bbox 1406 2271 1515 2350; x_wconf 79' lang='grc' dir='ltr'><strong><em>ἱσοτητι</em></strong></span> <span class='ocrx_word' id='word_1_70' title='bbox 1546 2293 1655 2350; x_wconf 71' lang='grc' dir='ltr'><strong><em>συνεχο-</em></strong></span> 
     </span>
     <span class='ocr_line' id='line_1_10' title="bbox 318 2353 1657 2441; baseline -0.004 -17"><span class='ocrx_word' id='word_1_71' title='bbox 318 2385 390 2439; x_wconf 71' lang='grc' dir='ltr'><strong>μενα</strong></span> <span class='ocrx_word' id='word_1_72' title='bbox 413 2359 546 2437; x_wconf 55' lang='lat' dir='ltr'><strong>deificus,</strong></span> <span class='ocrx_word' id='word_1_73' title='bbox 578 2357 610 2422; x_wconf 83' lang='lat' dir='ltr'><strong>dr&#39;</strong></span> <span class='ocrx_word' id='word_1_74' title='bbox 635 2353 677 2424; x_wconf 71' lang='lat' dir='ltr'><strong>cle</strong></span> <span class='ocrx_word' id='word_1_75' title='bbox 703 2384 750 2422; x_wconf 81' lang='grc' dir='ltr'><strong>και</strong></span> <span class='ocrx_word' id='word_1_76' title='bbox 779 2355 795 2422; x_wconf 86' lang='grc' dir='ltr'>ὁ</span> <span class='ocrx_word' id='word_1_77' title='bbox 825 2381 882 2430; x_wconf 72' lang='grc' dir='ltr'><strong>ηας</strong></span> <span class='ocrx_word' id='word_1_78' title='bbox 903 2356 1028 2438; x_wconf 67' lang='lat' dir='ltr'><strong>culpatos</strong></span> <span class='ocrx_word' id='word_1_79' title='bbox 1057 2357 1227 2438; x_wconf 74' lang='grc' dir='ltr'><strong><em>ἐτελειωθη,</em></strong></span> <span class='ocrx_word' id='word_1_80' title='bbox 1258 2380 1388 2440; x_wconf 72' lang='grc' dir='ltr'><strong><em>σχηματα</em></strong></span> <span class='ocrx_word' id='word_1_81' title='bbox 1416 2383 1455 2422; x_wconf 84' lang='grc' dir='ltr'><strong>τα</strong></span> <span class='ocrx_word' id='word_1_82' title='bbox 1481 2381 1657 2441; x_wconf 78' lang='grc' dir='ltr'><strong><em>προςηκοηα</em></strong></span> 
     </span>
     <span class='ocr_line' id='line_1_11' title="bbox 663 2441 1313 2527; baseline -0.002 -17"><span class='ocrx_word' id='word_1_83' title='bbox 663 2469 737 2510; x_wconf 81' lang='grc' dir='ltr'><strong><em>κατα</em></strong></span> <span class='ocrx_word' id='word_1_84' title='bbox 757 2469 809 2518; x_wconf 78' lang='grc' dir='ltr'><strong>τας</strong></span> <span class='ocrx_word' id='word_1_85' title='bbox 830 2445 935 2509; x_wconf 72' lang='grc' dir='ltr'><strong>ἑαυτου</strong></span> <span class='ocrx_word' id='word_1_86' title='bbox 955 2453 1074 2527; x_wconf 77' lang='lat' dir='ltr'><strong>peptdue</strong></span> <span class='ocrx_word' id='word_1_87' title='bbox 1094 2441 1313 2524; x_wconf 70' lang='grc' dir='ltr'><strong><em>ὖποᾱεξαμενος.</em></strong></span> 
     </span>
    </p>
   </div>
   <div class='ocr_carea' id='block_1_6' title="bbox 493 2576 1483 2824">
    <p class='ocr_par' dir='ltr' id='par_1_6' title="bbox 493 2576 1483 2824">
     <span class='ocr_line' id='line_1_12' title="bbox 529 2576 1404 2682; baseline 0.002 -19"><span class='ocrx_word' id='word_1_88' title='bbox 529 2659 534 2670; x_wconf 90' lang='grc'><em>,</em></span> <span class='ocrx_word' id='word_1_89' title='bbox 615 2602 689 2663; x_wconf 80' lang='lat' dir='ltr'><strong>cum</strong></span> <span class='ocrx_word' id='word_1_90' title='bbox 718 2602 749 2664; x_wconf 87' lang='lat' dir='ltr'><strong>s.</strong></span> <span class='ocrx_word' id='word_1_91' title='bbox 779 2602 812 2663; x_wconf 89' lang='lat' dir='ltr'><strong>c.</strong></span> <span class='ocrx_word' id='word_1_92' title='bbox 841 2602 883 2663; x_wconf 87' lang='lat' dir='ltr'><strong>m.</strong></span> <span class='ocrx_word' id='word_1_93' title='bbox 912 2591 1071 2682; x_wconf 75' lang='lat' dir='ltr'><strong>Pordegto</strong></span> <span class='ocrx_word' id='word_1_94' title='bbox 1101 2603 1139 2667; x_wconf 73' lang='lat' dir='ltr'><strong>ac</strong></span> <span class='ocrx_word' id='word_1_95' title='bbox 1169 2621 1261 2666; x_wconf 72' lang='lat' dir='ltr'><strong>annos</strong></span> <span class='ocrx_word' id='word_1_96' title='bbox 1290 2603 1360 2665; x_wconf 85' lang='lat' dir='ltr'><strong>xv.</strong></span> <span class='ocrx_word' id='word_1_97' title='bbox 1401 2576 1404 2586; x_wconf 81' lang='grc'><strong>’</strong></span> 
     </span>
     <span class='ocr_line' id='line_1_13' title="bbox 493 2755 1483 2824; baseline 0.006 -18"><span class='ocrx_word' id='word_1_98' title='bbox 493 2755 595 2807; x_wconf 77' lang='lat' dir='ltr'><strong>Linon</strong></span> <span class='ocrx_word' id='word_1_99' title='bbox 612 2757 783 2810; x_wconf 71' lang='lat' dir='ltr'><strong>Ausonium.</strong></span> <span class='ocrx_word' id='word_1_100' title='bbox 818 2758 963 2810; x_wconf 80' lang='lat' dir='ltr'><strong>Excudabet</strong></span> <span class='ocrx_word' id='word_1_101' title='bbox 978 2759 1106 2812; x_wconf 75' lang='lat' dir='ltr'><strong>Jobunues</strong></span> <span class='ocrx_word' id='word_1_102' title='bbox 1122 2758 1242 2824; x_wconf 72' lang='lat' dir='ltr'><strong>Plancus,</strong></span> <span class='ocrx_word' id='word_1_103' title='bbox 1260 2757 1483 2812; x_wconf 71' lang='lat' dir='ltr'><strong>annotinum</strong></span> 
     </span>
    </p>
   </div>
   <div class='ocr_carea' id='block_1_7' title="bbox 825 3167 1246 3294">
    <p class='ocr_par' dir='ltr' id='par_1_7' title="bbox 825 3167 1246 3294">
     <span class='ocr_line' id='line_1_14' title="bbox 825 3167 1246 3294; baseline 0 -41"><span class='ocrx_word' id='word_1_104' title='bbox 825 3167 1142 3265; x_wconf 86' lang='lat' dir='ltr'><strong>roconnton.</strong></span> <span class='ocrx_word' id='word_1_105' title='bbox 1244 3287 1246 3294; x_wconf 65' lang='lat'><strong>,</strong></span> 
     </span>
    </p>
   </div>
   <div class='ocr_carea' id='block_1_8' title="bbox 409 3344 1657 3428">
    <p class='ocr_par' dir='ltr' id='par_1_8' title="bbox 409 3344 1657 3428">
     <span class='ocr_line' id='line_1_15' title="bbox 409 3344 1657 3428; baseline 0 -23"><span class='ocrx_word' id='word_1_106' title='bbox 409 3346 483 3406; x_wconf 79' lang='lat' dir='ltr'><strong>(lum</strong></span> <span class='ocrx_word' id='word_1_107' title='bbox 504 3365 523 3406; x_wconf 87' lang='lat' dir='ltr'><strong>a</strong></span> <span class='ocrx_word' id='word_1_108' title='bbox 545 3344 738 3407; x_wconf 81' lang='lat' dir='ltr'><strong>divisionibus</strong></span> <span class='ocrx_word' id='word_1_109' title='bbox 761 3347 860 3408; x_wconf 87' lang='lat' dir='ltr'><strong>circuli</strong></span> <span class='ocrx_word' id='word_1_110' title='bbox 883 3350 912 3408; x_wconf 92' lang='lat' dir='ltr'><strong>in</strong></span> <span class='ocrx_word' id='word_1_111' title='bbox 935 3357 1031 3428; x_wconf 89' lang='lat' dir='ltr'><strong>partes</strong></span> <span class='ocrx_word' id='word_1_112' title='bbox 1053 3348 1198 3426; x_wconf 85' lang='lat' dir='ltr'><strong>aliquotas</strong></span> <span class='ocrx_word' id='word_1_113' title='bbox 1220 3347 1372 3426; x_wconf 77' lang='lat' dir='ltr'><strong>aequales,</strong></span> <span class='ocrx_word' id='word_1_114' title='bbox 1395 3363 1470 3423; x_wconf 87' lang='lat' dir='ltr'><strong>quae</strong></span> <span class='ocrx_word' id='word_1_115' title='bbox 1493 3345 1568 3406; x_wconf 84' lang='lat' dir='ltr'><strong>fiunt</strong></span> <span class='ocrx_word' id='word_1_116' title='bbox 1590 3363 1657 3424; x_wconf 85' lang='lat' dir='ltr'><strong>geo-</strong></span> 
     </span>
    </p>
   </div>
   <div class='ocr_carea' id='block_1_9' title="bbox 320 3421 1758 3514">
    <p class='ocr_par' dir='ltr' id='par_1_9' title="bbox 320 3421 1758 3514">
     <span class='ocr_line' id='line_1_16' title="bbox 320 3421 1758 3514; baseline 0 -22"><span class='ocrx_word' id='word_1_117' title='bbox 320 3435 437 3493; x_wconf 87' lang='lat' dir='ltr'><strong>metrice</strong></span> <span class='ocrx_word' id='word_1_118' title='bbox 459 3441 489 3494; x_wconf 86' lang='lat' dir='ltr'><strong>ct</strong></span> <span class='ocrx_word' id='word_1_119' title='bbox 510 3433 673 3510; x_wconf 87' lang='lat' dir='ltr'><strong>scientifice,</strong></span> <span class='ocrx_word' id='word_1_120' title='bbox 697 3434 753 3495; x_wconf 90' lang='lat' dir='ltr'><strong>lroc</strong></span> <span class='ocrx_word' id='word_1_121' title='bbox 774 3442 820 3495; x_wconf 87' lang='lat' dir='ltr'><strong>est</strong></span> <span class='ocrx_word' id='word_1_122' title='bbox 841 3453 860 3494; x_wconf 92' lang='lat' dir='ltr'><strong>a</strong></span> <span class='ocrx_word' id='word_1_123' title='bbox 881 3433 979 3512; x_wconf 78' lang='lat' dir='ltr'><strong>figuris</strong></span> <span class='ocrx_word' id='word_1_124' title='bbox 1004 3436 1097 3514; x_wconf 87' lang='lat' dir='ltr'><strong>planis</strong></span> <span class='ocrx_word' id='word_1_125' title='bbox 1112 3435 1293 3513; x_wconf 78' lang='lat' dir='ltr'><strong>regularibus</strong></span> <span class='ocrx_word' id='word_1_126' title='bbox 1307 3433 1583 3494; x_wconf 72' lang='lat' dir='ltr'><strong>demonstrabilibus</strong></span> <span class='ocrx_word' id='word_1_127' title='bbox 1604 3437 1658 3494; x_wconf 89' lang='lat' dir='ltr'><strong>sint</strong></span> <span class='ocrx_word' id='word_1_128' title='bbox 1757 3421 1758 3462; x_wconf 60' lang='lat'>¹</span> 
     </span>
    </p>
   </div>
   <div class='ocr_carea' id='block_1_10' title="bbox 270 3513 1657 3950">
    <p class='ocr_par' dir='ltr' id='par_1_10' title="bbox 270 3513 1657 3950">
     <span class='ocr_line' id='line_1_17' title="bbox 321 3513 1656 3601; baseline 0.001 -22"><span class='ocrx_word' id='word_1_129' title='bbox 321 3521 407 3579; x_wconf 89' lang='lat' dir='ltr'><strong>nobis</strong></span> <span class='ocrx_word' id='word_1_130' title='bbox 429 3521 572 3600; x_wconf 89' lang='lat' dir='ltr'><strong>petendae</strong></span> <span class='ocrx_word' id='word_1_131' title='bbox 594 3539 700 3582; x_wconf 83' lang='lat' dir='ltr'><strong>causus</strong></span> <span class='ocrx_word' id='word_1_132' title='bbox 722 3513 942 3601; x_wconf 81' lang='lat' dir='ltr'><strong>proportionum</strong></span> <span class='ocrx_word' id='word_1_133' title='bbox 962 3523 1205 3584; x_wconf 79' lang='lat' dir='ltr'><strong>harmonicorum:</strong></span> <span class='ocrx_word' id='word_1_134' title='bbox 1235 3522 1306 3582; x_wconf 89' lang='lat' dir='ltr'><strong>illud</strong></span> <span class='ocrx_word' id='word_1_135' title='bbox 1331 3525 1414 3582; x_wconf 89' lang='lat' dir='ltr'><strong>initio</strong></span> <span class='ocrx_word' id='word_1_136' title='bbox 1436 3521 1656 3598; x_wconf 79' lang='lat' dir='ltr'><strong>significandum</strong></span> 
     </span>
     <span class='ocr_line' id='line_1_18' title="bbox 321 3607 1657 3689; baseline 0.003 -23"><span class='ocrx_word' id='word_1_137' title='bbox 321 3607 405 3682; x_wconf 85' lang='lat' dir='ltr'><strong>duxi,</strong></span> <span class='ocrx_word' id='word_1_138' title='bbox 437 3608 611 3669; x_wconf 79' lang='lat' dir='ltr'><strong>differentias</strong></span> <span class='ocrx_word' id='word_1_139' title='bbox 633 3627 727 3668; x_wconf 90' lang='lat' dir='ltr'><strong>rerum</strong></span> <span class='ocrx_word' id='word_1_140' title='bbox 749 3613 988 3686; x_wconf 75' lang='lat' dir='ltr'><strong>geometricorum</strong></span> <span class='ocrx_word' id='word_1_141' title='bbox 1009 3609 1163 3685; x_wconf 74' lang='lat' dir='ltr'><strong>mentales,</strong></span> <span class='ocrx_word' id='word_1_142' title='bbox 1187 3609 1291 3689; x_wconf 90' lang='lat' dir='ltr'><strong>bodie,</strong></span> <span class='ocrx_word' id='word_1_143' title='bbox 1320 3616 1459 3685; x_wconf 87' lang='lat' dir='ltr'><strong>quantum</strong></span> <span class='ocrx_word' id='word_1_144' title='bbox 1480 3617 1657 3688; x_wconf 77' lang='lat' dir='ltr'><strong>apparetur</strong></span> 
     </span>
     <span class='ocr_line' id='line_1_19' title="bbox 319 3695 1657 3776; baseline 0 -22"><span class='ocrx_word' id='word_1_145' title='bbox 319 3695 400 3755; x_wconf 90' lang='lat' dir='ltr'><strong>libris</strong></span> <span class='ocrx_word' id='word_1_146' title='bbox 422 3695 522 3770; x_wconf 87' lang='lat' dir='ltr'><strong>editis,</strong></span> <span class='ocrx_word' id='word_1_147' title='bbox 546 3700 576 3755; x_wconf 92' lang='lat' dir='ltr'><strong>in</strong></span> <span class='ocrx_word' id='word_1_148' title='bbox 598 3695 724 3756; x_wconf 90' lang='lat' dir='ltr'><strong>solidum</strong></span> <span class='ocrx_word' id='word_1_149' title='bbox 746 3699 881 3774; x_wconf 87' lang='lat' dir='ltr'><strong>ignorari.</strong></span> <span class='ocrx_word' id='word_1_150' title='bbox 927 3696 1069 3776; x_wconf 82' lang='lat' dir='ltr'><strong>Adeoque</strong></span> <span class='ocrx_word' id='word_1_151' title='bbox 1090 3715 1127 3758; x_wconf 87' lang='lat' dir='ltr'><strong>ns</strong></span> <span class='ocrx_word' id='word_1_152' title='bbox 1150 3716 1186 3759; x_wconf 83' lang='lat' dir='ltr'><strong>ex</strong></span> <span class='ocrx_word' id='word_1_153' title='bbox 1207 3697 1354 3758; x_wconf 86' lang='lat' dir='ltr'><strong>veteribus</strong></span> <span class='ocrx_word' id='word_1_154' title='bbox 1377 3695 1510 3774; x_wconf 88' lang='lat' dir='ltr'><strong>quidem,</strong></span> <span class='ocrx_word' id='word_1_155' title='bbox 1535 3699 1586 3774; x_wconf 92' lang='lat' dir='ltr'><strong>qui</strong></span> <span class='ocrx_word' id='word_1_156' title='bbox 1608 3695 1657 3755; x_wconf 81' lang='lat' dir='ltr'><strong>bes</strong></span> 
     </span>
     <span class='ocr_line' id='line_1_20' title="bbox 270 3781 1656 3862; baseline 0.001 -20"><span class='ocrx_word' id='word_1_157' title='bbox 270 3789 272 3798; x_wconf 90' lang='grc'><strong>’</strong></span> <span class='ocrx_word' id='word_1_158' title='bbox 319 3781 470 3862; x_wconf 89' lang='lat' dir='ltr'><strong>specificas</strong></span> <span class='ocrx_word' id='word_1_159' title='bbox 492 3801 586 3844; x_wconf 90' lang='lat' dir='ltr'><strong>rerum</strong></span> <span class='ocrx_word' id='word_1_160' title='bbox 608 3786 847 3861; x_wconf 83' lang='lat' dir='ltr'><strong>geometricorum</strong></span> <span class='ocrx_word' id='word_1_161' title='bbox 870 3784 1044 3845; x_wconf 77' lang='lat' dir='ltr'><strong>differentias</strong></span> <span class='ocrx_word' id='word_1_162' title='bbox 1072 3802 1104 3846; x_wconf 90' lang='lat' dir='ltr'><strong>se</strong></span> <span class='ocrx_word' id='word_1_163' title='bbox 1127 3793 1227 3846; x_wconf 84' lang='lat' dir='ltr'><strong>exacte</strong></span> <span class='ocrx_word' id='word_1_164' title='bbox 1250 3787 1422 3861; x_wconf 79' lang='lat' dir='ltr'><strong>cognovisse</strong></span> <span class='ocrx_word' id='word_1_165' title='bbox 1444 3782 1656 3860; x_wconf 81' lang='lat' dir='ltr'><strong>significaverit,</strong></span> 
     </span>
     <span class='ocr_line' id='line_1_21' title="bbox 319 3869 1656 3950; baseline -0.001 -22"><span class='ocrx_word' id='word_1_166' title='bbox 319 3879 433 3949; x_wconf 88' lang='lat' dir='ltr'><strong>praeter</strong></span> <span class='ocrx_word' id='word_1_167' title='bbox 456 3870 605 3931; x_wconf 81' lang='lat' dir='ltr'><strong>Euclidem</strong></span> <span class='ocrx_word' id='word_1_168' title='bbox 628 3872 750 3949; x_wconf 86' lang='lat' dir='ltr'><strong>ejusque</strong></span> <span class='ocrx_word' id='word_1_169' title='bbox 772 3879 1027 3932; x_wconf 87' lang='lat' dir='ltr'><strong>commentatorem</strong></span> <span class='ocrx_word' id='word_1_170' title='bbox 1048 3872 1193 3946; x_wconf 88' lang='lat' dir='ltr'><strong>Proclum,</strong></span> <span class='ocrx_word' id='word_1_171' title='bbox 1220 3875 1374 3949; x_wconf 76' lang='lat' dir='ltr'><strong>quisquam</strong></span> <span class='ocrx_word' id='word_1_172' title='bbox 1396 3873 1529 3932; x_wconf 77' lang='lat' dir='ltr'><strong>occurrit.</strong></span> <span class='ocrx_word' id='word_1_173' title='bbox 1566 3869 1656 3950; x_wconf 73' lang='lat' dir='ltr'><strong>Puppi</strong></span> 
     </span>
    </p>
   </div>
   <div class='ocr_carea' id='block_1_11' title="bbox 319 3958 1758 4044">
    <p class='ocr_par' dir='ltr' id='par_1_11' title="bbox 319 3958 1758 4044">
     <span class='ocr_line' id='line_1_22' title="bbox 319 3958 1758 4044; baseline 0 -28"><span class='ocrx_word' id='word_1_174' title='bbox 319 3958 437 4034; x_wconf 89' lang='lat' dir='ltr'><strong>quidem</strong></span> <span class='ocrx_word' id='word_1_175' title='bbox 460 3958 650 4018; x_wconf 84' lang='lat' dir='ltr'><strong>Alexandrini</strong></span> <span class='ocrx_word' id='word_1_176' title='bbox 670 3969 870 4039; x_wconf 84' lang='lat' dir='ltr'><strong>veterumque,</strong></span> <span class='ocrx_word' id='word_1_177' title='bbox 893 3976 967 4035; x_wconf 90' lang='lat' dir='ltr'><strong>quos</strong></span> <span class='ocrx_word' id='word_1_178' title='bbox 990 3959 1039 4020; x_wconf 92' lang='lat' dir='ltr'><strong>ille</strong></span> <span class='ocrx_word' id='word_1_179' title='bbox 1054 3961 1193 4036; x_wconf 85' lang='lat' dir='ltr'><strong>sequitur,</strong></span> <span class='ocrx_word' id='word_1_180' title='bbox 1216 3958 1380 4020; x_wconf 87' lang='lat' dir='ltr'><strong>distributio</strong></span> <span class='ocrx_word' id='word_1_181' title='bbox 1396 3958 1611 4038; x_wconf 85' lang='lat' dir='ltr'><strong>problematum</strong></span> <span class='ocrx_word' id='word_1_182' title='bbox 1630 3961 1656 4016; x_wconf 86' lang='lat' dir='ltr'><strong>iu</strong></span> <span class='ocrx_word' id='word_1_183' title='bbox 1757 4023 1758 4044; x_wconf 18' lang='grc' dir='ltr'>ἦ</span> 
     </span>
    </p>
   </div>
   <div class='ocr_carea' id='block_1_12' title="bbox 317 4043 1657 4124">
    <p class='ocr_par' dir='ltr' id='par_1_12' title="bbox 317 4043 1657 4124">
     <span class='ocr_line' id='line_1_23' title="bbox 317 4043 1657 4124; baseline 0.003 -22"><span class='ocrx_word' id='word_1_184' title='bbox 317 4043 414 4122; x_wconf 87' lang='lat' dir='ltr'><strong>plana,</strong></span> <span class='ocrx_word' id='word_1_185' title='bbox 437 4045 532 4106; x_wconf 86' lang='lat' dir='ltr'><strong>solida</strong></span> <span class='ocrx_word' id='word_1_186' title='bbox 553 4053 583 4106; x_wconf 90' lang='lat' dir='ltr'><strong>et</strong></span> <span class='ocrx_word' id='word_1_187' title='bbox 603 4046 733 4120; x_wconf 87' lang='lat' dir='ltr'><strong>linearia,</strong></span> <span class='ocrx_word' id='word_1_188' title='bbox 755 4049 827 4106; x_wconf 87' lang='lat' dir='ltr'><strong>eatis</strong></span> <span class='ocrx_word' id='word_1_189' title='bbox 850 4054 894 4106; x_wconf 90' lang='lat' dir='ltr'><strong>est</strong></span> <span class='ocrx_word' id='word_1_190' title='bbox 907 4051 1042 4124; x_wconf 88' lang='lat' dir='ltr'><strong>apposita</strong></span> <span class='ocrx_word' id='word_1_191' title='bbox 1055 4046 1094 4107; x_wconf 91' lang='lat' dir='ltr'><strong>ad</strong></span> <span class='ocrx_word' id='word_1_192' title='bbox 1108 4046 1224 4107; x_wconf 90' lang='lat' dir='ltr'><strong>habitus</strong></span> <span class='ocrx_word' id='word_1_193' title='bbox 1238 4049 1352 4121; x_wconf 90' lang='lat' dir='ltr'><strong>mentia,</strong></span> <span class='ocrx_word' id='word_1_194' title='bbox 1375 4049 1452 4107; x_wconf 87' lang='lat' dir='ltr'><strong>cir&#39;ca</strong></span> <span class='ocrx_word' id='word_1_195' title='bbox 1465 4061 1657 4123; x_wconf 87' lang='lat' dir='ltr'><strong>unamquam-</strong></span> 
     </span>
    </p>
   </div>
   <div class='ocr_carea' id='block_1_13' title="bbox 319 4131 1758 4300">
    <p class='ocr_par' dir='ltr' id='par_1_13' title="bbox 319 4131 1758 4300">
     <span class='ocr_line' id='line_1_24' title="bbox 319 4131 1758 4216; baseline 0.003 -26"><span class='ocrx_word' id='word_1_196' title='bbox 319 4148 376 4207; x_wconf 88' lang='lat' dir='ltr'><strong>que</strong></span> <span class='ocrx_word' id='word_1_197' title='bbox 391 4135 516 4211; x_wconf 88' lang='lat' dir='ltr'><strong>subjecti</strong></span> <span class='ocrx_word' id='word_1_198' title='bbox 530 4135 697 4211; x_wconf 82' lang='lat' dir='ltr'><strong>geometrici</strong></span> <span class='ocrx_word' id='word_1_199' title='bbox 712 4141 823 4213; x_wconf 83' lang='lat' dir='ltr'><strong>partem</strong></span> <span class='ocrx_word' id='word_1_200' title='bbox 838 4135 971 4208; x_wconf 87' lang='lat' dir='ltr'><strong>orientes,</strong></span> <span class='ocrx_word' id='word_1_201' title='bbox 989 4133 1192 4212; x_wconf 87' lang='lat' dir='ltr'><strong>explicandos:</strong></span> <span class='ocrx_word' id='word_1_202' title='bbox 1209 4131 1260 4194; x_wconf 82' lang='lat' dir='ltr'><strong>illu</strong></span> <span class='ocrx_word' id='word_1_203' title='bbox 1269 4137 1364 4194; x_wconf 67' lang='lat' dir='ltr'><strong>umen</strong></span> <span class='ocrx_word' id='word_1_204' title='bbox 1380 4141 1409 4194; x_wconf 90' lang='lat' dir='ltr'><strong>et</strong></span> <span class='ocrx_word' id='word_1_205' title='bbox 1422 4135 1519 4193; x_wconf 85' lang='lat' dir='ltr'><strong>brevis</strong></span> <span class='ocrx_word' id='word_1_206' title='bbox 1535 4144 1582 4194; x_wconf 91' lang='lat' dir='ltr'><strong>est</strong></span> <span class='ocrx_word' id='word_1_207' title='bbox 1593 4151 1656 4194; x_wconf 81' lang='lat' dir='ltr'><strong>rct-</strong></span> <span class='ocrx_word' id='word_1_208' title='bbox 1757 4179 1758 4216; x_wconf 25' lang='grc' dir='ltr'>ξ</span> 
     </span>
     <span class='ocr_line' id='line_1_25' title="bbox 319 4217 1758 4300; baseline 0.002 -23"><span class='ocrx_word' id='word_1_209' title='bbox 319 4217 365 4278; x_wconf 91' lang='lat' dir='ltr'><strong>bis</strong></span> <span class='ocrx_word' id='word_1_210' title='bbox 388 4227 417 4278; x_wconf 91' lang='lat' dir='ltr'><strong>et</strong></span> <span class='ocrx_word' id='word_1_211' title='bbox 438 4221 475 4280; x_wconf 90' lang='lat' dir='ltr'><strong>ad</strong></span> <span class='ocrx_word' id='word_1_212' title='bbox 498 4223 599 4300; x_wconf 81' lang='lat' dir='ltr'><strong>praxin</strong></span> <span class='ocrx_word' id='word_1_213' title='bbox 622 4221 786 4298; x_wconf 89' lang='lat' dir='ltr'><strong>applicata;</strong></span> <span class='ocrx_word' id='word_1_214' title='bbox 810 4219 846 4280; x_wconf 86' lang='lat' dir='ltr'><strong>de</strong></span> <span class='ocrx_word' id='word_1_215' title='bbox 861 4220 973 4281; x_wconf 86' lang='lat' dir='ltr'><strong>theoria</strong></span> <span class='ocrx_word' id='word_1_216' title='bbox 987 4221 1068 4281; x_wconf 91' lang='lat' dir='ltr'><strong>nulla</strong></span> <span class='ocrx_word' id='word_1_217' title='bbox 1082 4221 1115 4280; x_wconf 87' lang='lat' dir='ltr'><strong>tit</strong></span> <span class='ocrx_word' id='word_1_218' title='bbox 1127 4223 1252 4282; x_wconf 85' lang='lat' dir='ltr'><strong>mentio:</strong></span> <span class='ocrx_word' id='word_1_219' title='bbox 1276 4228 1305 4282; x_wconf 91' lang='lat' dir='ltr'><strong>at</strong></span> <span class='ocrx_word' id='word_1_220' title='bbox 1327 4238 1396 4282; x_wconf 87' lang='lat' dir='ltr'><strong>vcro</strong></span> <span class='ocrx_word' id='word_1_221' title='bbox 1413 4223 1469 4281; x_wconf 86' lang='lat' dir='ltr'><strong>nisi</strong></span> <span class='ocrx_word' id='word_1_222' title='bbox 1484 4227 1549 4281; x_wconf 90' lang='lat' dir='ltr'><strong>tota</strong></span> <span class='ocrx_word' id='word_1_223' title='bbox 1565 4228 1656 4282; x_wconf 86' lang='lat' dir='ltr'><strong>mente</strong></span> <span class='ocrx_word' id='word_1_224' title='bbox 1757 4241 1758 4248; x_wconf 48' lang='lat'>¹</span> 
     </span>
    </p>
   </div>
   <div class='ocr_carea' id='block_1_14' title="bbox 318 4304 1657 4737">
    <p class='ocr_par' dir='ltr' id='par_1_14' title="bbox 318 4304 1657 4737">
     <span class='ocr_line' id='line_1_26' title="bbox 319 4304 1656 4387; baseline 0.004 -27"><span class='ocrx_word' id='word_1_225' title='bbox 319 4304 349 4362; x_wconf 90' lang='lat' dir='ltr'><strong>in</strong></span> <span class='ocrx_word' id='word_1_226' title='bbox 372 4305 484 4367; x_wconf 86' lang='lat' dir='ltr'><strong>theoria</strong></span> <span class='ocrx_word' id='word_1_227' title='bbox 504 4308 592 4385; x_wconf 86' lang='lat' dir='ltr'><strong>hujus</strong></span> <span class='ocrx_word' id='word_1_228' title='bbox 613 4310 656 4368; x_wconf 89' lang='lat' dir='ltr'><strong>rei</strong></span> <span class='ocrx_word' id='word_1_229' title='bbox 680 4323 866 4386; x_wconf 89' lang='lat' dir='ltr'><strong>occupemur,</strong></span> <span class='ocrx_word' id='word_1_230' title='bbox 890 4325 1038 4384; x_wconf 89' lang='lat' dir='ltr'><strong>uunquam</strong></span> <span class='ocrx_word' id='word_1_231' title='bbox 1061 4312 1177 4387; x_wconf 86' lang='lat' dir='ltr'><strong>assequi</strong></span> <span class='ocrx_word' id='word_1_232' title='bbox 1198 4311 1356 4387; x_wconf 86' lang='lat' dir='ltr'><strong>poterimus</strong></span> <span class='ocrx_word' id='word_1_233' title='bbox 1369 4311 1496 4369; x_wconf 86' lang='lat' dir='ltr'><strong>rationes</strong></span> <span class='ocrx_word' id='word_1_234' title='bbox 1512 4307 1656 4369; x_wconf 85' lang='lat' dir='ltr'><strong>barmoni-</strong></span> 
     </span>
     <span class='ocr_line' id='line_1_27' title="bbox 323 4393 1657 4478; baseline 0.004 -29"><span class='ocrx_word' id='word_1_235' title='bbox 323 4406 386 4450; x_wconf 71' lang='lat' dir='ltr'><strong>cas,</strong></span> <span class='ocrx_word' id='word_1_236' title='bbox 431 4393 552 4454; x_wconf 83' lang='lat' dir='ltr'><strong>Procius</strong></span> <span class='ocrx_word' id='word_1_237' title='bbox 568 4395 749 4478; x_wconf 56' lang='lat' dir='ltr'><strong>Diadoobus,</strong></span> <span class='ocrx_word' id='word_1_238' title='bbox 760 4395 842 4454; x_wconf 89' lang='lat' dir='ltr'><strong>libris</strong></span> <span class='ocrx_word' id='word_1_239' title='bbox 864 4401 989 4472; x_wconf 87' lang='lat' dir='ltr'><strong>quatuor</strong></span> <span class='ocrx_word' id='word_1_240' title='bbox 1011 4397 1041 4455; x_wconf 92' lang='lat' dir='ltr'><strong>iu</strong></span> <span class='ocrx_word' id='word_1_241' title='bbox 1067 4400 1191 4475; x_wconf 87' lang='lat' dir='ltr'><strong>primum</strong></span> <span class='ocrx_word' id='word_1_242' title='bbox 1206 4394 1337 4456; x_wconf 83' lang='lat' dir='ltr'><strong>Euolidis</strong></span> <span class='ocrx_word' id='word_1_243' title='bbox 1354 4395 1439 4457; x_wconf 89' lang='lat' dir='ltr'><strong>editis</strong></span> <span class='ocrx_word' id='word_1_244' title='bbox 1453 4393 1657 4475; x_wconf 85' lang='lat' dir='ltr'><strong>philosophum</strong></span> 
     </span>
     <span class='ocr_line' id='line_1_28' title="bbox 320 4478 1656 4563; baseline 0.004 -27"><span class='ocrx_word' id='word_1_245' title='bbox 320 4478 509 4539; x_wconf 87' lang='lat' dir='ltr'><strong>theoreticum</strong></span> <span class='ocrx_word' id='word_1_246' title='bbox 534 4485 563 4541; x_wconf 92' lang='lat' dir='ltr'><strong>in</strong></span> <span class='ocrx_word' id='word_1_247' title='bbox 593 4483 797 4544; x_wconf 88' lang='lat' dir='ltr'><strong>mathematico</strong></span> <span class='ocrx_word' id='word_1_248' title='bbox 826 4483 959 4560; x_wconf 87' lang='lat' dir='ltr'><strong>subjecto</strong></span> <span class='ocrx_word' id='word_1_249' title='bbox 991 4499 1026 4542; x_wconf 83' lang='lat' dir='ltr'><strong>ex</strong></span> <span class='ocrx_word' id='word_1_250' title='bbox 1055 4485 1185 4563; x_wconf 85' lang='lat' dir='ltr'><strong>professo</strong></span> <span class='ocrx_word' id='word_1_251' title='bbox 1215 4485 1290 4560; x_wconf 87' lang='lat' dir='ltr'><strong>agit:</strong></span> <span class='ocrx_word' id='word_1_252' title='bbox 1320 4485 1372 4561; x_wconf 89' lang='lat' dir='ltr'><strong>qui</strong></span> <span class='ocrx_word' id='word_1_253' title='bbox 1400 4485 1425 4542; x_wconf 89' lang='lat' dir='ltr'><strong>si</strong></span> <span class='ocrx_word' id='word_1_254' title='bbox 1452 4487 1656 4544; x_wconf 80' lang='lat' dir='ltr'><strong>commentaria</strong></span> 
     </span>
     <span class='ocr_line' id='line_1_29' title="bbox 319 4565 1655 4650; baseline 0.004 -26"><span class='ocrx_word' id='word_1_255' title='bbox 319 4579 374 4624; x_wconf 87' lang='lat' dir='ltr'><strong>sua</strong></span> <span class='ocrx_word' id='word_1_256' title='bbox 394 4566 425 4623; x_wconf 93' lang='lat' dir='ltr'><strong>in</strong></span> <span class='ocrx_word' id='word_1_257' title='bbox 447 4565 589 4629; x_wconf 86' lang='lat' dir='ltr'><strong>decimum</strong></span> <span class='ocrx_word' id='word_1_258' title='bbox 611 4573 700 4632; x_wconf 88' lang='lat' dir='ltr'><strong>etiam</strong></span> <span class='ocrx_word' id='word_1_259' title='bbox 720 4570 827 4630; x_wconf 91' lang='lat' dir='ltr'><strong>librum</strong></span> <span class='ocrx_word' id='word_1_260' title='bbox 848 4568 978 4644; x_wconf 86' lang='lat' dir='ltr'><strong>Epolidis</strong></span> <span class='ocrx_word' id='word_1_261' title='bbox 999 4571 1085 4631; x_wconf 88' lang='lat' dir='ltr'><strong>nobis</strong></span> <span class='ocrx_word' id='word_1_262' title='bbox 1107 4571 1287 4650; x_wconf 86' lang='lat' dir='ltr'><strong>reliquisset,</strong></span> <span class='ocrx_word' id='word_1_263' title='bbox 1309 4579 1338 4630; x_wconf 92' lang='lat' dir='ltr'><strong>et</strong></span> <span class='ocrx_word' id='word_1_264' title='bbox 1359 4577 1474 4632; x_wconf 86' lang='lat' dir='ltr'><strong>nostros</strong></span> <span class='ocrx_word' id='word_1_265' title='bbox 1495 4581 1655 4649; x_wconf 83' lang='lat' dir='ltr'><strong>geometras</strong></span> 
     </span>
     <span class='ocr_line' id='line_1_30' title="bbox 318 4653 1655 4737; baseline 0.006 -25"><span class='ocrx_word' id='word_1_266' title='bbox 318 4653 434 4714; x_wconf 85' lang='lat' dir='ltr'><strong>inscitia</strong></span> <span class='ocrx_word' id='word_1_267' title='bbox 454 4653 606 4716; x_wconf 86' lang='lat' dir='ltr'><strong>liberasset</strong></span> <span class='ocrx_word' id='word_1_268' title='bbox 627 4675 684 4719; x_wconf 92' lang='lat' dir='ltr'><strong>uon</strong></span> <span class='ocrx_word' id='word_1_269' title='bbox 707 4658 865 4736; x_wconf 86' lang='lat' dir='ltr'><strong>neglectus,</strong></span> <span class='ocrx_word' id='word_1_270' title='bbox 888 4664 918 4718; x_wconf 90' lang='lat' dir='ltr'><strong>et</strong></span> <span class='ocrx_word' id='word_1_271' title='bbox 938 4675 984 4718; x_wconf 91' lang='lat' dir='ltr'><strong>me</strong></span> <span class='ocrx_word' id='word_1_272' title='bbox 1006 4657 1107 4720; x_wconf 84' lang='lat' dir='ltr'><strong>labore</strong></span> <span class='ocrx_word' id='word_1_273' title='bbox 1128 4659 1184 4719; x_wconf 91' lang='lat' dir='ltr'><strong>boc</strong></span> <span class='ocrx_word' id='word_1_274' title='bbox 1206 4656 1371 4736; x_wconf 80' lang='lat' dir='ltr'><strong>explicandi</strong></span> <span class='ocrx_word' id='word_1_275' title='bbox 1392 4674 1487 4719; x_wconf 86' lang='lat' dir='ltr'><strong>rerum</strong></span> <span class='ocrx_word' id='word_1_276' title='bbox 1501 4661 1655 4737; x_wconf 82' lang='lat' dir='ltr'><strong>geometri·</strong></span> 
     </span>
    </p>
   </div>
   <div class='ocr_carea' id='block_1_15' title="bbox 319 4731 1758 4822">
    <p class='ocr_par' dir='ltr' id='par_1_15' title="bbox 319 4731 1758 4822">
     <span class='ocr_line' id='line_1_31' title="bbox 319 4731 1758 4822; baseline 0.008 -21"><span class='ocrx_word' id='word_1_277' title='bbox 319 4757 418 4801; x_wconf 84' lang='lat' dir='ltr'><strong>carum</strong></span> <span class='ocrx_word' id='word_1_278' title='bbox 445 4738 619 4802; x_wconf 82' lang='lat' dir='ltr'><strong>differentiae</strong></span> <span class='ocrx_word' id='word_1_279' title='bbox 647 4748 676 4804; x_wconf 93' lang='lat' dir='ltr'><strong>iu</strong></span> <span class='ocrx_word' id='word_1_280' title='bbox 699 4746 825 4807; x_wconf 89' lang='lat' dir='ltr'><strong>solidum</strong></span> <span class='ocrx_word' id='word_1_281' title='bbox 846 4744 1037 4807; x_wconf 82' lang='lat' dir='ltr'><strong>sublevasset</strong></span> <span class='ocrx_word' id='word_1_282' title='bbox 1070 4746 1160 4818; x_wconf 57' lang='lat' dir='ltr'><strong>‚Satis</strong></span> <span class='ocrx_word' id='word_1_283' title='bbox 1183 4746 1259 4806; x_wconf 88' lang='lat' dir='ltr'><strong>enim</strong></span> <span class='ocrx_word' id='word_1_284' title='bbox 1280 4747 1323 4805; x_wconf 90' lang='lat' dir='ltr'><strong>illi</strong></span> <span class='ocrx_word' id='word_1_285' title='bbox 1346 4747 1463 4822; x_wconf 85' lang='lat' dir='ltr'><strong>cognita</strong></span> <span class='ocrx_word' id='word_1_286' title='bbox 1484 4745 1576 4808; x_wconf 82' lang='lat' dir='ltr'><strong>tuisse</strong></span> <span class='ocrx_word' id='word_1_287' title='bbox 1598 4745 1654 4806; x_wconf 82' lang='lat' dir='ltr'><strong>die·</strong></span> <span class='ocrx_word' id='word_1_288' title='bbox 1757 4731 1758 4812; x_wconf 51' lang='lat' dir='ltr'><strong>l</strong></span> 
     </span>
    </p>
   </div>
   <div class='ocr_carea' id='block_1_16' title="bbox 319 4828 1654 4914">
    <p class='ocr_par' dir='ltr' id='par_1_16' title="bbox 319 4828 1654 4914">
     <span class='ocr_line' id='line_1_32' title="bbox 319 4828 1654 4914; baseline 0.003 -27"><span class='ocrx_word' id='word_1_289' title='bbox 319 4830 440 4888; x_wconf 69' lang='lat' dir='ltr'><strong>cumina</strong></span> <span class='ocrx_word' id='word_1_290' title='bbox 460 4828 518 4886; x_wconf 83' lang='lat' dir='ltr'><strong>iste</strong></span> <span class='ocrx_word' id='word_1_291' title='bbox 539 4831 647 4890; x_wconf 91' lang='lat' dir='ltr'><strong>entium</strong></span> <span class='ocrx_word' id='word_1_292' title='bbox 667 4834 851 4909; x_wconf 83' lang='lat' dir='ltr'><strong>mentalium,</strong></span> <span class='ocrx_word' id='word_1_293' title='bbox 880 4850 917 4894; x_wconf 85' lang='lat' dir='ltr'><strong>cx</strong></span> <span class='ocrx_word' id='word_1_294' title='bbox 938 4835 1002 4911; x_wconf 87' lang='lat' dir='ltr'><strong>ipsc</strong></span> <span class='ocrx_word' id='word_1_295' title='bbox 1025 4833 1144 4895; x_wconf 86' lang='lat' dir='ltr'><strong>exordio</strong></span> <span class='ocrx_word' id='word_1_296' title='bbox 1165 4833 1250 4894; x_wconf 79' lang='lat' dir='ltr'><strong>focile</strong></span> <span class='ocrx_word' id='word_1_297' title='bbox 1271 4840 1406 4913; x_wconf 87' lang='lat' dir='ltr'><strong>apparet,</strong></span> <span class='ocrx_word' id='word_1_298' title='bbox 1429 4851 1496 4895; x_wconf 84' lang='lat' dir='ltr'><strong>oum</strong></span> <span class='ocrx_word' id='word_1_299' title='bbox 1518 4836 1654 4914; x_wconf 87' lang='lat' dir='ltr'><strong>principia</strong></span> 
     </span>
    </p>
   </div>
   <div class='ocr_carea' id='block_1_17' title="bbox 0 0 1786 5540">
    <p class='ocr_par' dir='ltr' id='par_1_17' title="bbox 0 0 1786 5540">
     <span class='ocr_line' id='line_1_33' title="bbox 0 0 1786 5540; baseline 0 0"><span class='ocrx_word' id='word_1_300' title='bbox 0 0 1786 5540; x_wconf 95' lang='lat' dir='ltr'><strong> </strong></span> 
     </span>
    </p>
   </div>
  </div>
 </body>
</html>
