3698 5534
298 307 359 424 118
377 323 380 330 ³
807 355 956 416 Ptolemaei
973 355 1127 414 Harmonia.

295 532 524 602 determinantem
551 532 655 604 primus
674 535 717 586 est
736 531 853 588 01100100
871 537 960 596 10101,
988 531 1034 601 qui
1053 545 1161 601 semper
1184 537 1276 589 100001
1293 531 1377 602 idem,
1404 533 1473 588 altar
1490 541 1532 590 cst
1549 533 1641 606 circuli

296 627 404 681 paras
426 612 532 668 duobus
557 611 674 682 planetis
700 609 857 679 intercepta.
893 613 924 666 In
950 609 1084 667 sonitibus
1108 619 1205 668 cautus
1225 613 1349 682 humani,
1376 615 1492 690 primum
1515 631 1577 671 cum
1593 635 1643 687 001

296 690 484 760 symphoniam
504 691 548 744 vel
566 688 772 746 concordantias
792 705 824 744 ea
841 690 931 744 minus
949 705 992 744 res
1012 705 1061 759 per
1079 698 1212 762 1000101,
1230 693 1309 749 binas
1328 709 1409 750 10000
1428 709 1490 751 0000
1507 711 1558 765 010
1577 696 1641 751 duo-

298 767 350 824 bus
368 771 498 838 terminis,
517 787 578 826 cnm
596 784 658 823 vero
677 785 731 823 una
750 785 801 822 vor
821 769 902 838 canit,
920 770 968 826 illa
985 770 1070 825 nihilo
1089 773 1177 826 minus
1190 779 1283 846 potest
1300 773 1427 828 incedere
1439 776 1642 843 001111011οΙ11

296 864 418 905 0001000
435 857 462 905 01
479 849 611 906 00101110
630 861 716 916 eaque
734 862 895 916 agnoscere,
919 851 982 918 qnia
999 865 1075 905 mens
1094 851 1247 920 mentisque
1265 851 1420 918 archivum,
1447 855 1576 909 memoria
1593 871 1642 912 seu

294 941 366 996 mos,
405 935 448 984 est
472 930 530 997 ipsa
559 935 655 982 cautus
685 935 780 995 auctor
803 927 941 995 sentitque
965 929 1079 998 primam
1110 930 1304 1000 longitudinem
1333 945 1446 1002 asperae
1473 933 1589 989 01101100
1615 936 1642 990 10

294 1013 371 1062 raotu
388 1007 570 1074 constitutam,
589 1020 705 1074 eumque
723 1013 833 1060 sensnm
851 1006 950 1060 retinet
968 1021 1017 1076 per
1034 1014 1121 1062 totam
1137 1008 1300 1064 cantilenam
1324 1009 1412 1080 adque
1430 1027 1490 1068 curn
1515 1012 1642 1081 frequen·
1704 1050 1707 1062 .

294 1089 338 1139 101
354 1085 432 1140 redit.
468 1085 544 1139 ldem
562 1083 758 1154 propemodum
777 1091 827 1152 est,
847 1099 908 1140 cum
926 1084 1002 1139 audit
1020 1084 1232 1142 modulationem
1250 1086 1346 1150 aliam,
1364 1091 1428 1159 quia
1442 1090 1641 1160 quodammodo

295 1163 383 1219 sociat
399 1179 428 1218 ae
446 1179 522 1220 10000
541 1170 685 1232 perceptae
704 1165 820 1219 00111001
840 1179 954 1232 eamque
972 1179 1026 1218 una
1041 1165 1132 1232 jnvat;
1151 1165 1268 1236 denique
1284 1165 1318 1220 ad
1331 1169 1453 1234 quamvis
1466 1185 1559 1225 vocem
1579 1171 1641 1226 sub·

295 1239 393 1310 101001,
422 1243 514 1298 statim
532 1240 571 1296 illi
594 1242 630 1296 in.
645 1249 792 1310 conspectu
817 1253 882 1298 sunt
907 1242 996 1305 omnia
1021 1245 1106 1300 totius
1129 1239 1283 1314 systematis
1308 1248 1641 1305 001010000001000010

294 1319 367 1375 velut
385 1320 493 1389 intuitu,
513 1322 594 1376 etiam
612 1320 731 1375 nondum
750 1320 1012 1391 1001110001010000.
1049 1325 1091 1377 lta
1104 1323 1142 1394 fit,
1160 1325 1345 1381 111101111ου10
1362 1328 1544 1396 proportionis
1556 1345 1640 1384 unum

295 1399 469 1456 circumierat
487 1402 584 1468 animo,
604 1415 764 1469 comparans
784 1416 844 1456 eum
862 1403 1008 1471 uuicuique
1027 1403 1085 1456 soei
1104 1403 1259 1459 succedenti
1274 1403 1454 1474 judicansque
1472 1421 1507 1460 an
1518 1407 1642 1464 1110001-

295 1478 374 1534 duna
397 1479 439 1534 sit.
477 1479 633 1548 (hujusmodi
661 1479 784 1534 subsidia
811 1496 874 1534 0010
896 1497 949 1536 100
975 1482 1074 1537 dentur
1098 1482 1133 1536 ad
1157 1481 1426 1551 comprehensionem
1449 1485 1641 1541 alterationum

293 1558 435 1623 materiae,
453 1574 504 1614 nec
521 1559 604 1628 igitur
622 1573 715 1613 aarum
732 1559 922 1627 proportiones
941 1566 1022 1614 enrnt
1040 1559 1232 1617 observabiles.

382 1639 455 1694 Nota
472 1639 516 1692 Vl.
554 1637 630 1706 Quae
653 1637 736 1706 igitur
753 1637 782 1692 in
804 1639 924 1694 materiis
949 1638 1103 1694 alterationi
1125 1640 1255 1709 subjectis
1278 1641 1391 1710 desunt,
1417 1657 1450 1698 ea
1468 1643 1641 1700 Ptolemaeus

277 1719 279 1728 ’
294 1716 359 1771 dicit
375 1716 414 1773 ibi
432 1733 486 1772 non
505 1715 608 1774 deesse,
630 1717 691 1772 ‚ubi
710 1716 749 1770 rei
767 1724 857 1772 motus
876 1727 1053 1774 conversatur
1075 1719 1146 1774 inter
1164 1721 1268 1790 species
1292 1721 1484 1776 semiermes«
1521 1722 1641 1778 Rursum

210 1791 219 1806 ⁸
292 1803 323 1851 ut
340 1812 423 1864 saepe
441 1796 508 1851 alias
529 1797 677 1864 confirmat,
696 1797 885 1866 proportiones
903 1799 986 1854 rebus
1005 1798 1156 1854 secundnm
1173 1807 1275 1854 motum
1287 1799 1377 1855 inesse
1422 1797 1564 1866 Quomodo
1576 1813 1641 1856 aare

203 1873 206 1879 '
295 1873 361 1929 dicit
385 1883 487 1929 motum
508 1875 583 1953 inter
610 1875 715 1945 species
739 1876 911 1931 conversari?
948 1877 1092 1945 himinum,
1121 1879 1228 1946 quando
1255 1883 1344 1932 motus
1367 1893 1422 1932 non
1445 1887 1488 1933 est
1509 1877 1643 1942 ἁκεφαλος

296 1956 384 2026 quasi,
401 1959 450 2012 aut
466 1969 579 2024 coecus,
598 1969 708 2010 causam
727 1954 840 2008 trahens
860 1970 892 2008 cx
912 1955 997 2010 solius
1015 1956 1144 2012 materiae
1162 1957 1338 2023 necessitate,
1361 1957 1410 2012 aed
1429 1957 1537 2028 quando
1555 1957 1644 2014 tendit

294 2036 511 2106 chanamaeis
530 2049 579 2090 000
597 2035 774 2104 dispositione
794 2033 826 2089 sd
847 2035 927 2090 aliam
945 2035 1027 2104 hujus
1045 2035 1160 2102 generis.
1198 2035 1367 2104 Estquidem
1380 2034 1455 2091 calor
1472 2036 1563 2105 aliqua
1583 2053 1643 2106 spe·

295 2117 359 2182 cies,
377 2116 401 2171 01
418 2121 591 2186 comparatur
608 2117 642 2171 ad
662 2115 792 2184 majorem
810 2115 853 2168 rel
870 2115 1012 2183 minorem,
1035 2120 1126 2169 motus
1147 2114 1229 2183 igitur
1248 2115 1433 2170 calefactionis
1459 2132 1513 2170 100
1531 2131 1643 2170 000101-

297 2202 374 2251 satnr
391 2196 462 2250 10101
479 2195 596 2265 0000100.
633 2197 701 2250 Nam
721 2191 847 2266 frigidum
867 2192 1017 2248 formaliter
1033 2201 1075 2248 est
1093 2193 1202 2263 negatio
1219 2195 1311 2262 potius
1323 2193 1420 2249 0010110
1439 2201 1468 2247 01
1479 2210 1527 2249 000
1539 2195 1642 2256 fictum,

294 2275 349 2331 imo
368 2289 422 2332 non
441 2291 497 2348 ens,
517 2277 581 2345 quia
598 2276 684 2344 primo
704 2271 889 2330 calefactionis
908 2270 1049 2339 principio,
1070 2272 1178 2338 qnando
1198 2271 1643 2344 100010000110010010001001.

294 2357 395 2426 quippe
413 2365 551 2412 momento
568 2354 711 2424 temporis,
735 2355 791 2424 Jam
816 2351 940 2420 frigidum
964 2351 1081 2420 amplius
1106 2349 1258 2418 subjectum
1285 2349 1410 2406 absolute
1434 2366 1489 2406 non
1514 2359 1564 2407 est.
1602 2353 1643 2408 Do

294 2432 398 2504 reliquo
425 2433 566 2490 calefactio
593 2440 718 2488 versatur
744 2434 815 2493 inter
840 2431 925 2498 magis
950 2437 977 2484 et
1005 2431 1092 2484 minus
1116 2428 1224 2484 caloris.
1262 2429 1297 2482 At
1322 2437 1411 2483 motus
1429 2429 1594 2486 considerati
1617 2431 1643 2486 in

294 2515 392 2569 animis
409 2513 549 2568 hominurn
566 2512 691 2568 feruntur
715 2509 947 2578 atranquillitate
970 2509 1104 2575 adirem,
1132 2507 1313 2578 voluptatem,
1340 2508 1461 2564 dolorem
1484 2518 1514 2563 et
1536 2510 1643 2582 similia,

294 2594 340 2660 qui
359 2599 422 2648 sunt
440 2590 554 2646 affectus
571 2589 663 2660 specie
681 2588 843 2645 differentes.
881 2589 948 2644 Tale
968 2589 1032 2658 quid
1052 2589 1141 2643 innuit
1159 2589 1239 2643 stiam
1259 2591 1293 2644 de
1306 2589 1472 2644 coelestibus
1490 2589 1643 2650 dicendum,

295 2678 323 2726 et
341 2686 391 2740 ego
410 2669 529 2724 concedo
548 2669 582 2722 de
599 2677 675 2724 motu
693 2667 820 2738 planetae
838 2667 1006 2722 velocissimo
1023 2673 1052 2720 et
1069 2668 1236 2736 1011111101ος
1264 2677 1328 2724 0101
1348 2670 1419 2724 enim
1442 2676 1471 2724 et
1489 2669 1541 2724 hac
1558 2670 1644 2726 veluti

294 2750 400 2819 speeies
420 2746 553 2817 quaedam
571 2747 668 2802 saltem
686 2745 849 2802 altrinsecus
868 2745 1036 2800 terminatae.
1073 2737 1223 2801 Terminari
1243 2749 1324 2803 etiam
1342 2748 1493 2818 specierum
1511 2757 1562 2806 est.

380 2828 453 2884 Nota
471 2827 531 2884 VlL
566 2828 658 2883 Motus
678 2826 712 2880 de
730 2826 821 2894 specie
840 2826 866 2878 iu
886 2825 1004 2894 speciem
1023 2825 1088 2880 dicit
1107 2826 1197 2882 inesse
1215 2827 1242 2880 10
1260 2826 1359 2898 rebus,
1388 2843 1458 2896 ques
1476 2827 1580 2885 habent
1598 2845 1644 2884 na·

295 2915 370 2962 turas
389 2907 566 2976 perfectiores
586 2913 614 2962 et
626 2905 823 2962 rationaliores.
859 2903 1105 2972 Equidsmmotus,
1125 2921 1205 2975 quem
1219 2914 1348 2961 causatur
1363 2907 1476 2962 materia
1488 2907 1555 2974 sola,
1574 2924 1644 2978 quse

294 2983 370 3040 illum
388 2986 481 3052 hahet,
500 2990 607 3042 tantum
624 3002 642 3040 a
659 2984 754 3052 maiori
773 2983 808 3038 ad
827 2983 914 3036 minus
933 2983 1035 3053 tendit;
1063 2998 1123 3038 cum
1143 2990 1234 3038 autem
1254 2990 1344 3038 motus
1362 2984 1390 3037 in
1407 2993 1508 3042 certam
1526 2988 1644 3056 speciem

293 3063 394 3132 fertur,
421 3064 487 3120 facit
503 3064 530 3119 id
550 3063 664 3121 consilio
682 3063 723 3118 rel
741 3067 814 3132 ejus,
834 3063 910 3131 cnjus
929 3068 971 3115 est
988 3068 1092 3120 motus.
1115 3061 1291 3130 1010011011.
1327 3063 1473 3120 Consilium
1492 3073 1584 3121 autem
1604 3072 1645 3120 est

293 3143 407 3198 rationis
426 3150 454 3197 et
472 3145 541 3199 ratio
560 3143 736 3213 perfectiores
756 3150 867 3198 naturas
886 3140 1041 3209 constituit,
1066 3139 1303 3208 quemadmodum.
1321 3147 1348 3194 ct
1366 3141 1472 3210 species
1490 3142 1567 3210 ipsae
1586 3159 1644 3213 per·

240 3213 244 3225 '
294 3221 391 3278 sectius
409 3222 475 3291 quid
493 3230 565 3292 sant,
585 3223 686 3292 qnippe
705 3219 918 3284 determinatius,
937 3234 1017 3288 quam
1037 3219 1064 3273 in
1083 3218 1176 3274 eadem
1195 3219 1285 3288 specie
1303 3221 1389 3288 magis
1407 3231 1434 3278 et
1451 3223 1547 3278 minus.

379 3304 454 3358 Nota
471 3302 546 3358 VIII.
584 3302 750 3356 Divisionem
769 3300 865 3355 statuit
890 3299 961 3352 inter
979 3297 1069 3353 divina
1088 3305 1115 3353 et
1133 3298 1264 3364 mortalia,
1278 3299 1383 3368 quibus
1397 3299 1502 3356 duabus
1520 3300 1644 3357 differen-

293 3382 338 3437 tiis
356 3381 558 3436 universitatem
577 3396 667 3436 rernm
688 3378 813 3436 absoluit.
850 3376 935 3433 Nobis
955 3375 1115 3450 Christianis
1134 3376 1221 3450 011110
1239 3377 1334 3432 divisio
1348 3381 1477 3434 statuitur
1494 3380 1566 3435 inter
1584 3398 1645 3436 auc

293 3472 381 3518 torem
404 3468 536 3530 etopus,
564 3459 610 3514 ills
633 3460 708 3515 solus
729 3461 852 3526 divinus,
878 3457 1050 3527 operisrero
1069 3457 1173 3526 1000101
1199 3455 1305 3526 aliquas
1328 3456 1508 3528 immortales,
1537 3459 1645 3529 aliquae

294 3539 494 3610 oomtrptibiles.
530 3539 592 3594 Jam
613 3538 640 3594 in
667 3538 765 3593 divinis
791 3537 940 3607 praecipua
965 3535 1062 3590 statuit
1079 3549 1195 3604 corpora
1219 3537 1361 3604 coelestia,
1389 3538 1490 3607 quippe
1513 3554 1585 3606 quae
1602 3539 1645 3593 Dii

295 3627 359 3677 sunt
377 3618 538 3690 gentilibna3
558 3617 637 3674 nobis
660 3623 724 3674 sunt
740 3616 804 3671 olim
823 3613 1029 3684 corrumpenda,
1048 3621 1075 3668 et
1095 3613 1166 3684 quod
1180 3613 1311 3669 hacteuus
1319 3617 1523 3684 perennitatem
1535 3617 1645 3674 habent

294 3699 322 3755 id
340 3713 482 3754 commune
500 3714 562 3754 cum
580 3697 691 3754 Tellure
709 3695 820 3751 habent.
856 3693 935 3762 Quod
955 3693 1062 3748 veroin
1082 3693 1167 3748 Terra
1191 3699 1256 3748 sunt
1273 3695 1399 3751 mortalia
1418 3704 1445 3750 st
1463 3697 1644 3760 alterationes

296 3783 413 3849 possunt
432 3785 459 3833 01
477 3778 504 3832 11
525 3775 619 3846 globis
632 3775 771 3830 stellarum
790 3789 850 3830 esse
870 3772 1037 3840 consimiles,
1062 3779 1118 3827 tam
1135 3788 1189 3827 non
1207 3773 1355 3842 conspicua
1373 3777 1477 3852 nobis,
1493 3792 1576 3845 quam
1593 3776 1644 3830 illia
1716 3803 1720 3812 ·

295 3856 384 3926 globis
408 3865 502 3911 nostra
524 3857 628 3912 minuta
650 3855 791 3910 terrestria
817 3855 966 3923 conspicua
988 3869 1042 3906 nou
1068 3859 1140 3908 sunt.
1178 3853 1276 3908 Mirum
1295 3861 1399 3924 autem,
1426 3871 1475 3910 cur
1500 3855 1645 3926 praecipua

295 3951 329 3988 ex
348 3933 445 3990 divinia
464 3934 547 3990 faciat
565 3949 680 4004 corpora
698 3933 838 4001 coelestia,
858 3931 938 4003 quasi
954 3946 1005 3986 nec
1024 3931 1088 3985 deos
1107 3929 1176 3984 sciat
1193 3945 1245 3986 nec
1263 3931 1387 4000 angelos,
1407 3933 1458 3988 illis
1477 3930 1643 4004 corporibus,

295 4021 323 4069 et
341 4012 389 4080 qai
405 4027 439 4068 ca
456 4013 613 4076 informent,
636 4011 819 4083 intellectibus
838 4009 1062 4082 praestantiores,
1089 4023 1119 4064 se
1137 4008 1204 4078 ipsis
1223 4009 1404 4066 subsistentes
1422 4027 1473 4066 nec
1492 4030 1509 4068 0
1527 4013 1644 4084 corpori·

295 4095 347 4150 bus
365 4093 447 4149 certis
465 4110 564 4160 nexos,
585 4109 654 4162 qaae
673 4093 770 4161 opinor
788 4091 942 4146 Stoicorum
961 4089 1084 4158 adeoque
1102 4096 1131 4143 01
1148 4088 1234 4158 100100
1253 4088 1408 4144 Aristotelis
1428 4090 1568 4162 theologia
1585 4092 1643 4146 fuit.

295 4175 371 4227 inter
388 4171 513 4227 mortalia
531 4172 692 4242 praecipuas
710 4179 835 4226 recenset
852 4170 956 4224 animas
974 4169 1114 4236 humanas,
1133 4169 1232 4224 misera
1245 4167 1406 4234 gentssitatis
1422 4169 1575 4238 ignorantia
1592 4173 1643 4226 fas·

294 4251 416 4318 eiuatus,
444 4251 521 4306 nobis
548 4249 709 4306 Christianis
733 4249 823 4305 solatii
847 4248 999 4317 dimidium,
1027 4247 1216 4318 philosophiae
1241 4263 1304 4302 vero
1329 4263 1400 4316 apex
1430 4258 1473 4303 est
1496 4249 1643 4306 0010101001

296 4336 450 4384 nostrorum
467 4329 663 4394 immortalitas,
683 4343 762 4398 quam
781 4328 864 4384 011001
882 4327 1105 4397 philosophorum
1116 4325 1196 4380 multi
1214 4334 1241 4379 et
1253 4327 1399 4395 praecipue
1409 4326 1543 4383 Platonici
1553 4344 1642 4384 omnes

296 4411 360 4474 past
377 4407 560 4464 Ptolemaeum
580 4407 775 4464 defenderunt.
793 4408 857 4464 ride
874 4405 1042 4464 Macrobium
1060 4407 1089 4460 10
1107 4406 1198 4460 Somn.
1218 4403 1360 4473 Scipionis.

382 4484 455 4542 Nota
472 4485 520 4542 IX.
556 4486 669 4542 Animas
687 4485 820 4541 humanas
845 4493 873 4540 01
891 4488 1020 4543 coelestia
1038 4502 1153 4556 corpora
1176 4486 1273 4556 probat
1292 4499 1352 4541 0000
1375 4487 1580 4555 praestantioris
1598 4502 1642 4542 na·

198 4561 204 4570 '
296 4565 375 4616 turae
391 4578 426 4616 ex
443 4580 485 4632 eo,
504 4566 577 4634 quod
595 4573 684 4620 motus
703 4563 799 4620 localis
818 4571 845 4619 ct
864 4565 976 4621 rationis
994 4567 1049 4621 sint
1060 4572 1207 4634 compotes,
1225 4571 1281 4618 tam
1294 4563 1424 4636 coelestia
1439 4581 1520 4634 quant
1532 4565 1641 4620 animae.

298 4637 429 4710 intelligit
447 4649 550 4698 motum
567 4645 705 4700 coelorum
724 4644 906 4702 administrari
925 4647 959 4701 ab
976 4643 1163 4713 intelligentiis
1182 4643 1288 4711 corpori
1305 4641 1449 4712 adjunctis,
1468 4643 1641 4700 0110101010

298 4719 422 4778 hamanis
440 4729 542 4782 motum
561 4739 706 4793 corporum
724 4740 834 4780 0001011
853 4733 995 4794 acceptum
1012 4724 1073 4779 fert.
1109 4709 1323 4792 Argumentntur
1341 4719 1423 4792 igitur
1444 4738 1461 4777 a
1479 4720 1641 4792 praestantia

296 4807 387 4858 matus
403 4798 583 4868 localis-prae
600 4803 699 4860 ceteris
717 4803 752 4858 sd
769 4804 965 4872 praestantiam
983 4817 1091 4870 aarum,
1115 4815 1187 4871 quae
1203 4800 1277 4858 illius
1300 4802 1463 4874 principium
1484 4803 1512 4860 iu
1531 4817 1561 4858 00
1572 4799 1640 4873 ipsis
