3698 5534
289 333 353 394 tas
681 324 723 380 De
741 321 864 378 Motibus
881 320 1057 378 Planatarum
1075 321 1255 380 Harmonicis.

289 510 369 578 riusa
391 507 507 566 sni-ae
529 503 630 566 mundi
653 519 771 580 gerens,
803 505 927 561 naturae
948 465 1045 560 rerum
1067 504 1178 562 arctius
1200 509 1245 562 ast
1267 501 1389 581 alligata
1411 499 1480 586 (aut
1501 505 1526 563 si
1550 505 1640 564 etiam

289 595 408 672 aliquas
431 601 582 654 creaturas
604 591 811 667 intelligentes,
835 595 956 648 naturae
980 588 1115 650 diversae
1138 592 1176 648 ab
1199 591 1341 670 humana,
1364 592 1485 668 globum
1509 594 1552 651 sic
1573 595 1640 652 ani-

288 692 399 742 matum
422 681 544 742 forsitan
567 680 732 739 inhabitant
753 673 1011 755 inhabitabuntvs)
1034 677 1217 738 naturalibus
1246 681 1334 740 etiam
1356 682 1518 741 rationibus
1541 681 1640 756 inqui·

287 773 378 830 fimus
400 769 502 830 littere.
542 772 622 840 (Vide
640 768 701 824 libri
719 767 771 824 mei
795 767 830 822 de
848 767 928 822 stella
945 783 1014 822 nora
1039 775 1123 838 caput
1140 765 1238 824 xxiv.
1257 765 1291 825 ds
1308 771 1399 829 anima
1415 771 1510 826 mundi
1528 777 1556 825 et
1572 787 1641 824 non·

289 861 371 918 nullis
389 861 449 930 sjm
471 860 589 928 mutin.)
629 853 742 929 Quodsi
764 852 834 911 licet
856 850 1012 927 analogiae
1026 853 1076 912 filo
1091 854 1215 914 ducente
1230 855 1415 933 labyrinthos
1437 859 1640 932 mysteriorum

288 951 412 1006 naturas
433 960 594 1022 permeare,
616 958 673 1001 non
690 945 789 1016 inepte
804 941 879 1016 quis,
905 941 1018 1015 opinor,
1040 942 1084 1000 sie
1105 942 1192 1001 luerit
1214 951 1445 1020 argumentatus,
1469 942 1549 1019 quod
1564 959 1641 1020 quae

290 1041 337 1094 est
359 1031 502 1092 habitudo
524 1049 576 1091 sax
600 1029 715 1089 orbium
737 1027 775 1088 ad
799 1043 952 1088 conrnune
975 1026 1092 1088 illorum
1115 1032 1263 1108 totiusque
1279 1027 1355 1091 adeo
1376 1030 1477 1089 mundi
1498 1039 1638 1104 centrum,

260 1139 263 1148 ·
293 1120 396 1180 eadem
419 1121 457 1177 sit
480 1126 510 1178 et
531 1135 582 1194 cqc
605 1123 732 1185 oacrum
752 1115 791 1174 ad
814 1133 864 1175 cor
886 1135 969 1189 roco,
1004 1125 1036 1174 ut
1058 1115 1115 1177 hae
1138 1117 1293 1177 facultates
1316 1119 1354 1178 ab
1379 1118 1544 1190 Aristotele,
1569 1118 1642 1178 Pla-

293 1217 371 1278 tone,
395 1205 500 1265 Protilo
522 1211 552 1264 et
575 1206 679 1264 ceteris
703 1203 933 1278 distinguuntur:
957 1210 987 1261 ct
1009 1215 1130 1277 rursum,
1154 1204 1233 1281 quod
1257 1221 1332 1282 qnae
1355 1205 1496 1265 habitudo
1520 1205 1642 1264 revolu-

289 1297 409 1355 tionum
434 1291 572 1352 localium
610 1291 793 1369 planetarum
826 1289 1007 1364 singulorum
1044 1292 1120 1352 circa
1149 1291 1248 1353 Solem
1281 1291 1318 1352 ad
1348 1292 1427 1353 Solle
1459 1295 1642 1371 gyrationem

288 1379 474 1457 ἀμιταθιτον
496 1383 528 1438 iu
548 1382 646 1456 spatio
670 1380 760 1438 totius
792 1379 960 1454 systematis
991 1378 1088 1437 medio
1113 1381 1163 1452 (de
1189 1399 1245 1453 qna
1268 1391 1405 1439 tssmntur
1421 1385 1543 1440 maculae
1562 1385 1643 1440 Solis.

289 1473 511 1528 Demonstratum
536 1469 589 1525 hoc
614 1470 642 1524 iu
661 1467 868 1526 Commentariis
886 1467 919 1522 te
941 1475 1017 1523 metu
1035 1470 1153 1538 Martis),
1176 1468 1278 1528 eadem
1314 1472 1352 1528 sit
1383 1473 1471 1530 etiam
1499 1469 1641 1530 habitudo

293 1577 346 1618 nor
369 1561 551 1632 erumperant
573 1553 611 1612 ad
634 1577 668 1614 το
691 1569 806 1630 sospem
834 1551 1016 1611 discursuum
1039 1556 1270 1616 ratiocinationis
1300 1556 1503 1633 multiplicium
1534 1557 1571 1617 ad
1594 1561 1643 1616 in-

281 1643 488 1726 ,reiectionem
509 1641 666 1702 maritalem
689 1640 943 1716 simplicissimam.
987 1639 1064 1699 Nam
1093 1644 1136 1700 uti
1159 1641 1211 1702 Sol
1244 1646 1273 1702 in
1308 1659 1339 1704 se
1362 1648 1458 1721 ipsum
1491 1643 1642 1706 revolutus

291 1749 344 1808 par
366 1733 502 1791 emissam
525 1747 562 1790 ea
584 1746 616 1788 ss
639 1730 766 1808 speciem
789 1725 1045 1802 movetplanetas
1067 1745 1179 1801 omues,
1200 1731 1243 1790 sic
1265 1733 1354 1790 etiam
1376 1747 1466 1804 mens,
1488 1743 1521 1791 nt
1544 1733 1644 1809 philo-

294 1807 379 1894 s'oplti
403 1819 525 1890 docent,
559 1833 591 1876 sc
621 1817 717 1892 ipsam
748 1811 914 1890 intelligens
936 1815 1025 1891 inque
1047 1832 1079 1874 se
1102 1820 1166 1892 ipse
1189 1820 1294 1891 omnia,
1318 1821 1556 1880 ratiocinationes
1587 1822 1645 1879 ciat

292 1922 435 1981 suamque
464 1903 682 1980 simplicitatem
714 1903 743 1960 in
770 1901 836 1961 illas
867 1899 1007 1962 diducens
1035 1910 1064 1963 et
1094 1901 1243 1982 suplicans
1275 1909 1373 1966 omnia
1403 1907 1473 1967 tecit
1508 1907 1642 1982 intelligi.

262 1983 268 1993 ’
292 1991 619 2068 (Videlcl.2tt.lib.lv.l
648 1989 791 2066 Adeoque
812 2001 944 2048 connexa
965 1998 1034 2048 sant
1058 1991 1131 2052 inter
1152 2009 1184 2050 se
1208 2001 1238 2052 et
1259 1993 1398 2070 colligata
1421 2003 1518 2055 motus
1541 1995 1644 2074 plaus-

293 2090 391 2142 tarum
423 2081 500 2139 cirea
530 2079 629 2138 Solem
658 2079 686 2135 in
713 2095 814 2136 eorum
844 2085 943 2136 cauno
973 2085 1004 2136 et
1032 2077 1180 2138 diaconem
1209 2083 1488 2155 ‘ratiocinationum
1523 2091 1555 2141 nt
1587 2085 1642 2141 nisi

291 2166 410 2241 Tellus,
440 2165 619 2228 domicilium
641 2171 786 2233 nostrum,
814 2181 943 2223 aunuum
972 2163 1127 2239 circulum,
1156 2167 1283 2227 medium
1312 2172 1386 2228 iuter
1409 2171 1640 2244 orbesceteros,

292 2263 459 2327 metaretur,
481 2254 578 2315 locum
601 2271 637 2313 ex
659 2253 736 2324 loco,
758 2255 916 2312 emmonem
939 2269 975 2310 ex
991 2253 1118 2312 statione
1140 2265 1318 2330 permutans,
1342 2273 1489 2333 nunquam
1512 2258 1642 2318 humana

290 2344 477 2407 ratiocinatio
500 2341 538 2403 ad
560 2342 714 2401 rarissima
734 2339 917 2416 planetarum
939 2338 1095 2400 intervalla
1117 2351 1147 2400 et
1162 2341 1200 2403 ad
1223 2352 1319 2404 cetera
1336 2346 1373 2403 ab
1397 2348 1432 2404 iis
1448 2344 1644 2422 dependentia

290 2433 377 2492 luerit
400 2431 525 2503 subura,
547 2439 698 2504 nunqnam
720 2429 928 2486 asuonomiam
951 2431 1155 2488 constitutum.
1193 2433 1272 2496 (Vide
1299 2435 1425 2503 Opticarn
1453 2435 1642 2494 latreuontes

291 2529 398 2594 partem
425 2537 484 2590 cap.
503 2521 561 2586 lxi)
606 2516 649 2574 Ex
672 2515 796 2574 adverso
813 2517 942 2590 quietem
958 2514 1036 2574 Solis
1058 2516 1087 2572 in
1111 2523 1209 2574 centro
1232 2517 1332 2576 mundi
1355 2519 1477 2594 pulchro
1501 2531 1643 2594 responsu

292 2607 482 2682 eonsaqnitnr
503 2603 709 2664 intellectionis
725 2601 915 2678 simplicitas,
939 2617 975 2662 eo
998 2601 1076 2678 quod
1100 2603 1242 2662 hactenus
1264 2606 1349 2664 nobis
1371 2614 1543 2682 usurpatum
1565 2618 1645 2663 sem·
1668 2653 1676 2674 ,

294 2693 437 2771 perluit,
468 2690 579 2752 solares
608 2690 675 2749 illus
704 2689 871 2750 harmonias
901 2698 1033 2749 motuum
1057 2703 1153 2765 nsque
1180 2691 1335 2766 plagarum
1357 2693 1527 2752 diversitate
1549 2706 1645 2768 neque

295 2781 455 2856 spatiorum
478 2778 579 2838 mundi
601 2777 794 2855 amplitudine
817 2776 939 2837 deliniri.
962 2775 1104 2836 Nimirum
1120 2779 1145 2837 sl
1169 2795 1228 2854 qua
1250 2797 1331 2840 meus
1354 2797 1390 2840 ex
1414 2779 1488 2841 Scls
1504 2783 1647 2856 prospicit

196 2873 201 2880 '
295 2866 465 2927 harmonias
489 2869 580 2939 ister,
614 2865 656 2924 illi
680 2865 785 2926 desunt
808 2864 986 2924 adminicula
1009 2874 1106 2925 motus
1129 2872 1160 2925 et
1182 2869 1341 2926 stationum
1364 2867 1545 2928 diversarum
1566 2867 1646 2928 sedis

295 2960 378 3027 ruas,
402 2971 439 3014 ax
462 2955 570 3031 quibas
592 2959 692 3012 nectat
713 2953 953 3013 ratiocinationes
983 2960 1013 3011 et
1035 2953 1185 3014 discursus
1207 2954 1369 3014 intervallis
1392 2955 1575 3032 planetarum
1599 2955 1646 3013 dl-

262 3059 265 3066 ·
295 3041 450 3102 metiendis
472 3043 664 3102 neccesarius.
696 3039 854 3117 Comparat
877 3043 967 3118 igitur
989 3039 1110 3100 diurnos
1133 3041 1276 3117 cujusque
1299 3042 1437 3118 pinnatae
1461 3049 1566 3110 monus,
1589 3055 1647 3100 non

294 3132 372 3195 utti
395 3130 515 3190 suntin
538 3131 601 3188 suis
623 3128 745 3201 orbitis,
777 3126 828 3187 aad
852 3131 894 3188 uti
925 3146 977 3204 per
999 3127 1125 3206 angulos
1152 3128 1189 3186 ad
1213 3138 1344 3188 centnun
1368 3131 1445 3190 Solis
1468 3129 1646 3190 allabuntur.

295 3219 399 3294 ltaque
423 3219 447 3276 si
472 3218 667 3292 cognitionem
691 3214 782 3275 habat
802 3216 1013 3290 magnitudinis
1029 3215 1234 3294 sphaerarum,
1251 3217 1327 3276 lianc
1342 3216 1384 3275 illi
1408 3225 1523 3295 oportet
1545 3235 1564 3276 a
1584 3217 1646 3293 pri·

296 3307 339 3366 uri
361 3307 467 3379 inesse,
490 3307 553 3363 siue
575 3305 833 3364 ratiocinationum
856 3303 973 3364 labore:
997 3304 1076 3380 quod
1100 3303 1217 3378 qnidam
1240 3305 1454 3382 quadamtenus
1477 3313 1507 3364 et
1528 3305 1565 3363 de
1590 3305 1646 3362 lru·

175 3449 178 3456 ,
294 3395 390 3452 minis
424 3393 569 3452 manneus
600 3399 629 3452 et
659 3390 696 3450 de
722 3399 828 3450 natura
859 3391 1010 3451 sublunari
1039 3409 1140 3452 rerum
1174 3407 1254 3466 esse,
1288 3409 1376 3470 supra
1407 3409 1442 3452 ex
1466 3391 1589 3452 Platone
1613 3399 1645 3452 et

296 3480 402 3542 Proclu
445 3481 530 3540 atuit.

249 3597 279 3636 ,·
383 3499 468 3644 Quze
491 3585 556 3628 curn
577 3569 620 3627 ita
641 3567 714 3633 sint.
743 3583 801 3626 non
830 3565 965 3642 equidem
987 3568 1091 3625 mirum
1120 3565 1222 3642 luerit,
1255 3569 1281 3625 si
1304 3568 1368 3642 quis
1393 3583 1427 3624 ex
1452 3566 1508 3626 hoc
1531 3565 1646 3644 Pytha-

296 3673 386 3734 gorae
419 3641 544 3729 matare,
576 3671 663 3731 quem
691 3653 814 3714 Procius
843 3655 872 3710 in
900 3655 966 3731 ipso
995 3656 1096 3714 statim
1127 3656 1221 3730 primo
1254 3669 1340 3714 versu
1370 3654 1470 3730 lryrnni
1500 3657 1646 3730 propinat,

298 3745 406 3805 hanam
430 3743 591 3804 liberationi
614 3750 744 3802 assumto
768 3741 1000 3814 cuucalalactns,
1032 3745 1056 3800 si
1080 3742 1233 3800 hmmonia
1259 3741 1340 3800 clrori
1370 3742 1553 3816 planetarum
1577 3759 1647 3800 sua·

296 3834 419 3892 sissima
440 3831 469 3890 in
493 3845 629 3908 soporem
651 3829 736 3888 datus
767 3830 914 3888 somniare
937 3829 1056 3906 incipiat
1086 3833 1180 3892 (liceat
1197 3839 1225 3888 et
1241 3832 1388 3888 fabulando
1411 3831 1532 3887 Platonis
1554 3833 1647 3888 Atim-

296 3925 379 3981 ticam
403 3928 431 3978 et
458 3919 616 3978 mmnmado
636 3919 773 3975 ciceronis
791 3917 944 3987 Scipionem
970 3919 1094 3988 imitarile
1116 3934 1167 3993 per
1187 3916 1293 3992 globos
1315 3915 1432 3992 quidem
1450 3913 1588 3990 reliquos,
1611 3914 1646 3974 de

297 4009 363 4069 loce
387 4007 417 4064 in
440 4005 537 4066 locum
559 4003 749 4064 succedentes
773 4003 850 4061 circa
872 4001 981 4080 suem,
1005 4003 1209 4063 disseminatas
1232 4021 1298 4064 asse
1321 4003 1501 4064 discursiras
1523 4021 1576 4062 ssa
1599 4021 1646 4063 ra-

296 4093 485 4156 docimatiras
515 4088 689 4158 facultates,
722 4098 844 4166 quarum
877 4092 1129 4164 praestantissima
1162 4093 1264 4168 utique
1295 4103 1325 4149 et
1352 4091 1573 4150 absolutissima
1595 4091 1645 4149 ilia

297 4184 411 4266 canuti
432 4180 534 4253 debat,
566 4195 642 4255 quaa
665 4185 711 4236 est
733 4179 761 4234 in
785 4176 901 4236 illorum
923 4177 1077 4252 globorum
1101 4179 1217 4252 medio,
1241 4179 1370 4237 humana
1391 4195 1432 4238 sc
1456 4181 1486 4236 iu
1510 4177 1645 4245 Tellure,

296 4273 329 4328 tn
350 4267 420 4329 Sole
443 4285 513 4328 raro
536 4265 714 4326 intellectum
737 4262 909 4340 simplicem,
931 4285 990 4342 nvp
1012 4287 1115 4344 reaper
1135 4281 1192 4326 seu
1210 4287 1278 4327 roos
1300 4266 1443 4340 habitare,
1467 4269 1562 4325 omnis
1577 4267 1646 4325 irar-

297 4359 413 4415 monias
435 4341 554 4428 iontem,
576 4356 745 4431 quicunque
767 4349 817 4412 ille
839 4352 887 4411 sit.

385 4441 460 4502 Nam
482 4445 507 4504 si
530 4441 578 4502 rei
600 4441 638 4501 de
666 4440 747 4500 nuda
773 4439 928 4514 globorum
950 4439 1067 4500 illorum
1089 4443 1229 4501 vastitate
1257 4441 1299 4500 sic
1322 4443 1420 4500 risum
1442 4445 1489 4499 est
1511 4439 1644 4516 Tychoni

300 4527 406 4601 Brahe,
427 4545 485 4590 uon
508 4547 573 4590 esse
594 4529 786 4590 imstranaam
801 4527 881 4586 illam
897 4530 928 4586 in
941 4527 1060 4603 mundo,
1083 4530 1134 4590 sad
1157 4527 1260 4588 incolis
1282 4529 1434 4588 refertam:
1458 4537 1569 4602 quanto
1593 4545 1646 4585 re·

299 4613 449 4674 risimilius
470 4633 523 4676 nos
546 4619 584 4678 alr
607 4617 659 4677 illa
680 4617 832 4688 varietate,
855 4632 944 4692 quam
967 4618 996 4674 in
1020 4618 1075 4677 hoc
1089 4617 1214 4677 'Paliuris
1236 4615 1325 4693 globo
1349 4617 1502 4686 cernimus,
1527 4631 1646 4691 operum

301 4702 545 4778 consiliorumque
567 4705 623 4764 Dei
646 4705 844 4782 conjecturam
868 4704 956 4762 etiam
980 4703 1016 4763 ds
1039 4708 1141 4764 ceteris
1165 4704 1261 4781 globis
1276 4701 1450 4780 capiemus?
1486 4701 1544 4777 Qui
1567 4703 1644 4762 enim

301 4791 414 4872 species
436 4795 558 4870 creavit,
592 4809 668 4876 quae
691 4807 784 4874 aquas
806 4790 980 4868 incolerent,
1013 4793 1068 4852 sub
1091 4791 1198 4870 quibua
1221 4797 1317 4856 tamen
1340 4789 1439 4854 nullus
1468 4791 1527 4852 a'eri
1549 4789 1640 4866 locus,
