3698 5534
615 329 619 338 “
734 329 817 387 Libsr
834 330 866 386 V.
885 331 973 400 ceput
989 329 1038 386 111.
1344 345 1346 352 ’
1504 334 1565 394 dii

218 509 319 568 intimo
342 507 462 569 Saturni
491 505 599 568 circulo
630 507 801 586 applicatis,
832 515 932 570 centra
953 507 1108 586 planorum
1129 509 1190 568 iere
1220 513 1341 584 tangere
1362 505 1491 577 medium
1514 508 1573 568 cir-

223 595 321 666 culum
337 594 434 668 Jovis,
459 603 488 656 et
510 595 774 674 tetraddriangulis
797 599 899 656 intimo
914 595 1002 656 Jovis
1025 596 1133 658 circulo
1155 596 1367 670 insistentibus,
1391 602 1490 657 eunus
1505 594 1573 672 ple-

220 701 322 744 norum
345 681 482 742 tetraidri
511 690 629 759 tangere
658 683 718 744 lere
741 683 845 744 Martis
873 684 1013 744 circulum
1036 686 1190 758 extimum,
1220 685 1263 742 sic
1286 681 1414 744 octa'idri
1444 682 1570 760 ungulis,

221 789 257 830 ex
279 770 402 830 Veneris
425 787 600 846 quocunque
630 770 737 830 circulo
762 773 948 848 surgentibus
971 769 1051 853 (sunt
1079 773 1185 831 etenim
1209 787 1309 830 omnes
1332 779 1390 830 trss
1420 773 1450 829 in
1473 787 1569 848 angn-

217 860 376 918 stissimum
406 857 592 918 intervallum
622 855 753 936 redacti),
785 867 885 920 centra
913 859 1068 936 plenorum
1106 856 1335 918 octaedricorum
1361 865 1513 936 penetrare
1541 863 1571 918 st

221 945 391 1023 profundius
416 944 590 1006 descendere
614 945 689 1006 inire
711 945 848 1007 Mercurii
878 947 1020 1007 circulum
1049 947 1204 1020 extimum,
1233 962 1327 1020 neque
1350 952 1446 1006 tumen
1470 947 1570 1008 renim

219 1051 312 1110 neque
345 1031 383 1092 sd
416 1033 545 1092 medium
572 1031 710 1092 Mercurii
739 1034 896 1112 circulum,
931 1035 1058 1112 deniqne
1090 1031 1364 1094 dodocae'dricorum
1395 1031 1512 1110 quidem
1541 1039 1571 1094 et

219 1121 462 1182 icosaiidricorum
492 1121 605 1180 orbium
627 1123 874 1198 proportionibus,
905 1123 980 1182 inter
993 1140 1027 1184 se
1050 1121 1235 1197 aequalibus,
1261 1122 1390 1180 omnium
1420 1122 1570 1197 proximas

218 1226 282 1270 esse
304 1212 505 1285 proportiones
526 1225 588 1268 ‚seu
610 1207 764 1268 intervalla
792 1208 994 1270 inter'llsrtis
1026 1217 1055 1268 et
1077 1208 1204 1268 Telluris
1234 1209 1367 1284 interque
1391 1206 1516 1268 Telluris
1540 1213 1570 1268 et

220 1296 343 1358 Veneris
365 1295 496 1366 circulos,
521 1313 630 1371 easque
654 1298 734 1372 ipsas
756 1298 833 1356 inter'
853 1315 885 1357 se
907 1297 1042 1358 similiter
1064 1296 1214 1372 aequales,
1238 1297 1264 1352 si
1287 1295 1325 1354 ab
1348 1296 1451 1355 intimo
1465 1295 1571 1355 Martis

220 1383 257 1446 ad
280 1383 408 1444 medium
430 1383 566 1457 Telluris,
591 1401 609 1442 a
631 1381 728 1444 medic
751 1401 821 1444 vero
845 1384 972 1446 Telluris
995 1385 1033 1444 ad
1054 1383 1185 1444 modium
1204 1381 1327 1442 Veneris
1351 1387 1570 1459 compulsorum

221 1471 347 1532 Telluris
379 1473 455 1532 enim
482 1469 609 1530 medinm
638 1470 825 1532 intervallum
853 1479 898 1532 est
926 1471 1054 1533 medinm
1077 1469 1294 1549 proportionale
1321 1470 1398 1532 inter
1419 1471 1571 1530 minimum

222 1559 326 1618 Martis
349 1565 379 1618 et
400 1558 527 1619 medinm
550 1558 690 1632 Veneris3
722 1567 850 1619 attamen
880 1559 934 1619 has
957 1559 1030 1620 dues
1060 1560 1262 1636 proportiones
1291 1559 1370 1618 inter
1388 1556 1571 1636 planetarum

227 1646 350 1708 circulos
373 1646 469 1706 adbuc
492 1663 556 1706 esse
579 1647 724 1721 majores,
754 1665 842 1724 quam
865 1655 933 1706 sunt
963 1649 1096 1708 binorum
1127 1645 1243 1706 illorum
1272 1643 1424 1721 infigaris
1447 1645 1582 1722 orbium,

148 1767 152 1776 .
227 1739 269 1795 sic
297 1743 329 1793 ut
356 1731 509 1810 planorum
532 1733 707 1793 dodecaiidri
738 1741 837 1794 cenna
869 1752 926 1795 non
956 1741 1078 1810 tangant
1107 1732 1248 1794 circulum
1271 1735 1411 1794 extimum
1434 1731 1570 1808 Telluris,

222 1840 316 1898 neque
344 1821 587 1882 icossedrieorum
617 1821 771 1897 planorum
799 1829 899 1882 centra
929 1821 1067 1883 circulum
1098 1823 1237 1882 extimum
1266 1819 1405 1896 Veneria,
1436 1819 1489 1880 sed
1516 1827 1579 1881 nec'

223 1909 330 1985 expleri
354 1909 431 1968 bunc
453 1909 565 1968 histum
589 1926 640 1984 per
662 1909 911 1969 semidiametrnm
935 1911 1013 1970 orbis
1035 1910 1152 1982 Lunae,
1176 1924 1265 1985 snpra
1288 1906 1419 1968 additam
1441 1906 1569 1968 Telluris

223 1995 376 2056 intervallo
400 1999 541 2069 maximo,
565 1997 641 2054 iutra
662 2014 732 2058 vero
755 1996 902 2058 ademtam
925 1997 1056 2074 ejusdem
1079 1999 1210 2057 minimo.
1245 1994 1305 2056 Sed
1319 1995 1571 2076 aliamquandam

178 2090 183 2102 ’
224 2083 408 2161 deprehendo
440 2085 656 2161 proportionem
685 2083 851 2160 figuralem,
888 2087 914 2144 si
941 2102 1044 2162 nempe
1075 2091 1193 2144 auctum
1225 2081 1430 2143 dodecaiidron
1452 2085 1502 2153 (ng.
1516 2086 1569 2158 tl),

116 2249 120 2258 r
199 2175 269 2245 ,cui
291 2189 397 2230 nomen
420 2171 523 2234 echino
547 2172 601 2230 leci
624 2166 852 2252 (conformatum
874 2171 987 2234 scilicet
1010 2191 1046 2232 ex
1070 2171 1224 2232 duodecim
1245 2170 1339 2232 stellis
1361 2171 1571 2247 quinquangu-

225 2260 334 2319 laribus
357 2277 451 2336 eoque
467 2259 631 2336 proximum
646 2261 777 2335 quinque
794 2261 963 2336 corporibus
977 2259 1184 2336 regularibus),
1208 2260 1272 2332 boc,
1297 2259 1473 2335 inquam,‚ri
1493 2256 1588 2342 duo-¹

227 2348 319 2408 decim
342 2364 495 2408 mucrones
519 2363 589 2406 suos
613 2346 737 2407 collocet
758 2349 788 2404 in
812 2347 918 2407 circulo
942 2347 1046 2408 Martis
1069 2350 1188 2426 intimo,
1219 2355 1288 2406 tunc
1309 2345 1404 2406 latera
1424 2350 1571 2423 pentago-
1667 2367 1670 2375 ’

226 2453 344 2508 norum,
368 2437 418 2511 qni
441 2433 549 2510 singuli
572 2433 752 2510 singulorum
776 2433 922 2496 radiorum
944 2453 997 2494 sen
1020 2451 1190 2496 mucronum
1212 2440 1280 2494 sunt
1301 2434 1403 2508 bases,
1427 2434 1570 2509 attingere

226 2522 351 2584 medium
374 2522 513 2582 circulum
535 2521 680 2582 Veneris-
713 2523 861 2584 Breviterz
893 2524 985 2585 cubus
1001 2531 1046 2584 ·et
1068 2522 1224 2582 octaiidron
1247 2521 1387 2599 conjnges
1417 2527 1570 2598 penetrant

225 2628 293 2670 snos
314 2611 492 2688 planetarios
515 2611 608 2674 orbes,
622 2609 762 2684 nonnihil,
787 2609 988 2671 dodecaiidrun
1012 2617 1042 2672 et
1063 2609 1233 2672 icosn'e'dron
1250 2609 1389 2685 conjuges
1409 2625 1467 2666 non
1482 2607 1570 2685 plane

225 2706 418 2774 assequuntur
440 2714 518 2769 snos,
542 2697 706 2756 nnaedron
729 2701 858 2776 praecise
880 2700 975 2776 tangit
997 2705 1164 2774 utrumque3
1190 2697 1250 2757 illic
1272 2699 1381 2770 minus,
1405 2697 1471 2757 istic
1492 2695 1569 2773 plus,
1656 2687 1661 2694 “

227 2786 275 2846 iric
296 2785 420 2862 aequale
443 2793 489 2846 ast
509 2787 538 2842 iu
561 2784 744 2860 planetarum
767 2785 938 2846 intervallis.
999 2809 1003 2816 ·
1525 2839 1528 2845 .

310 2873 355 2932 Ex
376 2890 435 2948 qna
457 2891 488 2934 re
510 2879 604 2949 natet,
633 2875 834 2949 proportiones
862 2874 1024 2950 ipsissimas
1053 2870 1273 2932 intervallorum
1302 2869 1530 2948 planetariorum
1552 2888 1572 2932 s

226 2961 296 3022 Sole
324 2978 360 3020 ex
387 2959 458 3020 solis
489 2958 588 3041 liguris
618 2959 802 3036 regularibus
824 2961 972 3021 decumbas
1004 2977 1061 3019 non
1091 2976 1171 3036 esse;
1201 2975 1261 3019 non
1284 2958 1401 3018 aberrru
1423 2960 1501 3022 enirn
1530 2959 1569 3020 eb

126 3052 130 3062 '
227 3049 383 3126 archetypo
406 3064 460 3108 suo
476 3047 604 3119 Creator,
628 3050 804 3124 geometriae
826 3048 892 3108 lons
906 3048 1078 3126 ipsissimus,
1102 3054 1140 3121 et,
1165 3053 1199 3106 ut
1212 3046 1298 3106 Plato
1321 3047 1447 3122 scripsit,
1470 3053 1569 3107 aeter·

227 3154 302 3195 nam
318 3152 456 3196 coerceam
477 3138 682 3211 pemnctra'cm.
726 3135 764 3194 Et
786 3139 883 3213 potuit
904 3153 975 3196 sane
997 3136 1054 3196 boc
1068 3138 1164 3213 ipsum
1184 3133 1284 3210 colligi
1307 3133 1354 3194 vel
1369 3151 1405 3194 ex
1421 3150 1466 3209 eo,
1490 3133 1570 3212 quod

201 3253 205 3258 ·
227 3226 362 3301 planetes
385 3239 485 3283 omnes
508 3221 663 3284 intervalla
684 3240 736 3299 per
757 3229 851 3284 certas
873 3231 1034 3302 temporum
1056 3221 1192 3299 periodos
1211 3229 1333 3294 meunt,
1356 3223 1399 3281 sic
1420 3227 1454 3282 ut
1476 3239 1569 3281 unns·
1688 3261 1690 3267 ,

228 3313 350 3388 quisque
373 3310 431 3370 duo
454 3309 561 3370 lrabeat
584 3311 710 3387 insignia
730 3309 887 3372 intervalla
908 3330 926 3370 a
948 3309 1026 3384 Sole,
1050 3313 1207 3370 maximum
1231 3317 1260 3368 et
1281 3311 1441 3380 minimum,
1466 3308 1570 3370 datur-

230 3401 385 3476 quainter
412 3399 497 3458 binos
524 3397 656 3475 planetas
687 3401 866 3475 comparatio
898 3397 1118 3458 intervallorum
1147 3417 1168 3458 a
1195 3397 1264 3456 Sole
1293 3395 1490 3474 quadmplex,
1519 3396 1568 3457 vel

227 3487 417 3562 maximorum
447 3484 495 3544 vel
524 3487 709 3546 minimorum
744 3486 802 3545 vel*
821 3489 1029 3546 contrariorum
1064 3487 1323 3545 remotissimorum
1353 3487 1427 3542 inter
1456 3501 1488 3544 se
1518 3483 1568 3542 vel

227 3576 436 3652 proximorum
460 3576 502 3632 ita
523 3572 596 3631 liunt
618 3574 752 3633 binorum
775 3582 804 3632 et
826 3574 960 3634 binomm
981 3575 1143 3632 vicinorum
1168 3563 1351 3648 planetarum
1373 3571 1569 3646 comparutio-

212 3659 278 3722 'nes
299 3679 418 3722 numero
441 3662 558 3736 viginti,
583 3677 648 3721 cum
671 3679 686 3720 e
710 3663 854 3721 connerio
876 3660 986 3737 figurae
1009 3658 1122 3720 solidae
1147 3659 1243 3719 solnm
1265 3659 1394 3734 qninqne
1416 3660 1482 3717 sint
1527 3658 1569 3718 At

228 3765 296 3810 vero
319 3756 546 3810 consentaneum
568 3756 628 3821 ert,
660 3748 840 3821 Creatorem,
869 3751 895 3806 si
923 3765 1021 3808 curam
1051 3746 1155 3807 habuit
1181 3745 1378 3823 proportionis
1402 3746 1516 3804 orbium
1537 3747 1569 3803 in

228 3853 342 3913 genere,
366 3853 462 3896 curam
485 3838 574 3895 etiam
595 3835 734 3896 babuisse
758 3839 961 3913 proportionis,
985 3843 1120 3912 quaeest
1142 3837 1216 3894 inter
1230 3833 1411 3910 singulorum
1424 3834 1455 3891 in
1471 3833 1569 3910 specie

230 3924 382 3990 intervalla
405 3924 557 4002 venantia,
580 3939 704 4000 eumque
727 3940 826 3984 curam
849 3926 983 4000 utrinque
1006 3921 1128 3984 eandem
1142 3939 1206 3982 esse
1229 3920 1409 3997 alteramque
1425 3937 1460 3981 ex
1475 3920 1569 3980 altera

230 4015 319 4085 necti,
343 4029 401 4087 qno
423 4029 565 4088 perpenso
589 4011 786 4070 obtinebimus
808 4029 879 4072 sane
903 4019 932 4071 st
952 4011 1024 4084 hoc,
1052 4010 1131 4088 quod
1154 4009 1191 4070 ad
1214 4007 1432 4071 constituendas
1455 4007 1569 4067 orbium

228 4109 257 4160 et
287 4100 443 4158 diametros
471 4107 500 4159 et
529 4099 757 4159 eecentricitstes
782 4099 907 4175 junctim
935 4099 1066 4180 pluribus
1097 4101 1136 4162 sit
1158 4115 1231 4177 opus
1261 4097 1425 4176 principiis,
1455 4101 1569 4173 praeter
1612 4173 1614 4178 ,

229 4190 355 4266 quinque
377 4185 522 4263 regularia
543 4203 673 4261 corpora.
1583 4187 1585 4195 ⁴

315 4273 437 4350 Quinto,
466 4283 507 4334 nt.
521 4272 558 4332 ad
585 4280 681 4332 motus
703 4274 869 4346 veniamus,
899 4275 974 4334 inter
996 4290 1070 4350 quos
1098 4275 1272 4334 mustitutae
1301 4276 1369 4330 sunt
1390 4269 1567 4343 harmonius,

229 4378 341 4425 rursum
365 4361 478 4422 inculco
506 4360 627 4434 lectori,
648 4358 877 4420 demonstratum
908 4379 972 4422 esse
998 4380 1084 4422 nme
1110 4363 1141 4420 in
1163 4359 1385 4420 Commentariis
1401 4355 1449 4416 ds
1472 4354 1567 4422 Marte

230 4469 265 4510 ex
300 4451 467 4510 certissimis
494 4447 601 4508 Brahei
636 4447 903 4517 observationibus,
938 4448 1016 4524 quod
1045 4465 1129 4508 arens
1162 4446 1257 4508 diurni
1290 4444 1429 4522 aequales
1455 4445 1485 4502 in
1517 4459 1567 4504 ec·

229 4539 355 4608 centrico
379 4553 437 4595 nuo
459 4541 488 4596 st
510 4535 613 4596 codem
634 4551 692 4594 non
716 4535 833 4609 aequali
855 4542 1038 4612 permeentnr
1060 4535 1222 4609 celeritate,
1252 4531 1305 4594 sed
1336 4532 1414 4609 qood
1438 4531 1495 4592 bae
1519 4529 1566 4590 di-

229 4641 331 4686 vsrsas
352 4641 456 4686 merce
469 4623 655 4700 inpartibus
670 4621 847 4698 amantibus
865 4624 1018 4682 emmena·
1036 4621 1189 4682 omanem
1201 4623 1427 4699 proportionem
1439 4635 1566 4681 suonam

230 4712 461 4772 inurvcllorum
484 4730 504 4770 c
526 4711 609 4785 Sole,
632 4710 712 4770 lonte
734 4715 845 4784 motus,
877 4715 906 4768 et
928 4709 1072 4783 altissim,
1099 4708 1179 4784 quod
1201 4709 1359 4788 suppositis
1387 4706 1566 4786 temporibus

231 4798 415 4877 aequalibus,
437 4805 507 4876 puta
528 4816 588 4860 uno
609 4797 657 4860 die
679 4793 806 4858 naturali
828 4798 978 4873 utrinqne,
1008 4795 1215 4875 respondentes
1240 4799 1277 4862 iis
1298 4795 1490 4865 dimicari
1511 4811 1566 4857 arn
