3676 5536
661 358 744 414 Idber
761 356 806 413 IV.
826 355 916 426 Oaput
933 353 982 412 III
1434 363 1496 423 ast

158 543 248 600 insunt
274 537 383 614 eidem,
414 523 447 598 ut
476 539 557 615 operi
579 537 646 598 Dei.
691 534 775 611 Quae
805 553 875 598 voro
898 537 1022 622 materia
1051 537 1239 615 participant,
1268 535 1321 596 illa
1350 535 1437 596 slmul
1470 543 1499 598 ot

158 643 268 688 numero
298 635 328 686 et
350 625 550 703 magnitudIne
579 625 764 703 punieipsnt.
811 627 850 686 Αι
880 623 1110 701 magnitudinem
1141 625 1272 701 seqnitur
1295 641 1393 684 earum
1424 627 1499 686 situs

158 715 282 790 inlooo;
312 715 419 792 quibus
449 713 574 789 denique
604 711 711 772 accidit
741 707 839 771 motus
861 711 979 775 localis.
1023 711 1166 771 Numerus
1195 713 1283 787 Igitur
1313 720 1358 772 est
1387 708 1500 789 aliquid

153 810 253 874 ,natura
275 803 354 881 prius
377 802 536 875 harmonia,
557 803 632 882 *quia
653 807 768 877 oportet
788 803 928 860 terminos
951 800 1120 859 harmoniae
1135 799 1277 875 cujusque
1292 817 1357 860 esse
1380 817 1499 861 numero

67 901 73 916 ·
157 890 247 970 plures
273 907 342 949 uno.
386 888 611 949 Habet·tamen
640 895 669 946 et
699 903 837 946 numerus
864 891 1023 965 primomm
1054 885 1154 946 mundi
1185 901 1336 964 corpomm
1364 905 1433 948 suas
1465 905 1501 947 ex

156 978 310 1055 geometria
332 993 452 1051 causas,
476 993 551 1052 quas
573 975 647 1034 infra
669 973 719 1034 lib.
743 973 780 1033 V.
805 993 841 1035 ex
864 975 1006 1053 Mysterio
1030 992 1095 1035 meo
1117 974 1366 1052 Cosmographico
1391 985 1500 1056 repeto.

96 1069 104 1090 '
158 1065 351 1141 Quantitatem
372 1067 504 1142 sequitur
526 1063 629 1139 figura,
653 1061 806 1121 individua
828 1062 892 1138 ejus
915 1065 1087 1142 proprietas,
1111 1078 1187 1139 quae
1209 1079 1261 1121 cur
1275 1063 1401 1138 globosa
1421 1063 1502 1124 side·

157 1154 231 1212 ribus
253 1153 369 1231 ipsique
391 1151 466 1212 adeo
488 1150 598 1210 mundo
621 1149 783 1224 deberetur,
807 1167 847 1210 se.
872 1169 908 1211 ex
931 1153 1076 1227 sphaerici
1097 1151 1267 1228 archetypo,
1290 1150 1319 1209 id
1337 1151 1415 1222 alibi,
1430 1169 1502 1230 pas-

156 1243 206 1298 sim
227 1239 303 1300 solet
326 1239 474 1318 explicari.
518 1238 642 1314 Figurae
665 1254 818 1315 corporum
842 1237 1024 1298 diversorum
1052 1241 1151 1299 statim
1174 1240 1309 1314 sequitur
1331 1247 1410 1298 certa
1433 1255 1502 1318 pro-

156 1328 244 1408 portio
268 1344 363 1404 eaque
385 1327 503 1404 triplex:
528 1343 587 1386 una
609 1324 831 1404 diametrorum,
853 1326 948 1386 altera
970 1327 1204 1406 superficierum,
1232 1327 1318 1386 tertia
1340 1327 1428 1404 spatii
1450 1344 1503 1386 seu

156 1431 314 1493 corporum
360 1413 454 1491 Igitur
475 1417 501 1474 si
524 1431 632 1474 causae
655 1413 758 1473 harum
780 1416 1001 1491 proportionum
1025 1415 1102 1475 aliae
1124 1432 1184 1474 non
1207 1419 1411 1492 suppeterent,
1433 1431 1505 1493 pro·

155 1503 289 1562 habiliter
311 1519 463 1582 possemus
486 1501 638 1574 affirmare,
662 1518 698 1560 ex
720 1500 879 1562 harmoniis
901 1519 965 1562 esso
982 1502 1140 1563 desumtas.
1186 1500 1387 1578 Quaecunque
1406 1509 1504 1564 tamen

155 1608 204 1650 eae
228 1597 307 1663 sunt,
330 1589 397 1652 Illas
418 1589 501 1666 globi
523 1589 667 1649 coelestes
690 1591 752 1647 sine
769 1589 831 1647 ulla
846 1591 1007 1650 mutatione
1031 1589 1209 1663 custodiunt,
1232 1591 1341 1668 qqupe
1358 1592 1407 1694 qui
1415 1580 1504 1649 nullo

154 1685 233 1737 motu
255 1680 433 1756 temporisve
464 1675 587 1737 decursu
619 1676 745 1752 majores
767 1677 933 1737 minoresve
955 1677 1036 1737 liunt.
1083 1677 1175 1738 Secus
1204 1686 1249 1737 est
1279 1694 1344 1736 curn
1368 1680 1404 1736 iis
1435 1693 1505 1754 pro-

155 1765 352 1844 portionibus,
384 1781 460 1842 quas
482 1768 580 1824 insunt
603 1765 774 1842 corporibus
803 1781 894 1824 eausa
915 1767 989 1824 situs
1018 1776 1048 1825 et
1076 1783 1166 1826 causa
1184 1773 1327 1825 ‘motuum
1349 1763 1505 1838 localium,

156 1853 222 1912 illae
245 1855 472 1914 enimretinent
494 1855 644 1929 ingenium
667 1859 764 1910 motus
787 1852 889 1929 Ipsina,
913 1855 963 1929 qui
986 1856 1071 1912 utin
1094 1857 1232 1914 continuo
1253 1853 1332 1930 fieri,
1356 1871 1507 1930 nunquam

153 1942 181 1998 iu
210 1957 270 2000 esee
293 1949 443 2019 versatur,
474 1941 516 2000 sie
547 1943 637 2000 etiam
665 1941 868 2018 proportiones
897 1947 1029 2000 motuum
1061 1943 1259 2001 inconstantes
1290 1947 1359 2000 sunt
1382 1941 1508 2018 aliisque

153 2029 336 2107 temporibus
366 2027 453 2087 aliae
502 2027 614 2086 Verum
643 2026 761 2103 quidem
790 2035 851 2101 ast,
884 2031 910 2087 si
935 2036 1034 2088 motus
1065 2044 1217 2105 corporum
1247 2028 1419 2089 coelestium
1449 2045 1507 2088 non

154 2117 280 2176 variaret
304 2133 404 2176 eorum
425 2115 583 2176 intervalla
610 2133 629 2174 ι
652 2116 797 2174 communi
819 2122 899 2175 ιιιιιι
924 2133 978 2174 seu
1007 2115 1070 2175 hasi
1100 2115 1215 2190 mundi,
1247 2115 1274 2174 ιι.
1299 2133 1324 2177 e.
1353 2119 1378 2174 si
1410 2117 1508 2176 nullus

153 2211 229 2264 esset
252 2221 355 2264 eorum
377 2211 473 2264 motus
496 2207 525 2261 in
549 2203 641 2262 altum
664 2209 694 2262 et
715 2202 901 2280 profundum,
924 2203 977 2263 sed
992 2205 1086 2261 omnis
1110 2206 1139 2261 in
1153 2219 1264 2262 memm
1281 2203 1422 2264 circulum
1436 2222 1509 2265 corr·

153 2293 323 2365 neutricum,
346 2299 415 2351 tunc
437 2309 494 2351 non
518 2299 632 2350 tantum
653 2290 874 2350 intervallorum
897 2291 1047 2368 proportio
1071 2299 1219 2365 constans,
1242 2289 1295 2351 sed
1318 2294 1408 2351 etium
1430 2309 1509 2353 mere

152 2379 326 2440 harmonica
353 2379 451 2440 lutura
479 2379 596 2453 luisset,
626 2379 651 2437 si
682 2394 789 2439 causae
812 2379 888 2438 ullae
919 2394 977 2438 non
1000 2381 1217 2456 suppetiissent.
1262 2377 1345 2438 Idem
1369 2378 1404 2440 de
1428 2387 1510 2440 motu

152 2465 311 2526 dicendum
335 2483 424 2527 ιιιιιι
445 2483 517 2526 suas
540 2469 692 2540 essentiae,
716 2465 747 2524 id
770 2474 814 2526 est
837 2475 926 2526 causa
948 2483 1022 2526 suns
1041 2465 1198 2526 celeritatis
1222 2483 1309 2526 verae
1331 2485 1385 2546 par
1406 2467 1532 2550 aethe-y

151 2571 224 2629 rem3
255 2571 335 2632 quae
358 2557 383 2613 si
406 2561 543 2614 constans
565 2552 688 2630 singulis
715 2561 793 2613 esset
822 2562 851 2613 et
873 2563 1030 2632 perpetua,
1063 2552 1184 2614 dubium
1211 2553 1324 2613 nullum
1350 2562 1408 2627 est,
1440 2558 1511 2632 quin

151 2641 205 2700 hae
231 2641 415 2701 diversorum
438 2641 602 2701 celeritates
634 2649 664 2700 et
685 2642 838 2701 tarditates
869 2641 907 2700 ad
931 2641 1012 2718 leges
1043 2641 1227 2702 harmonicas
1255 2641 1381 2702 luissent
1403 2650 1510 2702 attem-

149 2735 281 2805 peratae.
328 2728 411 2791 Idem
434 2728 559 2807 denique
583 2728 619 2788 de
643 2727 747 2788 eodem
769 2736 851 2788 motu
875 2728 1029 2789 dicendum
1053 2731 1246 2790 etiamcausa
1269 2731 1393 2791 eonsecti
1413 2733 1510 2809 spatii,

151 2817 206 2876 suh
230 2807 358 2877 zodiaco
381 2819 558 2895 apparentis.
603 2815 679 2898 Nem
702 2819 727 2874 si
750 2833 851 2876 omnes
873 2817 1010 2895 planetae
1042 2817 1151 2878 eodem
1173 2824 1254 2876 motu
1280 2821 1433 2896 apparenti
1456 2819 1511 2880 sub

150 2903 278 2964 zodIaco
303 2903 474 2966 debuissent
497 2904 639 2978 incedere,
662 2920 717 2962 nec
739 2920 870 2980 unquam
892 2903 1009 2982 longius
1033 2905 1108 2965 alter
1123 2905 1161 2965 ιιι
1176 2906 1269 2965 altero
1290 2909 1431 2983 separari,
1454 2923 1512 2967 non

151 2999 196 3050 eat
220 2991 364 3066 dublum,
395 2995 466 3069 quin
489 2992 572 3052 Deus
595 2991 684 3050 talem
707 2991 823 3050 illorum
857 2994 945 3051 situm
968 2993 1005 3052 ad
1028 3011 1060 3052 se
1082 3000 1185 3052 mutuo
1215 2993 1271 3053 suh
1294 2994 1416 3054 zodiaco
1440 3011 1512 3055 con·
1575 3057 1578 3068 ,

150 3079 301 3140 stituisset
325 3079 392 3138 inde
415 3081 453 3139 ab
475 3082 560 3138 initio
583 3069 744 3160 (siquidem
766 3079 859 3138 libera
882 3087 911 3139 et
932 3097 991 3140 non
1015 3080 1080 3140 aliis
1102 3080 1285 3141 necessitudo
1300 3081 1415 3169 legibus
1438 3099 1514 3144 nexa

150 3168 258 3226 luisset
291 3166 410 3227 illomm
438 3161 629 3247 dispositio),
660 3167 711 3269 qui
737 3167 933 3271 undiquaque
964 3169 1117 3229 zodiacum
1146 3169 1309 3230 rationibus
1339 3155 1515 3248 dispesceret

151 3253 347 3314 harmonicis.
391 3252 427 3314 Id
450 3254 524 3314 adeo
548 3263 577 3313 et
601 3257 629 3311 in
653 3255 796 3332 priucipio
819 3262 950 3315 motuum
975 3252 1058 3339 (eum
1079 3258 1253 3334 principium
1280 3261 1419 3335 temporis
1441 3275 1512 3319 oon·

150 3341 302 3404 sideretur
326 3345 389 3402 sine
412 3337 558 3423 tempore)
580 3342 670 3402 luisse
693 3350 922 3402 consentancum
945 3352 1004 3418 est,
1027 3350 1059 3403 ut
1082 3361 1117 3403 ιιι
1140 3345 1285 3404 communi
1308 3347 1367 3406 situ
1391 3354 1420 3406 et
1442 3363 1514 3406 eon·

150 3427 332 3506 figuratione
355 3429 525 3490 harmonica
548 3425 661 3533 (qualis
683 3429 732 3488 vel
755 3447 792 3490 ιιι
814 3430 919 3504 Terra,
951 3431 1000 3490 vel
1021 3433 1121 3508 potius
1144 3432 1180 3491 ιιι
1202 3429 1272 3491 Sole
1295 3449 1435 3510 apparere
1458 3437 1515 3511 po'·

150 3519 223 3592 tuit)
249 3517 339 3579 velut
360 3535 380 3576 a
403 3518 595 3578 carceribus
588 3535 617 3575 m
641 3535 696 3576 sua
718 3517 850 3594 qutiihet.
864 3520 960 3596 spatia
984 3536 1036 3579 seu
1057 3519 1163 3578 itinera
1179 3523 1345 3579 excurrerit.
1391 3521 1431 3578 nt
1446 3523 1516 3597 quia

149 3605 299 3680 planetae
321 3613 475 3666 moventur
497 3608 526 3663 in
549 3605 641 3664 altum
665 3604 908 3683 etproiundum,
932 3608 1006 3664 situs
1029 3605 1185 3666 intervalla
1207 3613 1370 3680 mutantes,
1394 3615 1423 3666 et
1446 3609 1516 3684 quia

149 3691 189 3753 ad
213 3693 300 3759 hunc
322 3701 434 3752 motum
456 3695 631 3753 necessitato
653 3685 777 3770 physica
799 3695 932 3769 sequitur
954 3695 1042 3753 etiam
1070 3693 1158 3752 realis
1181 3695 1308 3754 intensio
1332 3702 1362 3755 et
1384 3697 1516 3755 remissio

148 3787 293 3840 motuum
317 3797 409 3842 ιιιιιι
431 3781 604 3856 celeritatis,
636 3779 763 3856 denique
786 3783 857 3857 qnia
879 3797 931 3857 per
953 3780 1124 3858 inaequales
1148 3779 1329 3841 diversorum
1353 3783 1517 3843 celeritates

147 3876 339 3947 apparentes
361 3869 474 3947 zodiaci
497 3872 633 3948 spatium,
667 3867 748 3944 quod
771 3867 905 3928 videntur
928 3866 971 3927 illi
994 3869 1138 3947 trajicere,
1162 3867 1303 3928 dividitur
1321 3869 1393 3930 alias
1417 3870 1516 3930 aliter:

146 3955 235 4016 hisee
261 3957 361 4016 tribus
382 3957 550 4017 nomhribus
573 3964 632 4016 tam
655 3957 776 4029 sitibus,
800 3973 887 4032 quam
910 3958 1039 4016 motibus
1063 3955 1140 4017 idem
1163 3959 1306 4034 contingit
1329 3973 1419 4018 eausa
1442 3951 1519 4016 terh·

147 4046 252 4124 poris,
290 4043 373 4122 quod
396 4045 610 4122 quantitatibus
635 4045 709 4121 ipsis
740 4045 803 4102 stne
832 4054 967 4120 respectu
995 4047 1143 4123 temporis.
1189 4045 1271 4106 Sicut
1301 4047 1377 4108 enlm
1407 4046 1518 4104 non‘iu

147 4140 215 4192 toto
242 4131 359 4192 circulo
388 4132 436 4192 vel
459 4139 539 4191 reeta
569 4133 657 4206 inque
688 4132 823 4192 omnibus
854 4133 918 4209 ejus
949 4135 1064 4210 punctis
1096 4140 1164 4193 sunt
1196 4134 1310 4193 termini
1340 4149 1393 4193 seu
1423 4137 1518 4192 metae

146 4221 310 4280 rationum
339 4220 586 4289 harmonicarum,
618 4217 671 4278 sed
702 4218 807 4278 saltem
835 4221 864 4278 in
894 4223 979 4280 certis
1011 4219 1177 4298 aliquibus,
1207 4223 1250 4280 sic
1273 4221 1360 4280 etlam
1385 4219 1438 4301 Ιιιιι
1460 4236 1518 4278 non

147 4315 214 4368 toto
251 4317 389 4385 tempore
419 4315 517 4366 motus
546 4308 669 4368 exlatere
699 4313 822 4384 possunt
852 4307 1036 4387 hannoniae,
1068 4325 1163 4385 neque
1186 4309 1215 4366 in
1238 4306 1401 4366 intervallis
1423 4324 1519 4383 neque

148 4397 178 4454 in
204 4405 352 4456 motuum
374 4395 522 4456 eeleritate
546 4411 641 4470 nsque
664 4395 693 4451 in
716 4395 819 4470 spatha
842 4394 955 4454 zodiaci
984 4397 1059 4454 inter
1081 4396 1214 4474 planetus
1237 4397 1419 4472 interceptis3
1447 4412 1520 4473 pos-

57 4515 64 4524 ·
147 4492 222 4544 sunt
247 4492 355 4544 tamen
378 4485 495 4542 omnino
525 4483 555 4539 in
578 4483 663 4542 certis
685 4483 824 4560 temporis
845 4483 1000 4541 momentis
1030 4490 1059 4541 et
1082 4482 1283 4560 possunthoc
1306 4481 1520 4544 citraulterio·

148 4589 213 4632 rem
241 4573 309 4631 Dei
340 4587 472 4648 operam,
504 4570 593 4629 semel
624 4569 708 4628 initio
737 4575 835 4627 motus
862 4567 1067 4628 dotalium
1095 4571 1146 4646 qui
1174 4576 1304 4630 extrema
1332 4573 1521 4650 praescripsit

146 4661 308 4734 motibus,
336 4666 366 4717 et
389 4660 579 4718 mutationem
603 4655 725 4716 indulsit
746 4657 784 4715 ab
800 4673 859 4736 uno
883 4664 1012 4716 extremo
1033 4657 1064 4714 ιιι
1080 4655 1212 4746 alterurn,
1234 4656 1312 4717 idem
1328 4661 1415 4719 etiam
1429 4661 1521 4718 inter-

146 4749 256 4808 media
282 4747 411 4822 largitus
436 4753 481 4806 est
503 4747 618 4821 omnia,
647 4751 707 4805 tam
737 4747 914 4821 incongrua,
946 4761 1022 4848 quae
1056 4751 1125 4804 sunt
1155 4730 1296 4828 indulte,
1314 4763 1402 4823 quum
1433 4749 1520 4806 ctiam

146 4853 298 4914 congrua
323 4839 353 4894 et
375 4834 553 4910 harmonica,
576 4841 655 4895 certo
677 4849 798 4894 numero
821 4833 986 4912 incongruis
1012 4833 1172 4911 interjecta.
1216 4833 1318 4911 Neque
1348 4837 1425 4894 anim
1447 4835 1522 4896 haec

1226 4926 1229 4942 '
1300 4938 1366 4998 ιιι
