3732 5528
766 285 850 340 Liber
865 285 915 342 lll.
936 285 1024 356 caput
1040 285 1099 340 XV.
1534 296 1599 356 407

252 461 409 526 peccatores
425 458 496 514 sicut
511 457 623 528 sonan
640 457 741 524 (subito
760 475 776 514 e
793 475 823 514 re
841 461 930 520 tenui,
953 458 1051 516 damno
1068 457 1191 532 publico,
1210 461 1344 518 creverint
1361 466 1392 517 at
1408 464 1535 534 spongia,
1554 481 1601 536 pe-

256 533 398 602 celatores,
418 535 499 604 avari,
518 535 712 606 deglubitores,
730 536 802 592 orbis
820 547 972 606 exactores,
991 537 1163 592 nummularii
1176 545 1204 594 et
1215 539 1402 610 cambiatores,
1419 541 1446 610 ii,
1465 542 1514 612 qui
1526 559 1601 598 num·

255 611 306 664 ntis
324 611 411 680 pretia
429 597 538 683 augins,
557 613 750 682 florrmrintque
763 617 850 684 mstis
867 616 1018 686 principum
1037 625 1064 672 et
1082 617 1301 673 communitatum
1319 619 1347 672 in
1359 621 1521 676 necessitate
1539 637 1601 675 con-

255 688 419 756 stitutorum)
439 697 464 746 et
481 693 661 762 opopamerim
684 691 767 758 (tastu
786 701 813 748 et
832 691 976 764 splendore
994 696 1065 750 vitae
1085 701 1113 749 et
1131 695 1256 763 neglectu
1281 698 1434 752 tenuiorum
1456 699 1602 767 praestrin-

256 767 346 821 xerint
370 768 463 823 oculos
482 769 564 838 vulgi,
585 770 647 838 jura
666 769 817 828 nobilitatis
841 775 1031 844 usurpaverint
1053 773 1243 844 eviceriutque)
1269 791 1360 830 omnen
1382 777 1429 848 qui
1452 784 1602 846 operaturos

254 845 438 916 minumum:
458 857 489 905 ut
506 852 643 906 intereant
664 851 746 916 (tama
768 850 889 920 ipsorum
912 861 975 922 post
997 869 1100 922 paucos
1126 870 1213 910 aunon
1239 853 1428 920 exstinguatur
1446 869 1507 908 cum
1524 855 1601 924 ipsis)

254 923 285 978 in
301 926 420 980 sewbsn
436 929 527 984 accub.
566 929 607 984 Tu
623 937 714 985 autun
731 931 882 987 altannus
902 933 934 988 in
950 941 1090 990 mun
1106 931 1233 990 Domine.
1270 931 1407 1003 Quam
1423 947 1481 988 ecce
1497 935 1603 990 immisi

256 1004 298 1058 tui
315 1004 448 1072 Domine,
472 1007 602 1077 mian
620 1023 678 1062 ecee
694 1009 800 1064 iniens'ci
816 1011 859 1064 tssi
876 1009 1066 1076 (contemtores
1085 1017 1113 1066 et
1131 1009 1299 1081 neglectores
1317 1023 1429 1078 operum
1447 1017 1556 1064 tuorum
1574 1019 1602 1064 et

255 1081 405 1137 divinorum
424 1084 583 1151 studiorum)
605 1085 736 1155 peribunt
753 1093 779 1142 et
796 1088 985 1160 dispsrpemur
1003 1105 1095 1145 ornnes
1116 1091 1164 1160 qui
1181 1095 1331 1160 operantior
1347 1089 1534 1160 iniquitatem:
1561 1090 1604 1147 lie

212 1235 215 1240 .
254 1162 422 1216 aunum
438 1163 508 1217 ausu
524 1163 666 1218 unuornis
688 1181 775 1220 eursu
791 1181 880 1239 muns
897 1173 924 1221 et
939 1175 1061 1224 mensu
1077 1183 1138 1223 nea
1155 1167 1259 1237 (saltem
1278 1167 1365 1222 lamae
1383 1167 1555 1237 posthumae)
1572 1169 1604 1224 in

254 1239 443 1295 murruordio
459 1241 543 1295 uberi.
579 1240 619 1295 Et
636 1242 759 1311 &spuit
778 1245 872 1299 ouum
888 1259 962 1300 meus
979 1247 1105 1302 inimicos
1121 1263 1195 1302 meos
1212 1247 1394 1316 (ignorantes,
1417 1245 1464 1314 qni
1482 1245 1602 1314 pbiloso-

254 1317 354 1386 pbiam,
373 1333 453 1386 quam
471 1315 539 1386 colo,
559 1315 635 1372 nihili
653 1319 765 1388 iaciunt,
783 1321 915 1390 pecuniis,
935 1321 1033 1391 quibus
1051 1338 1140 1391 careo,
1159 1323 1323 1391 gloriantur3
1343 1329 1439 1376 ustura
1458 1323 1530 1377 enim
1547 1339 1602 1377 om-

255 1411 303 1450 nes
321 1395 476 1465 ignorantes
493 1403 521 1451 et
538 1404 720 1488 contemtores
738 1399 889 1455 studiorum
914 1401 1038 1456 omnibns
1064 1401 1211 1457 solentibus
1235 1401 1348 1470 inimici,
1376 1402 1456 1456 mam
1473 1401 1560 1468 inriti)
1577 1409 1604 1458 st

253 1477 456 1546 incurrentibus
468 1477 499 1530 in
509 1493 551 1530 nse
561 1478 782 1548 adiuuantium,
799 1480 894 1534 auaui
905 1480 984 1536 aune
994 1481 1062 1548 inem
1075 1481 1170 1548 justris
1180 1489 1212 1536 ut
1219 1483 1318 1551 palera
1330 1481 1446 1550 mnis,
1462 1485 1496 1534 ut
1507 1480 1604 1536 uano

255 1555 360 1609 Libani
381 1556 614 1624 multiplicabitur.
650 1558 777 1613 Plantott
797 1559 828 1614 in
845 1560 925 1614 donno
943 1560 1058 1614 Domini
1082 1561 1114 1615 in
1135 1562 1217 1616 atriis
1234 1562 1331 1618 donem
1347 1561 1403 1616 Dei
1419 1560 1509 1616 nours'
1523 1561 1603 1628 llore-

255 1635 322 1689 bunt
340 1634 577 1703 (contemplatione
596 1635 693 1691 mentis
711 1633 782 1688 inter
800 1635 879 1690 orbes
898 1636 1045 1704 coelestes,
1064 1635 1115 1690 Dei
1133 1637 1330 1706 babitaculum,
1356 1638 1521 1706 conversati,
1541 1654 1603 1692 con·

256 1717 350 1780 spectu
369 1711 518 1769 divinorum
538 1731 649 1784 operum
673 1715 847 1784 perfruentur
865 1717 979 1785 Deoque
1003 1717 1136 1772 conditori
1160 1717 1255 1772 laudes
1279 1718 1402 1790 accinent
1426 1723 1454 1774 et
1470 1717 1604 1772 mirabilia

256 1789 315 1858 ejus
334 1791 470 1848 docebunt
486 1793 568 1864 alios;
586 1792 761 1863 principibus,
780 1795 917 1863 praelatis,
936 1795 1070 1850 nobilitati
1089 1801 1117 1849 et
1134 1795 1236 1863 optimo
1255 1795 1352 1865 cuique
1371 1794 1455 1860 chari,
1473 1795 1602 1864 quamdiu

256 1868 356 1924 tuerint
372 1872 541 1943 superstites,
559 1881 691 1942 tantoque
706 1873 867 1928 'remotiores
886 1883 966 1928 erunt
977 1892 995 1930 a
1006 1875 1098 1930 mulus
1116 1873 1313 1932 annuariam
1331 1881 1360 1931 et
1376 1867 1481 1942 laqueis
1499 1873 1601 1930 diaboli

257 1955 285 2002 et
303 1947 441 2004 desideriis
460 1952 550 2006 multis
568 1953 707 2008 inutilibus
727 1960 754 2006 et
772 1953 888 2020 nocivis,
907 1970 978 2024 quae
995 1959 1123 2024 mergunt
1140 1952 1274 2008 bominem
1294 1955 1321 2009 in
1338 1952 1477 2009 interitum
1495 1959 1523 2006 et
1540 1969 1601 2022 per-

179 2089 182 2096 ,
256 2025 383 2081 ditionem
406 2029 530 2100 viamque
554 2033 588 2088 ad
612 2032 719 2086 domum
745 2031 797 2084 Dei
821 2039 885 2101 post
914 2031 986 2087 hanc
1009 2033 1091 2086 vitam
1115 2031 1307 2100 intersepiunt,
1334 2037 1436 2100 quanto
1459 2028 1510 2084 sibi
1534 2031 1600 2100 ipsis

256 2121 346 2162 amore
363 2105 552 2179 philosophiae
570 2111 671 2166 tuerint
688 2111 829 2166 obstaculo
854 2111 888 2166 ad
907 2111 1013 2167 divitias
1036 2112 1232 2176 cumulandas).
1269 2113 1368 2168 Adlusc
1385 2109 1605 2182 nusiptaontur

255 2185 285 2238 in
302 2193 408 2241 sensae
426 2189 516 2258 uberi,
545 2197 570 2245 et
588 2190 806 2258 benepatientes
829 2199 921 2258 erunt,
949 2199 981 2246 ut
997 2192 1178 2260 annuncient,
1205 2193 1336 2262 moniam
1362 2196 1451 2245 rectsts
1467 2187 1605 2248 Dominus

256 2261 332 2318 Deus
349 2271 450 2334 nonu,
470 2273 495 2323 et
512 2285 568 2326 non
586 2275 626 2324 est
640 2269 774 2338 innuas
790 2270 821 2323 in
838 2285 877 2324 eo.

343 2367 418 2424 Nota
435 2369 482 2426 IX.
518 2371 569 2426 llic
592 2389 662 2428 unus
685 2371 795 2442 planeta
818 2391 901 2430 cauea
925 2373 1095 2430 omnimodae
1118 2391 1183 2432 suae
1207 2375 1347 2430 varietatis
1365 2380 1421 2429 tam
1439 2373 1603 2444 epicyclicae

259 2465 339 2520 quam
362 2449 529 2506 eccentricae
553 2457 724 2521 comparatur
748 2467 809 2505 curn
832 2452 965 2509 sonitibus
988 2453 1105 2523 plurium
1124 2451 1294 2508 chordarum.
1329 2451 1360 2506 ld
1378 2467 1428 2521 per
1445 2466 1476 2506 se
1494 2467 1547 2506 non
1564 2453 1604 2508 in·

259 2533 352 2594 eptam
370 2537 420 2600 est,
440 2531 463 2584 si
481 2532 623 2600 epicyclus
636 2533 753 2586 abesset.
790 2529 859 2584 Nam
876 2532 957 2586 etiam
975 2530 1042 2585 mihi
1059 2531 1129 2586 libro
1142 2531 1173 2587 V.
1193 2549 1251 2602 cap.
1271 2531 1296 2588 o.
1314 2529 1441 2602 plauuae
1459 2547 1544 2588 ceusu
1561 2549 1604 2588 eo·

259 2605 311 2659 lius
330 2609 497 2663 eccentrleae
516 2609 690 2664 volutationis
708 2625 768 2664 cum
786 2609 909 2679 pluribus
928 2610 1036 2666 chordis
1054 2615 1253 2678 comparantur.

344 2703 418 2758 Nota
443 2703 477 2758 X.
523 2703 594 2773 Quid
621 2705 649 2760 in
675 2705 728 2761 hac
754 2707 955 2776 comparatione
981 2706 1151 2775 planetarum
1178 2705 1345 2776 singulorum
1371 2721 1432 2762 cnm
1459 2707 1604 2777 generibus

258 2785 354 2834 cantus
377 2781 465 2837 imbus
489 2781 636 2837 desiderari
660 2786 747 2854 possit
771 2786 804 2840 ab
823 2802 868 2855 eo,
896 2785 942 2854 qai
965 2786 1056 2842 omnia
1078 2785 1243 2855 excusserit,
1271 2783 1437 2840 dictumest
1464 2786 1500 2840 arl
1523 2795 1605 2856 caput

257 2858 407 2915 Ptolemaei
427 2864 469 2918 it.
487 2861 515 2918 in
533 2863 605 2918 notls
623 2865 649 2930 2,
667 2865 683 2918 t
703 2871 730 2918 et
748 2867 773 2919 b.

343 2957 417 3013 Nota
434 2957 482 3014 XI.
523 2959 582 3014 llas
609 2959 800 3028 proportiones
824 2959 1022 3017 revolutionum
1043 2957 1250 3029 epicyclicarum
1278 2957 1382 3012 numeri
1407 2957 1441 3012 ael
1464 2972 1605 3036 nummum

237 3037 467 3094 ¹accentu-icarum
485 3037 574 3094 adbuc
592 3038 677 3092 multo
694 3039 780 3108 magis
797 3055 879 3109 quam
897 3056 980 3108 supra
1003 3039 1106 3095 dierum
1128 3039 1157 3093 in
1178 3037 1296 3108 mundis
1319 3035 1452 3092 mentales
1474 3047 1538 3092 suut
1553 3053 1606 3094 neo

257 3116 338 3172 rebus
360 3117 427 3188 ipsis
450 3117 554 3185 insunt,
582 3118 620 3172 sic
644 3124 674 3173 ut
696 3119 846 3188 comparari
869 3119 984 3187 possins
1021 3117 1174 3188 Numquid
1199 3117 1296 3172 attinet
1312 3117 1384 3170 inter
1401 3131 1431 3171 ee
1448 3132 1607 3187 comparans

257 3197 372 3266 sngulm
395 3197 506 3252 diurnos
531 3192 566 3249 ad
589 3202 710 3252 centrum
734 3195 849 3267 epicycli
871 3213 932 3252 cum
956 3197 1058 3254 diurnis
1081 3197 1116 3252 ad
1134 3206 1255 3252 centrum
1283 3196 1441 3264 ecccntriei,
1468 3211 1486 3250 a
1517 3195 1605 3252 centri
1641 3251 1643 3258 ,

258 3277 372 3347 epicycli
389 3283 464 3332 motu
483 3274 626 3340 subsensis,
645 3292 706 3330 cum
724 3274 818 3330 oculus
837 3274 927 3330 nullus
946 3275 983 3330 sit
1001 3276 1028 3332 in
1047 3284 1140 3332 centro
1159 3277 1293 3346 epicycli'l
1330 3275 1445 3331 Perinde
1463 3275 1535 3330 enim
1553 3275 1606 3332 boc

258 3361 313 3424 est,
337 3354 411 3412 acsi
430 3353 490 3422 quis
507 3353 578 3407 inter
594 3367 623 3407 se
644 3369 799 3423 comparare
818 3354 883 3411 velit
900 3373 992 3412 vocem
1018 3356 1108 3426 pueri,
1135 3357 1286 3414 discentum
1308 3354 1430 3408 canentis
1447 3353 1476 3408 in
1494 3353 1605 3422 templo,

259 3451 320 3488 cum
337 3433 417 3502 longe
440 3431 535 3486 dissita
552 3447 619 3488 voce
637 3431 738 3502 vigilis,
764 3433 858 3487 boram
881 3434 1086 3503 pronunciantis
1105 3434 1138 3490 de
1157 3431 1236 3496 turri,
1265 3436 1296 3486 ut
1313 3439 1430 3486 ucesiu.
1459 3430 1533 3500 quod
1551 3431 1606 3498 epi-

259 3513 350 3581 cyclus
367 3510 458 3566 nullus
477 3517 527 3565 est.
565 3509 706 3577 Quomodo
725 3527 787 3565 vero
806 3519 896 3565 motus
914 3511 1033 3566 Telluris
1052 3511 1227 3577 eccontricus,
1247 3526 1301 3578 quo
1320 3509 1427 3569 tollitur
1446 3509 1532 3564 omnis
1551 3507 1606 3578 epi·

259 3591 360 3662 cyclus,
380 3597 551 3659 comparetur
569 3604 629 3642 cum
647 3588 764 3642 motibus
782 3595 942 3657 ceterorum,
961 3587 988 3642 id
1000 3589 1027 3643 in
1046 3591 1212 3644 astronomis
1224 3586 1372 3644 Ptolemaei
1391 3587 1534 3644 dicendum
1551 3603 1606 3641 non

260 3679 311 3738 est,
330 3669 429 3724 dietum
447 3682 511 3723 vero
530 3675 573 3723 est
590 3685 607 3720 a
625 3683 667 3721 me
685 3666 752 3721 libro
771 3667 803 3720 V.

345 3765 417 3820 Nota
434 3763 495 3818 ΧΠ.
532 3763 584 3817 llic
606 3779 689 3828 unum
707 3779 722 3816 e
741 3763 876 3833 scrupulis
893 3765 1043 3820 Ptolemaei
1065 3763 1249 3820 infestissimis
1271 3763 1419 3832 eliminavi,
1445 3762 1521 3818 nulla
1541 3779 1606 3819 usus

259 3844 494 3914 tergiversatione,
515 3841 587 3912 qaod
606 3843 676 3896 tucio
689 3843 874 3897 Ptolemaeum
891 3857 1018 3899 recusare
1033 3843 1262 3912 comparationem
1281 3840 1518 3896 retrocedentium.
1536 3841 1606 3896 Nam

259 3941 343 3979 musa
359 3939 440 3993 quam
459 3921 558 3990 attero,
581 3921 655 3989 quod
673 3937 727 3975 non
745 3921 847 3990 possim
865 3922 946 3977 aliter
962 3924 997 3978 ob
1016 3922 1173 3992 luminaria,
1192 3937 1276 3978 causa
1292 3919 1368 3975 nulla
1386 3920 1517 3984 estg‘imo
1535 3935 1606 3974 com·

259 4001 428 4074 parationem
446 4002 532 4070 ipsam
551 4000 674 4068 destruit,
695 3999 795 4070 quippe
813 3999 1015 4069 impossibilem.
1394 4009 1399 4022 ’

345 4099 419 4154 Nota
436 4097 509 4151 Xlll.
544 4095 595 4150 Hic
607 4094 742 4151 indicatur
757 4112 812 4152 una
829 4105 934 4155 tantum
946 4100 1018 4154 inter
1034 4098 1113 4153 binos
1125 4097 1228 4154 vicium
1247 4095 1395 4166 proportio,
1414 4099 1535 4150 motuum
1552 4109 1606 4148 non

259 4186 449 4244 extremorum,
468 4175 516 4231 sed
533 4175 769 4241 intermedium,
780 4192 838 4232 ,nec
850 4177 1026 4244 sincerorum,
1044 4177 1093 4232 sed
1111 4175 1257 4246 phantasia
1269 4175 1417 4244 opicyclica
1428 4172 1606 4240 imbuturum3

260 4257 468 4326 comparationis
481 4263 571 4311 tamen
588 4255 685 4309 modus
702 4261 776 4310 recte
789 4255 871 4310 habet
888 4263 916 4309 et
933 4261 976 4310 ost
993 4255 1111 4310 canulis
1123 4271 1173 4310 scu
1186 4254 1388 4323 uchetypicus:
1408 4251 1519 4306 eaedem
1536 4251 1607 4306 enim
1627 4252 1630 4268 ¹

261 4344 324 4392 sunt
342 4334 499 4392 harmoniae
517 4334 679 4402 abstractae,
698 4341 726 4388 et
744 4349 813 4402 quae
832 4335 903 4390 inter
920 4341 1010 4389 motus
1028 4335 1152 4390 binorum
1170 4334 1340 4404 planetarum
1359 4339 1495 4386 extremos
1513 4346 1530 4386 a
1547 4332 1607 4386 Doo

261 4415 371 4470 luerunt
387 4419 515 4480 statutae,
534 4419 561 4466 et
579 4424 649 4480 quae
667 4412 771 4468 uuimse
790 4412 923 4468 humanae
939 4411 1128 4483 implantatae,
1148 4423 1179 4468 ut
1196 4413 1257 4470 illas
1273 4413 1344 4468 inter
1362 4426 1443 4465 voces
1460 4425 1605 4481 recognos-

262 4502 334 4552 aeret
352 4500 379 4548 et
397 4491 532 4562 probaret.

348 4591 421 4646 Nota
438 4589 510 4644 llIV.
545 4587 607 4642 Etsi
631 4586 676 4644 hic
698 4589 878 4644 secernuntur
901 4583 1007 4654 aliquae
1027 4583 1198 4653 planetarum
1222 4584 1393 4640 harmonicae
1417 4585 1606 4654 proportiones

263 4683 317 4722 non
333 4667 387 4722 alia
406 4683 447 4737 re,
464 4667 517 4722 nisi
535 4666 692 4722 diversitate
711 4664 886 4718 terminorum
905 4678 989 4718 causa
1006 4663 1135 4732 epicyoli,
1153 4663 1225 4734 quod
1245 4661 1403 4718 altrinsecus
1422 4670 1496 4718 sunt
1512 4663 1606 4734 planc-

264 4754 318 4816 tae,
336 4747 434 4820 quibua
452 4747 589 4820 epicyclus
606 4753 657 4816 est,
676 4744 812 4814 ereglone
824 4742 960 4814 planetae,
978 4742 1025 4816 qui
1044 4751 1140 4800 carent
1157 4743 1278 4820 epicyclo
1296 4741 1353 4812 tali,
1372 4741 1418 4820 qui
1436 4738 1607 4820 superiusiu
