3676 5536
292 321 355 382 256
703 320 745 377 De
762 319 1025 390 comssationibus
1043 315 1222 378 Harmonicis.

291 495 465 573 loimisque,
497 515 573 574 quae
601 499 719 576 igneum
742 499 813 576 quid
834 506 918 576 sunt,
948 501 1126 579 progenitus.
1171 497 1248 560 Vide
1272 496 1378 576 Optica
1400 515 1483 573 mea,
1515 497 1564 558 iol.
1589 495 1640 570 25,

293 585 345 657 ac,
369 588 419 642 nv.
456 589 498 656 (n.
521 589 569 644 rra
588 591 617 658 r.)
1345 633 1356 646 .

378 671 462 730 Hanc
489 676 604 734 animae
627 674 752 735 Telluris
781 674 872 734 veluti
901 676 1052 734 materiam
1083 673 1312 748 assignabimus,
1343 676 1371 731 in
1401 689 1490 748 quam
1517 671 1580 747 jam
1603 671 1642 728 sit

292 759 433 837 impressa
456 757 521 820 loco
544 762 654 822 formae
678 764 775 839 imago
808 763 907 822 vultus
930 761 1030 836 divini,
1054 778 1119 820 cum
1142 762 1214 820 ideis
1231 771 1290 820 tam
1315 759 1414 820 circuli
1436 762 1641 833 rationumque

291 846 354 921 ejus
377 849 515 922 omnium,
538 865 625 924 quam
648 851 777 926 corporis
797 854 845 910 sui
867 849 992 924 sensilis,
1015 852 1060 908 cui
1085 847 1212 926 regendo
1236 849 1382 927 praelecta
1404 856 1457 922 est,
1481 845 1640 921 mundique

291 933 366 992 adco
391 938 489 1008 totius,
514 938 542 992 in
566 953 625 1012 quo
648 954 753 1013 corpus
777 939 838 1015 ejus
862 937 989 997 futurum
1014 945 1084 996 crat.
1129 937 1229 996 Habet
1259 939 1333 996 euim
1359 937 1440 994 Deus
1462 953 1520 995 non
1541 950 1641 994 ezem-

290 1021 384 1096 plaria
407 1029 518 1081 tanturn
541 1026 719 1099 geometrica
741 1016 849 1097 secum,
872 1025 924 1084 sed
947 1028 1035 1084 ctiam
1051 1033 1208 1100 conceptus
1231 1023 1419 1084 creandarum
1442 1025 1571 1083 omnium
1594 1037 1642 1080 re-

291 1127 354 1166 rum
378 1110 541 1180 sensilium,
573 1127 649 1186 quae
672 1115 770 1171 omnia
793 1112 879 1171 simul
901 1119 1053 1170 transeunt
1076 1113 1103 1168 in
1127 1114 1252 1184 anirnas,
1287 1112 1342 1170 Dei
1365 1111 1557 1186 exemplaria,
1588 1123 1640 1184 pro

292 1196 433 1273 cujusque
455 1198 503 1258 vel
527 1208 615 1274 captu
639 1199 687 1258 vel
710 1217 774 1258 usu.
798 1199 920 1259 Relucet
943 1201 1030 1275 igitur
1054 1199 1082 1254 in
1105 1201 1202 1258 anima
1225 1197 1351 1258 Telluris
1374 1201 1473 1274 imago
1496 1195 1641 1274 quaedam

291 1284 390 1344 circuli
412 1284 526 1344 zodiaci
547 1287 694 1346 sensibilis
709 1291 858 1363 totiusque
874 1286 949 1346 adeo
964 1286 1147 1360 firmamenti,
1170 1286 1317 1346 vinculum
1340 1285 1523 1362 sympathiae
1546 1300 1641 1344 rerum

291 1371 463 1456 coelestium
486 1381 515 1432 et
535 1376 730 1449 terrestrium,
759 1374 888 1434 relucent
915 1374 1007 1433 multo
1037 1377 1163 1432 maxime
1193 1375 1222 1430 in
1252 1375 1304 1432 illa
1334 1373 1484 1450 archetypi
1513 1373 1641 1431 omnium

207 1526 212 1539 .
291 1459 382 1536 ipsius
406 1462 571 1519 munierum
594 1464 781 1537 omniumque
803 1469 948 1534 motuum,
978 1461 1084 1537 quibus
1116 1477 1228 1537 corpus,
1249 1479 1331 1520 suum
1356 1477 1530 1536 quocunque
1552 1475 1640 1518 sensu

217 1601 229 1610 .
291 1556 422 1623 moveat,
452 1565 539 1624 quam
562 1547 612 1608 alii
635 1555 767 1623 deerrare,
800 1566 855 1625 ego
879 1546 1019 1628 ivepysrur
1047 1547 1195 1607 lubentius
1225 1550 1445 1610 nominaverim.
1493 1549 1542 1606 Est
1564 1547 1640 1606 enirn

290 1637 453 1694 animarum
474 1639 601 1696 essentie
623 1635 708 1710 haec,
740 1643 785 1696 est
806 1637 899 1697 veluti
922 1631 999 1714 ῥυσις
1021 1635 1165 1711 quaedam
1195 1636 1282 1712 hujus
1304 1637 1437 1702 flammae
1460 1637 1532 1706 ista,
1561 1633 1640 1710 quod

290 1739 405 1798 semper
426 1726 468 1783 ita
489 1732 558 1782 sunt
580 1733 765 1800 comparatae
788 1741 886 1786 secum
909 1725 1024 1784 animas
1048 1725 1130 1800 ipsae
1152 1725 1242 1796 intus,
1274 1740 1309 1783 ac
1331 1727 1355 1782 si
1379 1731 1498 1801 agerent
1520 1721 1565 1796 id,
1579 1721 1640 1786 ,cui

290 1810 574 1887 peragendoiactae
597 1821 679 1884 sunt,
696 1813 775 1870 'sive
798 1817 865 1870 actu
888 1814 1035 1889 potiantur
1065 1813 1262 1870 instrumentis
1286 1814 1429 1888 corporis,
1460 1811 1523 1870 sive
1546 1812 1641 1885 impe-

291 1895 415 1956 dlautur.
461 1897 544 1958 Deos
567 1901 674 1976 quippe
700 1907 749 1958 'est
775 1899 978 1958 substantialis
1010 1901 1128 1974 energia
1150 1906 1178 1958 et
1201 1901 1265 1974 ipsa
1288 1898 1343 1959 lrac
1366 1899 1485 1972 energia
1507 1897 1641 1956 subsistit

251 1987 255 2004 ¹
291 1986 338 2059 (ut
361 1983 397 2044 de
421 1983 528 2045 divinis
551 1985 679 2044 humano
702 2003 781 2044 more
804 1981 1000 2068 balbutiam),
1031 1995 1060 2044 ct
1090 1987 1226 2060 imaginis
1255 1987 1356 2061 igitur·
1373 1985 1491 2046 divinae
1514 1983 1642 2044 essentia

288 2069 320 2144 dv
341 2093 383 2148 sq>
406 2068 526 2151 ircpyers
548 2076 691 2151 consistit,
715 2083 747 2132 ut
769 2072 903 2133 dammae
926 2072 955 2134 ἐν
969 2095 1010 2149 τῳ
1033 2068 1126 2153 posse:
1151 2081 1182 2132 ut
1205 2074 1260 2131 nisi
1283 2073 1365 2132 Deus
1388 2080 1536 2133 aeternum
1559 2070 1640 2130 illam

291 2165 486 2221 sustentasset
507 2160 672 2220 irradiando
696 2161 761 2236 ejus
784 2161 874 2220 veluti
898 2163 1062 2232 materiam,
1095 2161 1193 2218 subito
1216 2159 1345 2220 desitura
1371 2158 1641 2235 exstinguendaqne

289 2245 384 2310 luerit.
430 2244 605 2324 Quanquam
628 2248 666 2308 ad
688 2247 928 2308 individuationis
951 2266 1022 2308 suae
1045 2249 1218 2324 principium
1240 2264 1299 2306 non
1322 2256 1433 2306 tantum
1457 2263 1570 2323 corpus,
1595 2247 1641 2305 cui

290 2333 417 2410 regendo
441 2335 614 2412 praeficitur,
638 2335 690 2395 sed
713 2339 800 2395 etiam
817 2335 891 2395 haec
913 2338 978 2412 ipsa
994 2333 1153 2394 materialis
1176 2329 1281 2414 (quam
1296 2338 1376 2411 prius
1392 2329 1548 2416 descripsi)
1572 2349 1641 2409 par·

290 2421 380 2482 ticula
403 2426 447 2480 sui
470 2427 642 2499 requiratur,
666 2422 848 2502 distinguens
871 2421 951 2481 illam
974 2441 992 2482 a
1015 2423 1119 2482 ceteris
1142 2424 1305 2482 animabus.

378 2507 529 2583 Quatenus
552 2512 641 2585 igitur
662 2509 736 2568 baec
758 2513 856 2570 anima
878 2508 977 2568 circuli
1000 2509 1115 2569 zodiaci
1136 2525 1188 2568 seu
1211 2511 1306 2586 potius
1331 2510 1393 2585 ejus
1427 2509 1517 2568 centri
1546 2511 1641 2583 gestat

292 2594 395 2669 ideam,
420 2599 601 2674 persentiscit
623 2598 738 2675 etiam,
753 2598 804 2672 qui
826 2596 945 2676 planeta
967 2600 1073 2672 quovis
1096 2603 1226 2672 tempore
1250 2598 1305 2654 sub
1329 2613 1387 2674 quo
1409 2595 1523 2655 zodiaci
1546 2583 1639 2670 gradu

291 2690 422 2742 versetur
443 2684 624 2761 angulosque
648 2683 856 2756 radisbonam,
881 2687 1047 2744 coeuntium
1070 2686 1099 2742 in
1122 2682 1223 2763 Terra,
1245 2686 1376 2759 metitur;
1400 2690 1547 2760 quatenus
1570 2696 1640 2740 vero

291 2787 326 2828 ex
349 2769 475 2830 Divinas
505 2773 648 2832 essentiae
677 2770 863 2830 irradiatione
893 2774 1021 2832 rationes
1050 2770 1150 2831 circuli
1178 2774 1369 2848 geometricas
1400 2778 1429 2830 et
1452 2765 1520 2852 (per
1542 2767 1641 2828 circuli

290 2859 536 2932 comparationem
561 2875 625 2918 cum
648 2861 735 2918 certis
757 2861 818 2918 suis
840 2853 987 2941 partibus)
1007 2858 1174 2919 harmonias
1197 2858 1400 2936 archetypales
1422 2858 1560 2934 suscepit,
1582 2871 1640 2914 non

289 2960 361 3020 pure
385 2945 502 3021 quidem
524 2949 731 3024 geometricas,
763 2945 815 3005 ssd
846 2946 1041 3006 radiationum
1071 2946 1234 3006 lucidarum
1258 2947 1349 3006 veluti
1370 2961 1489 3004 uaccam
1514 2941 1641 3020 quodam

290 3029 441 3100 inductas,
465 3036 524 3092 imo
546 3037 663 3110 penitus
686 3027 829 3107 imbutas,
861 3050 1012 3094 mensuras
1035 3037 1124 3094 etiam
1146 3032 1319 3111 angulorum
1339 3035 1400 3110 iam
1424 3034 1555 3108 agnitas,
1588 3030 1641 3090 iras

291 3134 434 3195 congruas
457 3138 509 3180 ssu
533 3119 729 3194 harmonicas,
762 3120 831 3180 illas
855 3123 1029 3198 incongruas
1053 3121 1181 3198 judicat;
1210 3131 1354 3197 quatenus
1384 3120 1509 3196 denique
1540 3116 1641 3178 eadem

292 3207 390 3266 anima
413 3207 564 3285 complexa
587 3216 630 3268 est
653 3207 735 3268 ideas
756 3226 875 3268 snorum
904 3227 1023 3284 operum
1055 3213 1192 3284 (quorum
1222 3208 1450 3284 uniuscujusque
1480 3224 1570 3266 causa
1591 3204 1642 3264 illa

291 3299 335 3352 est
359 3294 450 3354 veluti
473 3296 597 3355 circulus
620 3295 740 3372 quidam
763 3295 956 3374 operativus),
981 3298 1010 3354 in
1034 3294 1084 3354 illa
1107 3299 1196 3354 etiarn
1219 3312 1274 3354 rua
1296 3313 1386 3372 opera
1409 3311 1522 3371 semper
1544 3294 1641 3362 lertur,

290 3383 433 3458 insignius
457 3390 553 3443 tamen
578 3392 655 3457 tunc,
679 3386 706 3442 si
727 3391 785 3443 tres
808 3384 837 3441 hi
854 3381 952 3444 circuli
975 3385 1170 3444 concurrerint
1192 3390 1221 3443 et
1237 3384 1467 3461 conspiraverint
1489 3385 1517 3438 in
1542 3397 1640 3453 unum,

290 3467 346 3528 hoc
369 3480 414 3529 est
435 3472 461 3530 si
483 3473 589 3546 anima,
614 3487 666 3548 per
680 3478 815 3547 aspectus
839 3475 884 3530 sui
907 3473 999 3548 ipsius
1015 3469 1173 3540 admonita,
1198 3473 1277 3546 operi
1301 3486 1355 3530 suo
1378 3487 1444 3530 curn
1466 3469 1566 3545 aliquo
1589 3484 1641 3528 ex·

292 3573 376 3616 cessu
401 3560 546 3622 institerit.
591 3557 748 3636 Nunquam
772 3559 890 3634 quidem
912 3559 964 3618 illa
986 3567 1083 3618 cessat
1105 3577 1123 3617 a
1147 3557 1316 3634 coquendo,
1340 3575 1393 3616 nec
1415 3574 1546 3632 unquam
1568 3556 1640 3614 baec

291 3652 411 3705 coctura
432 3652 477 3706 est
498 3649 561 3707 sine
583 3646 663 3706 lumo
686 3653 715 3708 et
732 3663 850 3722 vapore,
874 3647 944 3722 quin
960 3663 995 3706 ex
1017 3645 1097 3705 sumo
1112 3645 1225 3704 lossilia
1247 3645 1320 3704 fiunt
1341 3639 1391 3726 (ut
1412 3661 1448 3704 ex
1471 3645 1558 3703 imnis
1581 3643 1640 3702 ior-

293 3748 398 3791 nacum
420 3735 633 3794 metallicarum
654 3735 788 3794 consistit
810 3727 1001 3814 arsenicum),
1024 3750 1060 3794 cx
1083 3751 1191 3810 vapore
1216 3750 1285 3792 vcro
1308 3731 1417 3809 tepido,
1441 3735 1520 3790 intus
1543 3733 1572 3788 in
1595 3729 1640 3788 la·

290 3817 401 3894 pidosis
424 3819 531 3882 Terrae
554 3822 655 3882 crustis
677 3821 845 3897 refrigerato
868 3823 956 3897 inque
979 3827 1078 3895 guttas
1101 3829 1219 3893 coacto,
1245 3821 1363 3879 flumina
1385 3819 1424 3879 ad
1445 3837 1515 3878 suas
1538 3815 1639 3877 destil-

290 3907 354 3966 lant
375 3909 510 3984 origines,
535 3927 571 3968 ex
594 3909 705 3981 eodem,
729 3910 807 3968 foras
829 3925 918 3985 supra
940 3907 1048 3968 Terras
1071 3907 1252 3986 superficiem
1276 3911 1450 3984 exspirante,
1475 3911 1525 3966 aiir
1546 3907 1640 3982 spira-

289 3994 367 4068 bilis,
391 3999 443 4071 qui
467 4013 517 4073 per
539 4003 653 4056 noctem
675 3997 806 4055 inroras
829 3997 927 4055 coiens
951 3994 1109 4068 deciderat,
1133 3995 1264 4070 quotidie
1286 4007 1452 4054 renovatur.
1483 3994 1549 4053 Hoc
1572 4007 1639 4050 vero

290 4084 405 4150 animae
429 4083 535 4143 Terrae
558 4100 632 4159 opus
655 4085 710 4142 etsi
731 4091 904 4160 perpetuum
928 4090 988 4157 cst,
1011 4099 1084 4160 opus
1108 4089 1205 4142 tamen
1228 4083 1282 4144 iuit
1305 4083 1472 4142 excessibus
1494 4081 1638 4157 aliquibus

291 4169 321 4226 in
345 4171 543 4246 evaporando,
566 4188 624 4231 non
640 4172 787 4230 continuis
811 4178 872 4230 toto
888 4169 989 4246 aliquo
1012 4178 1151 4246 tempore,
1175 4170 1227 4228 sed
1250 4169 1288 4228 ad
1311 4177 1404 4228 certos
1422 4169 1484 4228 dies
1506 4167 1638 4236 redactis,

291 4264 323 4314 ut
345 4275 381 4317 ex
404 4262 490 4336 copia
512 4275 653 4335 vaporum
675 4261 752 4317 iores
776 4260 898 4317 emissae
926 4257 1044 4334 pluviae
1071 4260 1271 4334 tempestivas,
1294 4257 1406 4319 solibus
1429 4265 1527 4316 tamen
1551 4259 1639 4314 inter-

292 4346 487 4421 currentibus,
517 4346 787 4426 suppeditarentur,
821 4346 986 4422 superficiei
1008 4342 1115 4404 Terrae
1141 4343 1348 4404 refocillandas
1371 4343 1638 4418 humectaudaequc

292 4443 390 4506 causa,
413 4433 490 4494 unde
512 4435 610 4511 fruges
633 4442 662 4492 et
683 4433 795 4509 pabula
817 4434 1015 4492 animantibus
1038 4449 1219 4492 succrescere
1242 4440 1371 4508 possent.

378 4517 513 4595 Objicere
536 4525 601 4598 quis
624 4521 694 4579 milri
718 4530 818 4598 posset
842 4520 957 4581 Africae
979 4527 1009 4580 et
1030 4519 1182 4579 Peruanaa
1206 4521 1397 4597 penitissima,
1419 4518 1514 4578 lineae
1537 4516 1638 4592 acqui·

290 4605 411 4665 noctiali
433 4609 574 4685 subjecta,
598 4609 705 4685 quibus
728 4608 802 4669 locis
818 4611 972 4670 continuae
994 4607 1113 4686 pluviae
1137 4625 1188 4684 per
1207 4617 1300 4666 comm
1323 4613 1463 4666 aestatem
1486 4603 1638 4674 decidunt;

290 4692 341 4752 ubi
365 4694 452 4770 igitur
474 4697 521 4756 lric
544 4695 692 4756 distinctio
720 4703 892 4773 aspectuum
923 4693 1239 4770 aconflgurationibus
1266 4691 1488 4754 inefficacibusi
1520 4693 1571 4750 ubi
1594 4689 1638 4748 vi-

289 4781 474 4842 cissitudines
502 4781 611 4844 solium
632 4791 663 4845 et
685 4783 845 4846 imbrium?
875 4791 905 4844 et
934 4801 973 4844 an
1000 4799 1059 4844 non
1089 4799 1190 4844 cursura
1222 4781 1319 4858 Solis,
1347 4781 1484 4859 planetae
1506 4777 1637 4850 solitarii,
