<?xml version="1.0" encoding="UTF-8"?>
<!DOCTYPE html PUBLIC "-//W3C//DTD XHTML 1.0 Transitional//EN"
    "http://www.w3.org/TR/xhtml1/DTD/xhtml1-transitional.dtd">
<html xmlns="http://www.w3.org/1999/xhtml" xml:lang="en" lang="en">
 <head>
  <title>
</title>
<meta http-equiv="Content-Type" content="text/html;charset=utf-8" />
  <meta name='ocr-system' content='tesseract 3.04.00' />
  <meta name='ocr-capabilities' content='ocr_page ocr_carea ocr_par ocr_line ocrx_word'/>
</head>
<body>
  <div class='ocr_page' id='page_1' title='image "./joanniskepleria26frisgoog_0026.png"; bbox 0 0 3480 5548; ppageno 0'>
   <div class='ocr_carea' id='block_1_1' title="bbox 606 393 1442 472">
    <p class='ocr_par' dir='ltr' id='par_1_1' title="bbox 606 393 1442 472">
     <span class='ocr_line' id='line_1_1' title="bbox 606 393 1442 472; baseline 0.004 -5"><span class='ocrx_word' id='word_1_1' title='bbox 606 403 634 458; x_wconf 87' lang='lat' dir='ltr'>in</span> <span class='ocrx_word' id='word_1_2' title='bbox 651 402 825 469; x_wconf 76' lang='lat' dir='ltr'>Htmouitu</span> <span class='ocrx_word' id='word_1_3' title='bbox 841 393 945 472; x_wconf 69' lang='lat' dir='ltr'>Mundi.</span> <span class='ocrx_word' id='word_1_4' title='bbox 1403 407 1442 472; x_wconf 78' lang='lat' dir='ltr'>rt</span> 
     </span>
    </p>
   </div>
   <div class='ocr_carea' id='block_1_2' title="bbox 102 577 1482 1446">
    <p class='ocr_par' dir='ltr' id='par_1_2' title="bbox 102 577 1482 1446">
     <span class='ocr_line' id='line_1_2' title="bbox 104 577 1444 659; baseline 0 -19"><span class='ocrx_word' id='word_1_5' title='bbox 104 583 195 641; x_wconf 90' lang='lat' dir='ltr'>cuitus</span> <span class='ocrx_word' id='word_1_6' title='bbox 218 581 381 658; x_wconf 72' lang='lat' dir='ltr'>quadrante</span> <span class='ocrx_word' id='word_1_7' title='bbox 402 595 422 645; x_wconf 90' lang='lat' dir='ltr'>a</span> <span class='ocrx_word' id='word_1_8' title='bbox 443 594 498 642; x_wconf 89' lang='lat' dir='ltr'>suo</span> <span class='ocrx_word' id='word_1_9' title='bbox 519 581 651 659; x_wconf 87' lang='lat' dir='ltr'>aphelio,</span> <span class='ocrx_word' id='word_1_10' title='bbox 680 584 811 658; x_wconf 89' lang='lat' dir='ltr'>praecise</span> <span class='ocrx_word' id='word_1_11' title='bbox 840 581 983 651; x_wconf 82' lang='lat' dir='ltr'>mediocre</span> <span class='ocrx_word' id='word_1_12' title='bbox 1010 580 1100 644; x_wconf 87' lang='lat' dir='ltr'>habat</span> <span class='ocrx_word' id='word_1_13' title='bbox 1127 578 1313 643; x_wconf 79' lang='lat' dir='ltr'>intervallum</span> <span class='ocrx_word' id='word_1_14' title='bbox 1335 598 1353 640; x_wconf 91' lang='lat' dir='ltr'>a</span> <span class='ocrx_word' id='word_1_15' title='bbox 1375 577 1444 642; x_wconf 86' lang='lat' dir='ltr'>Sole</span> 
     </span>
     <span class='ocr_line' id='line_1_3' title="bbox 102 664 1445 750; baseline 0.001 -25"><span class='ocrx_word' id='word_1_16' title='bbox 102 671 174 727; x_wconf 90' lang='lat' dir='ltr'>inter</span> <span class='ocrx_word' id='word_1_17' title='bbox 195 672 357 733; x_wconf 88' lang='lat' dir='ltr'>maximum</span> <span class='ocrx_word' id='word_1_18' title='bbox 380 669 409 730; x_wconf 90' lang='lat' dir='ltr'>in</span> <span class='ocrx_word' id='word_1_19' title='bbox 431 669 549 746; x_wconf 87' lang='lat' dir='ltr'>aphelio</span> <span class='ocrx_word' id='word_1_20' title='bbox 571 677 601 730; x_wconf 88' lang='lat' dir='ltr'>et</span> <span class='ocrx_word' id='word_1_21' title='bbox 622 671 770 731; x_wconf 87' lang='lat' dir='ltr'>minimum</span> <span class='ocrx_word' id='word_1_22' title='bbox 785 671 815 726; x_wconf 89' lang='lat' dir='ltr'>in</span> <span class='ocrx_word' id='word_1_23' title='bbox 836 667 992 746; x_wconf 77' lang='lat' dir='ltr'>periboli03</span> <span class='ocrx_word' id='word_1_24' title='bbox 1016 664 1050 750; x_wconf 82' lang='lat' dir='ltr'>b)</span> <span class='ocrx_word' id='word_1_25' title='bbox 1074 667 1192 728; x_wconf 88' lang='lat' dir='ltr'>diurnus</span> <span class='ocrx_word' id='word_1_26' title='bbox 1214 668 1327 731; x_wconf 89' lang='lat' dir='ltr'>medius</span> <span class='ocrx_word' id='word_1_27' title='bbox 1348 675 1445 730; x_wconf 84' lang='lat' dir='ltr'>motus</span> 
     </span>
     <span class='ocr_line' id='line_1_4' title="bbox 103 755 1444 832; baseline 0.001 -20"><span class='ocrx_word' id='word_1_28' title='bbox 103 757 129 812; x_wconf 90' lang='lat' dir='ltr'>in</span> <span class='ocrx_word' id='word_1_29' title='bbox 153 759 318 818; x_wconf 86' lang='lat' dir='ltr'>ecccntrioo</span> <span class='ocrx_word' id='word_1_30' title='bbox 340 756 417 818; x_wconf 88' lang='lat' dir='ltr'>idem</span> <span class='ocrx_word' id='word_1_31' title='bbox 439 764 483 818; x_wconf 89' lang='lat' dir='ltr'>est</span> <span class='ocrx_word' id='word_1_32' title='bbox 506 765 536 818; x_wconf 89' lang='lat' dir='ltr'>ot</span> <span class='ocrx_word' id='word_1_33' title='bbox 556 774 643 816; x_wconf 84' lang='lat' dir='ltr'>verus</span> <span class='ocrx_word' id='word_1_34' title='bbox 666 756 729 832; x_wconf 87' lang='lat' dir='ltr'>ejus</span> <span class='ocrx_word' id='word_1_35' title='bbox 752 759 904 822; x_wconf 87' lang='lat' dir='ltr'>eccentrici</span> <span class='ocrx_word' id='word_1_36' title='bbox 934 773 1018 824; x_wconf 86' lang='lat' dir='ltr'>arcus</span> <span class='ocrx_word' id='word_1_37' title='bbox 1048 755 1167 826; x_wconf 77' lang='lat' dir='ltr'>dimone</span> <span class='ocrx_word' id='word_1_38' title='bbox 1195 755 1252 815; x_wconf 89' lang='lat' dir='ltr'>illis</span> <span class='ocrx_word' id='word_1_39' title='bbox 1280 758 1444 828; x_wconf 85' lang='lat' dir='ltr'>momentis,</span> 
     </span>
     <span class='ocr_line' id='line_1_5' title="bbox 103 842 1445 923; baseline 0.001 -23"><span class='ocrx_word' id='word_1_40' title='bbox 103 845 206 918; x_wconf 89' lang='lat' dir='ltr'>quibus</span> <span class='ocrx_word' id='word_1_41' title='bbox 229 846 351 921; x_wconf 88' lang='lat' dir='ltr'>planeta</span> <span class='ocrx_word' id='word_1_42' title='bbox 374 851 418 906; x_wconf 89' lang='lat' dir='ltr'>est</span> <span class='ocrx_word' id='word_1_43' title='bbox 439 847 470 902; x_wconf 91' lang='lat' dir='ltr'>in</span> <span class='ocrx_word' id='word_1_44' title='bbox 491 845 549 907; x_wconf 84' lang='lat' dir='ltr'>linc</span> <span class='ocrx_word' id='word_1_45' title='bbox 572 843 739 920; x_wconf 78' lang='lat' dir='ltr'><strong>quadrantis</strong></span> <span class='ocrx_word' id='word_1_46' title='bbox 763 845 924 918; x_wconf 87' lang='lat' dir='ltr'>eccentrioi,</span> <span class='ocrx_word' id='word_1_47' title='bbox 947 845 986 907; x_wconf 87' lang='lat' dir='ltr'>ab</span> <span class='ocrx_word' id='word_1_48' title='bbox 1000 842 1115 919; x_wconf 86' lang='lat' dir='ltr'>aphelio</span> <span class='ocrx_word' id='word_1_49' title='bbox 1132 846 1307 920; x_wconf 82' lang='lat' dir='ltr'>computati3</span> <span class='ocrx_word' id='word_1_50' title='bbox 1332 845 1366 923; x_wconf 88' lang='grc'>6)</span> <span class='ocrx_word' id='word_1_51' title='bbox 1387 843 1445 902; x_wconf 92' lang='lat' dir='ltr'>duo</span> 
     </span>
     <span class='ocr_line' id='line_1_6' title="bbox 102 929 1446 1008; baseline 0 -18"><span class='ocrx_word' id='word_1_52' title='bbox 102 947 183 990; x_wconf 82' lang='lat' dir='ltr'>mons</span> <span class='ocrx_word' id='word_1_53' title='bbox 213 934 369 992; x_wconf 90' lang='lat' dir='ltr'>ecccntriai</span> <span class='ocrx_word' id='word_1_54' title='bbox 399 932 506 1006; x_wconf 91' lang='lat' dir='ltr'>diurni,</span> <span class='ocrx_word' id='word_1_55' title='bbox 537 931 698 1007; x_wconf 88' lang='lat' dir='ltr'>aequaliter</span> <span class='ocrx_word' id='word_1_56' title='bbox 727 949 796 991; x_wconf 85' lang='lat' dir='ltr'>rere</span> <span class='ocrx_word' id='word_1_57' title='bbox 827 931 981 1003; x_wconf 89' lang='lat' dir='ltr'>distantes,</span> <span class='ocrx_word' id='word_1_58' title='bbox 1013 929 1086 989; x_wconf 86' lang='lat' dir='ltr'>alter</span> <span class='ocrx_word' id='word_1_59' title='bbox 1107 931 1144 998; x_wconf 89' lang='lat' dir='ltr'>ab</span> <span class='ocrx_word' id='word_1_60' title='bbox 1168 931 1300 1008; x_wconf 85' lang='lat' dir='ltr'>aphelio,</span> <span class='ocrx_word' id='word_1_61' title='bbox 1331 933 1446 991; x_wconf 88' lang='lat' dir='ltr'>altera</span> 
     </span>
     <span class='ocr_line' id='line_1_7' title="bbox 102 1013 1445 1098; baseline 0.001 -22"><span class='ocrx_word' id='word_1_62' title='bbox 102 1019 252 1094; x_wconf 84' lang='lat' dir='ltr'>peribolio,</span> <span class='ocrx_word' id='word_1_63' title='bbox 273 1019 368 1095; x_wconf 90' lang='lat' dir='ltr'>juncti</span> <span class='ocrx_word' id='word_1_64' title='bbox 390 1029 516 1096; x_wconf 85' lang='lat' dir='ltr'>aequant</span> <span class='ocrx_word' id='word_1_65' title='bbox 539 1019 657 1078; x_wconf 87' lang='lat' dir='ltr'>diurnos</span> <span class='ocrx_word' id='word_1_66' title='bbox 680 1018 791 1079; x_wconf 89' lang='lat' dir='ltr'>medios</span> <span class='ocrx_word' id='word_1_67' title='bbox 805 1025 917 1093; x_wconf 80' lang='lat' dir='ltr'>motus3</span> <span class='ocrx_word' id='word_1_68' title='bbox 943 1013 977 1098; x_wconf 81' lang='grc'>7)</span> <span class='ocrx_word' id='word_1_69' title='bbox 1001 1017 1099 1080; x_wconf 88' lang='lat' dir='ltr'>eadem</span> <span class='ocrx_word' id='word_1_70' title='bbox 1123 1024 1167 1078; x_wconf 89' lang='lat' dir='ltr'>ost</span> <span class='ocrx_word' id='word_1_71' title='bbox 1187 1021 1335 1095; x_wconf 73' lang='lat' dir='ltr'>proportio</span> <span class='ocrx_word' id='word_1_72' title='bbox 1358 1021 1445 1078; x_wconf 90' lang='lat' dir='ltr'>unius</span> 
     </span>
     <span class='ocr_line' id='line_1_8' title="bbox 103 1101 1466 1185; baseline 0.002 -23"><span class='ocrx_word' id='word_1_73' title='bbox 103 1101 194 1164; x_wconf 86' lang='lat' dir='ltr'>diurni</span> <span class='ocrx_word' id='word_1_74' title='bbox 217 1107 310 1168; x_wconf 87' lang='lat' dir='ltr'>medii</span> <span class='ocrx_word' id='word_1_75' title='bbox 332 1106 370 1166; x_wconf 88' lang='lat' dir='ltr'>ad</span> <span class='ocrx_word' id='word_1_76' title='bbox 391 1107 509 1185; x_wconf 88' lang='lat' dir='ltr'>junctos</span> <span class='ocrx_word' id='word_1_77' title='bbox 531 1106 642 1167; x_wconf 88' lang='lat' dir='ltr'>medios</span> <span class='ocrx_word' id='word_1_78' title='bbox 673 1123 772 1168; x_wconf 89' lang='lat' dir='ltr'>omnes</span> <span class='ocrx_word' id='word_1_79' title='bbox 799 1108 873 1166; x_wconf 86' lang='lat' dir='ltr'>inter</span> <span class='ocrx_word' id='word_1_80' title='bbox 903 1122 935 1165; x_wconf 88' lang='lat' dir='ltr'>se</span> <span class='ocrx_word' id='word_1_81' title='bbox 962 1104 1118 1180; x_wconf 86' lang='lat' dir='ltr'>aequales,</span> <span class='ocrx_word' id='word_1_82' title='bbox 1148 1114 1220 1180; x_wconf 87' lang='lat' dir='ltr'>quot</span> <span class='ocrx_word' id='word_1_83' title='bbox 1241 1113 1309 1166; x_wconf 88' lang='lat' dir='ltr'>sunt</span> <span class='ocrx_word' id='word_1_84' title='bbox 1331 1109 1360 1164; x_wconf 93' lang='lat' dir='ltr'>in</span> <span class='ocrx_word' id='word_1_85' title='bbox 1382 1113 1466 1166; x_wconf 27' lang='lat' dir='ltr'>totos</span> 
     </span>
     <span class='ocr_line' id='line_1_9' title="bbox 103 1192 1445 1270; baseline 0.001 -19"><span class='ocrx_word' id='word_1_86' title='bbox 103 1195 230 1270; x_wconf 88' lang='lat' dir='ltr'>circuitu,</span> <span class='ocrx_word' id='word_1_87' title='bbox 255 1211 333 1270; x_wconf 87' lang='lat' dir='ltr'>quae</span> <span class='ocrx_word' id='word_1_88' title='bbox 348 1201 394 1264; x_wconf 84' lang='lat' dir='ltr'>est</span> <span class='ocrx_word' id='word_1_89' title='bbox 407 1194 496 1257; x_wconf 89' lang='lat' dir='ltr'>medii</span> <span class='ocrx_word' id='word_1_90' title='bbox 512 1194 606 1253; x_wconf 91' lang='lat' dir='ltr'>diurni</span> <span class='ocrx_word' id='word_1_91' title='bbox 621 1192 659 1260; x_wconf 88' lang='lat' dir='ltr'>ad</span> <span class='ocrx_word' id='word_1_92' title='bbox 671 1194 788 1270; x_wconf 73' lang='lat' dir='ltr'>iunctos</span> <span class='ocrx_word' id='word_1_93' title='bbox 805 1210 889 1258; x_wconf 77' lang='lat' dir='ltr'>seros</span> <span class='ocrx_word' id='word_1_94' title='bbox 905 1209 1004 1255; x_wconf 86' lang='lat' dir='ltr'>omnes</span> <span class='ocrx_word' id='word_1_95' title='bbox 1019 1209 1104 1250; x_wconf 81' lang='lat' dir='ltr'>aroris</span> <span class='ocrx_word' id='word_1_96' title='bbox 1126 1195 1301 1255; x_wconf 87' lang='lat' dir='ltr'>eccentricos</span> <span class='ocrx_word' id='word_1_97' title='bbox 1324 1194 1445 1254; x_wconf 90' lang='lat' dir='ltr'>totidem</span> 
     </span>
     <span class='ocr_line' id='line_1_10' title="bbox 103 1276 1445 1362; baseline 0.004 -26"><span class='ocrx_word' id='word_1_98' title='bbox 103 1297 233 1356; x_wconf 75' lang='lat' dir='ltr'>nummo,</span> <span class='ocrx_word' id='word_1_99' title='bbox 267 1281 320 1348; x_wconf 87' lang='lat' dir='ltr'>scd</span> <span class='ocrx_word' id='word_1_100' title='bbox 343 1284 417 1346; x_wconf 87' lang='lat' dir='ltr'>inter</span> <span class='ocrx_word' id='word_1_101' title='bbox 438 1300 470 1350; x_wconf 83' lang='lat' dir='ltr'>se</span> <span class='ocrx_word' id='word_1_102' title='bbox 491 1281 676 1358; x_wconf 66' lang='lat' dir='ltr'>inaequalem</span> <span class='ocrx_word' id='word_1_103' title='bbox 708 1276 743 1362; x_wconf 86' lang='lat'>8)</span> <span class='ocrx_word' id='word_1_104' title='bbox 772 1283 921 1358; x_wconf 89' lang='lat' dir='ltr'>proportio</span> <span class='ocrx_word' id='word_1_105' title='bbox 952 1281 1153 1356; x_wconf 85' lang='lat' dir='ltr'>apparentium</span> <span class='ocrx_word' id='word_1_106' title='bbox 1177 1297 1212 1342; x_wconf 88' lang='lat' dir='ltr'>ort</span> <span class='ocrx_word' id='word_1_107' title='bbox 1235 1277 1303 1340; x_wconf 86' lang='lat' dir='ltr'>Sole</span> <span class='ocrx_word' id='word_1_108' title='bbox 1325 1299 1445 1342; x_wconf 77' lang='lat' dir='ltr'>menum</span> 
     </span>
     <span class='ocr_line' id='line_1_11' title="bbox 104 1367 1482 1446; baseline 0.001 -20"><span class='ocrx_word' id='word_1_109' title='bbox 104 1367 270 1441; x_wconf 81' lang='lat' dir='ltr'>diurnorum</span> <span class='ocrx_word' id='word_1_110' title='bbox 293 1371 379 1430; x_wconf 91' lang='lat' dir='ltr'>unius</span> <span class='ocrx_word' id='word_1_111' title='bbox 401 1371 553 1431; x_wconf 90' lang='lat' dir='ltr'>eccentrici</span> <span class='ocrx_word' id='word_1_112' title='bbox 576 1371 647 1433; x_wconf 85' lang='lat' dir='ltr'>satis</span> <span class='ocrx_word' id='word_1_113' title='bbox 669 1369 799 1445; x_wconf 85' lang='lat' dir='ltr'>praecise</span> <span class='ocrx_word' id='word_1_114' title='bbox 822 1368 912 1446; x_wconf 87' lang='lat' dir='ltr'>dupla</span> <span class='ocrx_word' id='word_1_115' title='bbox 934 1384 1036 1429; x_wconf 89' lang='lat' dir='ltr'>eversa</span> <span class='ocrx_word' id='word_1_116' title='bbox 1059 1375 1104 1428; x_wconf 90' lang='lat' dir='ltr'>est</span> <span class='ocrx_word' id='word_1_117' title='bbox 1116 1368 1310 1444; x_wconf 82' lang='lat' dir='ltr'>proportionis</span> <span class='ocrx_word' id='word_1_118' title='bbox 1327 1385 1445 1430; x_wconf 91' lang='lat' dir='ltr'>snorum</span> <span class='ocrx_word' id='word_1_119' title='bbox 1479 1419 1482 1428; x_wconf 80' lang='grc'>,</span> 
     </span>
    </p>
   </div>
   <div class='ocr_carea' id='block_1_3' title="bbox 104 1452 1547 1538">
    <p class='ocr_par' dir='ltr' id='par_1_3' title="bbox 104 1452 1547 1538">
     <span class='ocr_line' id='line_1_12' title="bbox 104 1452 1547 1538; baseline 0.002 -27"><span class='ocrx_word' id='word_1_120' title='bbox 104 1456 365 1517; x_wconf 73' lang='lat' dir='ltr'>intervallorum</span> <span class='ocrx_word' id='word_1_121' title='bbox 387 1456 456 1518; x_wconf 94' lang='lat' dir='ltr'>Sole</span> <span class='ocrx_word' id='word_1_122' title='bbox 487 1452 530 1538; x_wconf 88' lang='lat' dir='ltr'>(si</span> <span class='ocrx_word' id='word_1_123' title='bbox 552 1458 702 1523; x_wconf 88' lang='lat' dir='ltr'>eccentrioi</span> <span class='ocrx_word' id='word_1_124' title='bbox 726 1473 808 1515; x_wconf 87' lang='lat' dir='ltr'>arcus</span> <span class='ocrx_word' id='word_1_125' title='bbox 837 1473 895 1517; x_wconf 87' lang='lat' dir='ltr'>non</span> <span class='ocrx_word' id='word_1_126' title='bbox 924 1456 1022 1530; x_wconf 84' lang='lat' dir='ltr'>magni</span> <span class='ocrx_word' id='word_1_127' title='bbox 1051 1461 1132 1527; x_wconf 87' lang='lat' dir='ltr'>sunt,</span> <span class='ocrx_word' id='word_1_128' title='bbox 1156 1453 1360 1528; x_wconf 46' lang='lat' dir='ltr'>¹ecccntricitas</span> <span class='ocrx_word' id='word_1_129' title='bbox 1387 1473 1446 1515; x_wconf 92' lang='lat' dir='ltr'>non</span> <span class='ocrx_word' id='word_1_130' title='bbox 1544 1517 1547 1526; x_wconf 19' lang='grc' dir='ltr'><strong><em>Δ</em></strong></span> 
     </span>
    </p>
   </div>
   <div class='ocr_carea' id='block_1_4' title="bbox 100 1538 1509 4944">
    <p class='ocr_par' dir='ltr' id='par_1_4' title="bbox 103 1538 1448 1796">
     <span class='ocr_line' id='line_1_13' title="bbox 105 1538 1444 1624; baseline 0.001 -24"><span class='ocrx_word' id='word_1_131' title='bbox 105 1542 186 1604; x_wconf 86' lang='lat' dir='ltr'>valde</span> <span class='ocrx_word' id='word_1_132' title='bbox 215 1540 374 1624; x_wconf 82' lang='lat' dir='ltr'>magna)“.</span> <span class='ocrx_word' id='word_1_133' title='bbox 428 1543 484 1603; x_wconf 89' lang='lat' dir='ltr'>His</span> <span class='ocrx_word' id='word_1_134' title='bbox 514 1543 709 1610; x_wconf 72' lang='lat' dir='ltr'><strong>fundamentis</strong></span> <span class='ocrx_word' id='word_1_135' title='bbox 738 1541 853 1608; x_wconf 85' lang='lat' dir='ltr'>accedit</span> <span class='ocrx_word' id='word_1_136' title='bbox 880 1558 972 1618; x_wconf 83' lang='lat' dir='ltr'>nuper</span> <span class='ocrx_word' id='word_1_137' title='bbox 1001 1544 1169 1613; x_wconf 83' lang='lat' dir='ltr'>inuentum:</span> <span class='ocrx_word' id='word_1_138' title='bbox 1202 1538 1238 1622; x_wconf 87' lang='grc'>9)</span> <span class='ocrx_word' id='word_1_139' title='bbox 1270 1546 1444 1620; x_wconf 61' lang='lat' dir='ltr'>,proportio</span> 
     </span>
     <span class='ocr_line' id='line_1_14' title="bbox 105 1627 1448 1714; baseline 0.001 -26"><span class='ocrx_word' id='word_1_140' title='bbox 105 1647 175 1706; x_wconf 89' lang='lat' dir='ltr'>quae</span> <span class='ocrx_word' id='word_1_141' title='bbox 198 1641 245 1692; x_wconf 91' lang='lat' dir='ltr'>est</span> <span class='ocrx_word' id='word_1_142' title='bbox 269 1635 344 1691; x_wconf 89' lang='lat' dir='ltr'>inter</span> <span class='ocrx_word' id='word_1_143' title='bbox 365 1632 498 1692; x_wconf 91' lang='lat' dir='ltr'>binorum</span> <span class='ocrx_word' id='word_1_144' title='bbox 521 1631 703 1708; x_wconf 90' lang='lat' dir='ltr'>planetarum</span> <span class='ocrx_word' id='word_1_145' title='bbox 727 1637 858 1708; x_wconf 88' lang='lat' dir='ltr'>tempora</span> <span class='ocrx_word' id='word_1_146' title='bbox 872 1627 1029 1714; x_wconf 83' lang='lat' dir='ltr'>periodica,</span> <span class='ocrx_word' id='word_1_147' title='bbox 1053 1635 1098 1688; x_wconf 88' lang='lat' dir='ltr'>est</span> <span class='ocrx_word' id='word_1_148' title='bbox 1110 1631 1241 1706; x_wconf 80' lang='lat' dir='ltr'>pmecisc</span> <span class='ocrx_word' id='word_1_149' title='bbox 1256 1629 1448 1706; x_wconf 84' lang='lat' dir='ltr'>sesquialtera</span> 
     </span>
     <span class='ocr_line' id='line_1_15' title="bbox 103 1717 1149 1796; baseline -0.001 -21"><span class='ocrx_word' id='word_1_150' title='bbox 103 1721 298 1796; x_wconf 69' lang='lat' dir='ltr'>proportionis</span> <span class='ocrx_word' id='word_1_151' title='bbox 321 1719 479 1780; x_wconf 87' lang='lat' dir='ltr'>mediarum</span> <span class='ocrx_word' id='word_1_152' title='bbox 503 1718 714 1792; x_wconf 80' lang='lat' dir='ltr'>distantiarum,</span> <span class='ocrx_word' id='word_1_153' title='bbox 737 1717 767 1778; x_wconf 93' lang='lat' dir='ltr'>id</span> <span class='ocrx_word' id='word_1_154' title='bbox 789 1725 834 1781; x_wconf 86' lang='lat' dir='ltr'>aet</span> <span class='ocrx_word' id='word_1_155' title='bbox 855 1719 967 1778; x_wconf 89' lang='lat' dir='ltr'>orbium</span> <span class='ocrx_word' id='word_1_156' title='bbox 990 1717 1149 1794; x_wconf 45' lang='lat' dir='ltr'>iptorum&amp;</span> 
     </span>
    </p>

    <p class='ocr_par' dir='ltr' id='par_1_5' title="bbox 104 1801 1458 2936">
     <span class='ocr_line' id='line_1_16' title="bbox 211 1801 1447 1887; baseline -0.001 -21"><span class='ocrx_word' id='word_1_157' title='bbox 211 1805 269 1866; x_wconf 90' lang='lat' dir='ltr'>His</span> <span class='ocrx_word' id='word_1_158' title='bbox 298 1805 419 1884; x_wconf 78' lang='lat' dir='ltr'>legibus</span> <span class='ocrx_word' id='word_1_159' title='bbox 443 1814 681 1885; x_wconf 84' lang='lat' dir='ltr'>superstnruntur</span> <span class='ocrx_word' id='word_1_160' title='bbox 716 1804 771 1866; x_wconf 91' lang='lat' dir='ltr'>hae</span> <span class='ocrx_word' id='word_1_161' title='bbox 802 1807 935 1882; x_wconf 80' lang='lat' dir='ltr'>regulae:</span> <span class='ocrx_word' id='word_1_162' title='bbox 972 1801 1006 1887; x_wconf 86' lang='lat'>1)</span> <span class='ocrx_word' id='word_1_163' title='bbox 1038 1802 1275 1882; x_wconf 85' lang='lat' dir='ltr'>multiplicandus</span> <span class='ocrx_word' id='word_1_164' title='bbox 1305 1804 1447 1882; x_wconf 87' lang='lat' dir='ltr'>cujusque</span> 
     </span>
     <span class='ocr_line' id='line_1_17' title="bbox 104 1891 1448 1970; baseline 0.001 -20"><span class='ocrx_word' id='word_1_165' title='bbox 104 1891 236 1970; x_wconf 89' lang='lat' dir='ltr'>planetae</span> <span class='ocrx_word' id='word_1_166' title='bbox 264 1911 352 1954; x_wconf 86' lang='lat' dir='ltr'>arcus</span> <span class='ocrx_word' id='word_1_167' title='bbox 380 1912 467 1954; x_wconf 85' lang='lat' dir='ltr'>verns</span> <span class='ocrx_word' id='word_1_168' title='bbox 500 1893 619 1953; x_wconf 90' lang='lat' dir='ltr'>diurnus</span> <span class='ocrx_word' id='word_1_169' title='bbox 649 1895 676 1951; x_wconf 90' lang='lat' dir='ltr'>in</span> <span class='ocrx_word' id='word_1_170' title='bbox 707 1896 754 1952; x_wconf 90' lang='lat' dir='ltr'>sui</span> <span class='ocrx_word' id='word_1_171' title='bbox 785 1894 863 1954; x_wconf 88' lang='lat' dir='ltr'>orbis</span> <span class='ocrx_word' id='word_1_172' title='bbox 898 1893 1158 1964; x_wconf 81' lang='lat' dir='ltr'>semidiamatrum,</span> <span class='ocrx_word' id='word_1_173' title='bbox 1192 1891 1261 1956; x_wconf 83' lang='lat' dir='ltr'>hinc</span> <span class='ocrx_word' id='word_1_174' title='bbox 1290 1891 1448 1970; x_wconf 86' lang='lat' dir='ltr'>prodibunt</span> 
     </span>
     <span class='ocr_line' id='line_1_18' title="bbox 104 1979 1449 2058; baseline 0.001 -20"><span class='ocrx_word' id='word_1_175' title='bbox 104 1982 210 2040; x_wconf 88' lang='lat' dir='ltr'>numeri</span> <span class='ocrx_word' id='word_1_176' title='bbox 232 1981 333 2046; x_wconf 88' lang='lat' dir='ltr'>idonei</span> <span class='ocrx_word' id='word_1_177' title='bbox 354 1980 392 2050; x_wconf 82' lang='lat' dir='ltr'>ad</span> <span class='ocrx_word' id='word_1_178' title='bbox 415 1980 635 2058; x_wconf 83' lang='lat' dir='ltr'>exquirendum,</span> <span class='ocrx_word' id='word_1_179' title='bbox 666 1998 736 2040; x_wconf 91' lang='lat' dir='ltr'>num</span> <span class='ocrx_word' id='word_1_180' title='bbox 756 1981 860 2043; x_wconf 85' lang='lat' dir='ltr'>itinera</span> <span class='ocrx_word' id='word_1_181' title='bbox 887 1981 996 2041; x_wconf 83' lang='lat' dir='ltr'>iaciant</span> <span class='ocrx_word' id='word_1_182' title='bbox 1024 1981 1225 2056; x_wconf 77' lang='lat' dir='ltr'>proportiones</span> <span class='ocrx_word' id='word_1_183' title='bbox 1253 1979 1449 2044; x_wconf 63' lang='lat' dir='ltr'>harmonicam</span> 
     </span>
     <span class='ocr_line' id='line_1_19' title="bbox 105 2063 1458 2148; baseline 0.004 -25"><span class='ocrx_word' id='word_1_184' title='bbox 105 2063 137 2148; x_wconf 77' lang='lat' dir='ltr'>t)</span> <span class='ocrx_word' id='word_1_185' title='bbox 160 2067 356 2147; x_wconf 83' lang='lat' dir='ltr'>investigatio</span> <span class='ocrx_word' id='word_1_186' title='bbox 386 2063 585 2133; x_wconf 86' lang='lat' dir='ltr'>heliocentrici</span> <span class='ocrx_word' id='word_1_187' title='bbox 614 2076 710 2129; x_wconf 84' lang='lat' dir='ltr'>motas</span> <span class='ocrx_word' id='word_1_188' title='bbox 738 2085 789 2144; x_wconf 88' lang='lat' dir='ltr'>per</span> <span class='ocrx_word' id='word_1_189' title='bbox 816 2085 919 2129; x_wconf 86' lang='lat' dir='ltr'>verum</span> <span class='ocrx_word' id='word_1_190' title='bbox 946 2075 1056 2128; x_wconf 87' lang='lat' dir='ltr'>motum</span> <span class='ocrx_word' id='word_1_191' title='bbox 1085 2073 1115 2126; x_wconf 92' lang='lat' dir='ltr'>et</span> <span class='ocrx_word' id='word_1_192' title='bbox 1137 2067 1303 2130; x_wconf 68' lang='lat' dir='ltr'>distantiam</span> <span class='ocrx_word' id='word_1_193' title='bbox 1326 2085 1346 2127; x_wconf 87' lang='lat' dir='ltr'>a</span> <span class='ocrx_word' id='word_1_194' title='bbox 1366 2067 1458 2132; x_wconf 85' lang='lat' dir='ltr'>Sole..</span> 
     </span>
     <span class='ocr_line' id='line_1_20' title="bbox 106 2151 1444 2234; baseline 0.003 -22"><span class='ocrx_word' id='word_1_195' title='bbox 106 2151 138 2234; x_wconf 81' lang='lat'>3)</span> <span class='ocrx_word' id='word_1_196' title='bbox 160 2153 355 2232; x_wconf 83' lang='lat' dir='ltr'>Investigatio</span> <span class='ocrx_word' id='word_1_197' title='bbox 385 2156 589 2216; x_wconf 82' lang='lat' dir='ltr'>distantiarum</span> <span class='ocrx_word' id='word_1_198' title='bbox 619 2173 637 2214; x_wconf 89' lang='lat' dir='ltr'>a</span> <span class='ocrx_word' id='word_1_199' title='bbox 669 2154 737 2214; x_wconf 89' lang='lat' dir='ltr'>Sole</span> <span class='ocrx_word' id='word_1_200' title='bbox 775 2172 827 2232; x_wconf 86' lang='lat' dir='ltr'>per</span> <span class='ocrx_word' id='word_1_201' title='bbox 859 2155 1082 2216; x_wconf 86' lang='lat' dir='ltr'>heliocerrtricos</span> <span class='ocrx_word' id='word_1_202' title='bbox 1117 2153 1302 2229; x_wconf 85' lang='lat' dir='ltr'>quotidianos</span> <span class='ocrx_word' id='word_1_203' title='bbox 1340 2164 1444 2216; x_wconf 87' lang='lat' dir='ltr'>motus.</span> 
     </span>
     <span class='ocr_line' id='line_1_21' title="bbox 104 2239 1446 2330; baseline 0.004 -32"><span class='ocrx_word' id='word_1_204' title='bbox 104 2239 202 2303; x_wconf 85' lang='lat' dir='ltr'>Sumto</span> <span class='ocrx_word' id='word_1_205' title='bbox 226 2243 331 2304; x_wconf 90' lang='lat' dir='ltr'>medio</span> <span class='ocrx_word' id='word_1_206' title='bbox 348 2243 560 2330; x_wconf 83' lang='lat' dir='ltr'>proportionali</span> <span class='ocrx_word' id='word_1_207' title='bbox 582 2245 656 2302; x_wconf 90' lang='lat' dir='ltr'>inter</span> <span class='ocrx_word' id='word_1_208' title='bbox 679 2249 788 2304; x_wconf 89' lang='lat' dir='ltr'>motum</span> <span class='ocrx_word' id='word_1_209' title='bbox 811 2242 958 2319; x_wconf 87' lang='lat' dir='ltr'>aphelium</span> <span class='ocrx_word' id='word_1_210' title='bbox 983 2242 1029 2301; x_wconf 90' lang='lat' dir='ltr'>vel</span> <span class='ocrx_word' id='word_1_211' title='bbox 1049 2240 1218 2321; x_wconf 90' lang='lat' dir='ltr'>perihelium</span> <span class='ocrx_word' id='word_1_212' title='bbox 1235 2251 1264 2303; x_wconf 89' lang='lat' dir='ltr'>et</span> <span class='ocrx_word' id='word_1_213' title='bbox 1277 2259 1361 2304; x_wconf 90' lang='lat' dir='ltr'>suum</span> <span class='ocrx_word' id='word_1_214' title='bbox 1382 2261 1446 2304; x_wconf 87' lang='lat' dir='ltr'>me-</span> 
     </span>
     <span class='ocr_line' id='line_1_22' title="bbox 105 2322 1447 2406; baseline 0.002 -20"><span class='ocrx_word' id='word_1_215' title='bbox 105 2327 193 2404; x_wconf 87' lang='lat' dir='ltr'>dium,</span> <span class='ocrx_word' id='word_1_216' title='bbox 222 2322 270 2389; x_wconf 84' lang='lat' dir='ltr'>fil·</span> <span class='ocrx_word' id='word_1_217' title='bbox 284 2337 320 2388; x_wconf 92' lang='lat' dir='ltr'>ut</span> <span class='ocrx_word' id='word_1_218' title='bbox 346 2330 403 2392; x_wconf 90' lang='lat' dir='ltr'>hoc</span> <span class='ocrx_word' id='word_1_219' title='bbox 431 2331 558 2390; x_wconf 89' lang='lat' dir='ltr'>medium</span> <span class='ocrx_word' id='word_1_220' title='bbox 575 2328 795 2406; x_wconf 83' lang='lat' dir='ltr'>proportionale</span> <span class='ocrx_word' id='word_1_221' title='bbox 818 2323 1122 2390; x_wconf 83' lang='lat' dir='ltr'>ad&#39;saminiametrun</span> <span class='ocrx_word' id='word_1_222' title='bbox 1145 2329 1237 2402; x_wconf 86' lang='lat' dir='ltr'>oriris,</span> <span class='ocrx_word' id='word_1_223' title='bbox 1257 2331 1312 2388; x_wconf 72' lang='lat' dir='ltr'>sic</span> <span class='ocrx_word' id='word_1_224' title='bbox 1334 2330 1447 2390; x_wconf 88' lang='lat' dir='ltr'>medius</span> 
     </span>
     <span class='ocr_line' id='line_1_23' title="bbox 104 2412 1448 2497; baseline 0.003 -24"><span class='ocrx_word' id='word_1_225' title='bbox 104 2426 194 2477; x_wconf 89' lang='lat' dir='ltr'>motus</span> <span class='ocrx_word' id='word_1_226' title='bbox 224 2418 263 2478; x_wconf 89' lang='lat' dir='ltr'>ad</span> <span class='ocrx_word' id='word_1_227' title='bbox 295 2417 463 2478; x_wconf 85' lang='lat' dir='ltr'>distantiam</span> <span class='ocrx_word' id='word_1_228' title='bbox 492 2421 663 2495; x_wconf 88' lang='lat' dir='ltr'>quaesitam.</span> <span class='ocrx_word' id='word_1_229' title='bbox 708 2412 744 2497; x_wconf 88' lang='lat'>4)</span> <span class='ocrx_word' id='word_1_230' title='bbox 773 2415 888 2484; x_wconf 86' lang='lat' dir='ltr'>Medius</span> <span class='ocrx_word' id='word_1_231' title='bbox 910 2425 1007 2479; x_wconf 91' lang='lat' dir='ltr'>motus</span> <span class='ocrx_word' id='word_1_232' title='bbox 1027 2416 1162 2494; x_wconf 84' lang='lat' dir='ltr'>planetae</span> <span class='ocrx_word' id='word_1_233' title='bbox 1185 2424 1229 2475; x_wconf 90' lang='lat' dir='ltr'>est</span> <span class='ocrx_word' id='word_1_234' title='bbox 1251 2419 1448 2478; x_wconf 83' lang='lat' dir='ltr'>tantominus</span> 
     </span>
     <span class='ocr_line' id='line_1_24' title="bbox 105 2503 1447 2580; baseline 0.003 -18"><span class='ocrx_word' id='word_1_235' title='bbox 105 2507 277 2578; x_wconf 87' lang='lat' dir='ltr'>geometrico</span> <span class='ocrx_word' id='word_1_236' title='bbox 302 2504 398 2564; x_wconf 90' lang='lat' dir='ltr'>medio</span> <span class='ocrx_word' id='word_1_237' title='bbox 420 2507 494 2565; x_wconf 90' lang='lat' dir='ltr'>inter</span> <span class='ocrx_word' id='word_1_238' title='bbox 516 2513 612 2565; x_wconf 89' lang='lat' dir='ltr'>motus</span> <span class='ocrx_word' id='word_1_239' title='bbox 635 2511 793 2576; x_wconf 75' lang='lat' dir='ltr'>extremos,</span> <span class='ocrx_word' id='word_1_240' title='bbox 825 2512 933 2580; x_wconf 89' lang='lat' dir='ltr'>quanto</span> <span class='ocrx_word' id='word_1_241' title='bbox 964 2503 1090 2564; x_wconf 90' lang='lat' dir='ltr'>medium</span> <span class='ocrx_word' id='word_1_242' title='bbox 1118 2505 1325 2580; x_wconf 79' lang='lat' dir='ltr'>geometricum</span> <span class='ocrx_word' id='word_1_243' title='bbox 1352 2509 1447 2567; x_wconf 89' lang='lat' dir='ltr'>minus</span> 
     </span>
     <span class='ocr_line' id='line_1_25' title="bbox 107 2587 1447 2672; baseline 0.003 -24"><span class='ocrx_word' id='word_1_244' title='bbox 107 2599 148 2648; x_wconf 89' lang='lat' dir='ltr'>est</span> <span class='ocrx_word' id='word_1_245' title='bbox 177 2610 267 2668; x_wconf 88' lang='lat' dir='ltr'>quam</span> <span class='ocrx_word' id='word_1_246' title='bbox 296 2591 424 2654; x_wconf 89' lang='lat' dir='ltr'>medium</span> <span class='ocrx_word' id='word_1_247' title='bbox 453 2594 527 2651; x_wconf 86' lang='lat' dir='ltr'>inter</span> <span class='ocrx_word' id='word_1_248' title='bbox 556 2600 719 2668; x_wconf 90' lang='lat' dir='ltr'>utrumque.</span> <span class='ocrx_word' id='word_1_249' title='bbox 766 2587 801 2672; x_wconf 78' lang='lat'>5)</span> <span class='ocrx_word' id='word_1_250' title='bbox 832 2589 1082 2666; x_wconf 82' lang='lat' dir='ltr'>Quemadmodum</span> <span class='ocrx_word' id='word_1_251' title='bbox 1110 2593 1258 2668; x_wconf 90' lang='lat' dir='ltr'>proportio</span> <span class='ocrx_word' id='word_1_252' title='bbox 1287 2591 1447 2657; x_wconf 84' lang='lat' dir='ltr'>mediorum</span> 
     </span>
     <span class='ocr_line' id='line_1_26' title="bbox 105 2675 1454 2764; baseline 0.004 -30"><span class='ocrx_word' id='word_1_253' title='bbox 105 2685 230 2741; x_wconf 90' lang='lat' dir='ltr'>motuum</span> <span class='ocrx_word' id='word_1_254' title='bbox 254 2683 285 2738; x_wconf 92' lang='lat' dir='ltr'>in</span> <span class='ocrx_word' id='word_1_255' title='bbox 310 2681 386 2739; x_wconf 93' lang='lat' dir='ltr'>binis</span> <span class='ocrx_word' id='word_1_256' title='bbox 409 2679 534 2764; x_wconf 86' lang='lat' dir='ltr'>planetis</span> <span class='ocrx_word' id='word_1_257' title='bbox 556 2687 601 2738; x_wconf 93' lang='lat' dir='ltr'>est</span> <span class='ocrx_word' id='word_1_258' title='bbox 623 2675 814 2755; x_wconf 87' lang='lat' dir='ltr'>sesquialtera</span> <span class='ocrx_word' id='word_1_259' title='bbox 836 2696 938 2740; x_wconf 89' lang='lat' dir='ltr'>eversa</span> <span class='ocrx_word' id='word_1_260' title='bbox 960 2681 1153 2756; x_wconf 89' lang='lat' dir='ltr'>proportionis</span> <span class='ocrx_word' id='word_1_261' title='bbox 1177 2678 1298 2752; x_wconf 84' lang='lat' dir='ltr'>orbium,</span> <span class='ocrx_word' id='word_1_262' title='bbox 1321 2681 1364 2740; x_wconf 90' lang='lat' dir='ltr'>sic</span> <span class='ocrx_word' id='word_1_263' title='bbox 1377 2697 1454 2758; x_wconf 78' lang='lat' dir='ltr'>pro-,</span> 
     </span>
     <span class='ocr_line' id='line_1_27' title="bbox 105 2766 1449 2846; baseline 0.003 -22"><span class='ocrx_word' id='word_1_264' title='bbox 105 2769 193 2840; x_wconf 92' lang='lat' dir='ltr'>portio</span> <span class='ocrx_word' id='word_1_265' title='bbox 217 2766 343 2826; x_wconf 90' lang='lat' dir='ltr'>duorum</span> <span class='ocrx_word' id='word_1_266' title='bbox 366 2771 567 2846; x_wconf 89' lang='lat' dir='ltr'>apparentium</span> <span class='ocrx_word' id='word_1_267' title='bbox 591 2768 827 2842; x_wconf 85' lang='lat' dir='ltr'>convcrgentium</span> <span class='ocrx_word' id='word_1_268' title='bbox 850 2779 1043 2828; x_wconf 84' lang='lat' dir='ltr'>extremorum</span> <span class='ocrx_word' id='word_1_269' title='bbox 1064 2773 1194 2827; x_wconf 91' lang='lat' dir='ltr'>motuum</span> <span class='ocrx_word' id='word_1_270' title='bbox 1216 2783 1330 2844; x_wconf 91' lang='lat' dir='ltr'>semper</span> <span class='ocrx_word' id='word_1_271' title='bbox 1352 2766 1449 2830; x_wconf 87' lang='lat' dir='ltr'>doflcit</span> 
     </span>
     <span class='ocr_line' id='line_1_28' title="bbox 105 2852 1447 2936; baseline 0.005 -28"><span class='ocrx_word' id='word_1_272' title='bbox 105 2868 122 2908; x_wconf 89' lang='lat' dir='ltr'>a</span> <span class='ocrx_word' id='word_1_273' title='bbox 142 2853 335 2930; x_wconf 86' lang='lat' dir='ltr'>sesquialtera</span> <span class='ocrx_word' id='word_1_274' title='bbox 357 2858 543 2931; x_wconf 81' lang='lat' dir='ltr'>proportione</span> <span class='ocrx_word' id='word_1_275' title='bbox 566 2853 792 2926; x_wconf 82' lang='lat' dir='ltr'>intervallorum,</span> <span class='ocrx_word' id='word_1_276' title='bbox 817 2852 876 2912; x_wconf 93' lang='lat' dir='ltr'>illis</span> <span class='ocrx_word' id='word_1_277' title='bbox 900 2857 1034 2916; x_wconf 80' lang='lat' dir='ltr'>extremis</span> <span class='ocrx_word' id='word_1_278' title='bbox 1056 2853 1182 2915; x_wconf 87' lang='lat' dir='ltr'>motibus</span> <span class='ocrx_word' id='word_1_279' title='bbox 1204 2855 1447 2936; x_wconf 86' lang='lat' dir='ltr'>respondentium.</span> 
     </span>
    </p>

    <p class='ocr_par' dir='ltr' id='par_1_6' title="bbox 100 2939 1509 4944">
     <span class='ocr_line' id='line_1_29' title="bbox 200 2939 1448 3020; baseline 0.001 -18"><span class='ocrx_word' id='word_1_280' title='bbox 200 2941 308 3020; x_wconf 84' lang='lat' dir='ltr'>Capite</span> <span class='ocrx_word' id='word_1_281' title='bbox 332 2950 434 3020; x_wconf 88' lang='lat' dir='ltr'>quarto</span> <span class='ocrx_word' id='word_1_282' title='bbox 457 2947 581 3019; x_wconf 91' lang='lat' dir='ltr'>primum</span> <span class='ocrx_word' id='word_1_283' title='bbox 604 2941 832 3016; x_wconf 89' lang='lat' dir='ltr'>demonstratur,</span> <span class='ocrx_word' id='word_1_284' title='bbox 865 2943 939 3002; x_wconf 90' lang='lat' dir='ltr'>inter</span> <span class='ocrx_word' id='word_1_285' title='bbox 960 2939 1123 3017; x_wconf 80' lang='lat' dir='ltr'>periodicos</span> <span class='ocrx_word' id='word_1_286' title='bbox 1147 2958 1246 3001; x_wconf 88' lang='lat' dir='ltr'>cursus</span> <span class='ocrx_word' id='word_1_287' title='bbox 1269 2943 1448 3020; x_wconf 83' lang='lat' dir='ltr'>singulorum</span> 
     </span>
     <span class='ocr_line' id='line_1_30' title="bbox 102 3025 1449 3108; baseline 0.006 -24"><span class='ocrx_word' id='word_1_288' title='bbox 102 3025 280 3102; x_wconf 86' lang='lat' dir='ltr'>planetarum</span> <span class='ocrx_word' id='word_1_289' title='bbox 303 3047 363 3089; x_wconf 91' lang='lat' dir='ltr'>non</span> <span class='ocrx_word' id='word_1_290' title='bbox 384 3047 447 3090; x_wconf 87' lang='lat' dir='ltr'>csse</span> <span class='ocrx_word' id='word_1_291' title='bbox 470 3030 651 3093; x_wconf 86' lang='lat' dir='ltr'>harmonicas</span> <span class='ocrx_word' id='word_1_292' title='bbox 673 3031 809 3100; x_wconf 88' lang='lat' dir='ltr'>rationes,</span> <span class='ocrx_word' id='word_1_293' title='bbox 834 3046 886 3088; x_wconf 90' lang='lat' dir='ltr'>nec</span> <span class='ocrx_word' id='word_1_294' title='bbox 908 3031 1002 3108; x_wconf 79' lang='lat' dir='ltr'>magis</span> <span class='ocrx_word' id='word_1_295' title='bbox 1024 3030 1098 3092; x_wconf 90' lang='lat' dir='ltr'>iuter</span> <span class='ocrx_word' id='word_1_296' title='bbox 1121 3045 1244 3104; x_wconf 85' lang='lat' dir='ltr'>corporo</span> <span class='ocrx_word' id='word_1_297' title='bbox 1266 3029 1449 3108; x_wconf 87' lang='lat' dir='ltr'>planetarum</span> 
     </span>
     <span class='ocr_line' id='line_1_31' title="bbox 102 3115 1448 3196; baseline 0.005 -27"><span class='ocrx_word' id='word_1_298' title='bbox 102 3115 237 3193; x_wconf 88' lang='lat' dir='ltr'>ipsorum,</span> <span class='ocrx_word' id='word_1_299' title='bbox 277 3134 352 3193; x_wconf 86' lang='lat' dir='ltr'>quac</span> <span class='ocrx_word' id='word_1_300' title='bbox 380 3116 524 3195; x_wconf 88' lang='lat' dir='ltr'>Keplerus</span> <span class='ocrx_word' id='word_1_301' title='bbox 551 3117 706 3195; x_wconf 90' lang='lat' dir='ltr'>periodicis</span> <span class='ocrx_word' id='word_1_302' title='bbox 735 3115 863 3175; x_wconf 91' lang='lat' dir='ltr'>motibus</span> <span class='ocrx_word' id='word_1_303' title='bbox 894 3116 1125 3196; x_wconf 79' lang='lat' dir='ltr'>proportionalia</span> <span class='ocrx_word' id='word_1_304' title='bbox 1152 3118 1243 3192; x_wconf 90' lang='lat' dir='ltr'>ponit.</span> <span class='ocrx_word' id='word_1_305' title='bbox 1294 3117 1352 3180; x_wconf 87' lang='lat' dir='ltr'>Sed</span> <span class='ocrx_word' id='word_1_306' title='bbox 1382 3136 1448 3180; x_wconf 85' lang='lat' dir='ltr'>cum</span> 
     </span>
     <span class='ocr_line' id='line_1_32' title="bbox 104 3199 1509 3284; baseline 0.006 -26"><span class='ocrx_word' id='word_1_307' title='bbox 104 3217 234 3264; x_wconf 88' lang='lat' dir='ltr'>cursuum</span> <span class='ocrx_word' id='word_1_308' title='bbox 272 3211 404 3284; x_wconf 89' lang='lat' dir='ltr'>tempora</span> <span class='ocrx_word' id='word_1_309' title='bbox 431 3205 634 3282; x_wconf 88' lang='lat' dir='ltr'>inaequalibus</span> <span class='ocrx_word' id='word_1_310' title='bbox 664 3205 805 3277; x_wconf 89' lang='lat' dir='ltr'>motibus,</span> <span class='ocrx_word' id='word_1_311' title='bbox 840 3203 927 3270; x_wconf 85' lang='lat' dir='ltr'>modo</span> <span class='ocrx_word' id='word_1_312' title='bbox 956 3203 1062 3278; x_wconf 88' lang='lat' dir='ltr'>tardis,</span> <span class='ocrx_word' id='word_1_313' title='bbox 1094 3201 1182 3264; x_wconf 89' lang='lat' dir='ltr'>modo</span> <span class='ocrx_word' id='word_1_314' title='bbox 1210 3201 1328 3280; x_wconf 90' lang='lat' dir='ltr'>mediis,</span> <span class='ocrx_word' id='word_1_315' title='bbox 1360 3207 1447 3266; x_wconf 90' lang='lat' dir='ltr'>modo</span> <span class='ocrx_word' id='word_1_316' title='bbox 1506 3199 1509 3208; x_wconf 83' lang='lat'>&#39;</span> 
     </span>
     <span class='ocr_line' id='line_1_33' title="bbox 104 3288 1448 3370; baseline 0.006 -24"><span class='ocrx_word' id='word_1_317' title='bbox 104 3288 239 3351; x_wconf 81' lang='lat' dir='ltr'>celeribus</span> <span class='ocrx_word' id='word_1_318' title='bbox 275 3293 413 3366; x_wconf 74' lang='lat' dir='ltr'>exuunt,</span> <span class='ocrx_word' id='word_1_319' title='bbox 446 3301 475 3352; x_wconf 89' lang='lat' dir='ltr'>et</span> <span class='ocrx_word' id='word_1_320' title='bbox 503 3291 534 3352; x_wconf 91' lang='lat' dir='ltr'>hi</span> <span class='ocrx_word' id='word_1_321' title='bbox 563 3289 795 3370; x_wconf 85' lang='lat' dir='ltr'>proportionales</span> <span class='ocrx_word' id='word_1_322' title='bbox 822 3294 880 3350; x_wconf 89' lang='lat' dir='ltr'>sint</span> <span class='ocrx_word' id='word_1_323' title='bbox 903 3292 1027 3355; x_wconf 89' lang='lat' dir='ltr'>arcubus</span> <span class='ocrx_word' id='word_1_324' title='bbox 1050 3290 1284 3370; x_wconf 86' lang='lat' dir='ltr'>quotidianorum</span> <span class='ocrx_word' id='word_1_325' title='bbox 1306 3303 1448 3369; x_wconf 88' lang='lat' dir='ltr'>motuum,</span> 
     </span>
     <span class='ocr_line' id='line_1_34' title="bbox 105 3377 1447 3458; baseline 0.006 -24"><span class='ocrx_word' id='word_1_326' title='bbox 105 3391 165 3436; x_wconf 87' lang='lat' dir='ltr'>cum</span> <span class='ocrx_word' id='word_1_327' title='bbox 179 3396 247 3439; x_wconf 82' lang='lat' dir='ltr'>vero</span> <span class='ocrx_word' id='word_1_328' title='bbox 265 3377 296 3443; x_wconf 91' lang='lat' dir='ltr'>hi</span> <span class='ocrx_word' id='word_1_329' title='bbox 313 3378 350 3440; x_wconf 88' lang='lat' dir='ltr'>ad</span> <span class='ocrx_word' id='word_1_330' title='bbox 366 3379 519 3440; x_wconf 85' lang='lat' dir='ltr'>distantias</span> <span class='ocrx_word' id='word_1_331' title='bbox 535 3380 703 3456; x_wconf 85' lang='lat' dir='ltr'>dirigantur,</span> <span class='ocrx_word' id='word_1_332' title='bbox 728 3377 783 3438; x_wconf 87' lang='lat' dir='ltr'>bae</span> <span class='ocrx_word' id='word_1_333' title='bbox 800 3379 987 3455; x_wconf 89' lang='lat' dir='ltr'>inquirendae</span> <span class='ocrx_word' id='word_1_334' title='bbox 1002 3386 1079 3452; x_wconf 89' lang='lat' dir='ltr'>sunt,</span> <span class='ocrx_word' id='word_1_335' title='bbox 1103 3395 1260 3456; x_wconf 89' lang='lat' dir='ltr'>earumque</span> <span class='ocrx_word' id='word_1_336' title='bbox 1274 3385 1447 3458; x_wconf 86' lang='lat' dir='ltr'>praesertim</span> 
     </span>
     <span class='ocr_line' id='line_1_35' title="bbox 105 3463 1449 3550; baseline 0.007 -30"><span class='ocrx_word' id='word_1_337' title='bbox 105 3466 242 3528; x_wconf 87' lang='lat' dir='ltr'>maximae</span> <span class='ocrx_word' id='word_1_338' title='bbox 268 3474 298 3526; x_wconf 91' lang='lat' dir='ltr'>et</span> <span class='ocrx_word' id='word_1_339' title='bbox 319 3469 456 3529; x_wconf 89' lang='lat' dir='ltr'>minimae</span> <span class='ocrx_word' id='word_1_340' title='bbox 480 3466 644 3528; x_wconf 87' lang='lat' dir='ltr'>distantiae.</span> <span class='ocrx_word' id='word_1_341' title='bbox 680 3463 747 3524; x_wconf 91' lang='lat' dir='ltr'>Hoc</span> <span class='ocrx_word' id='word_1_342' title='bbox 768 3467 832 3544; x_wconf 91' lang='lat' dir='ltr'>pari</span> <span class='ocrx_word' id='word_1_343' title='bbox 854 3465 942 3526; x_wconf 89' lang='lat' dir='ltr'>modo</span> <span class='ocrx_word' id='word_1_344' title='bbox 964 3467 997 3524; x_wconf 89' lang='lat' dir='ltr'>fit</span> <span class='ocrx_word' id='word_1_345' title='bbox 1019 3483 1076 3544; x_wconf 90' lang='lat' dir='ltr'>quo</span> <span class='ocrx_word' id='word_1_346' title='bbox 1100 3469 1127 3526; x_wconf 89' lang='lat' dir='ltr'>in</span> <span class='ocrx_word' id='word_1_347' title='bbox 1152 3465 1310 3528; x_wconf 86' lang='lat' dir='ltr'>Prod&#39;romo</span> <span class='ocrx_word' id='word_1_348' title='bbox 1334 3473 1363 3542; x_wconf 75' lang='lat' dir='ltr'>(L</span> <span class='ocrx_word' id='word_1_349' title='bbox 1378 3475 1449 3550; x_wconf 72' lang='grc' dir='ltr'>180),Ι</span> 
     </span>
     <span class='ocr_line' id='line_1_36' title="bbox 105 3551 1448 3636; baseline 0.007 -28"><span class='ocrx_word' id='word_1_350' title='bbox 105 3567 279 3631; x_wconf 87' lang='lat' dir='ltr'>quamquam</span> <span class='ocrx_word' id='word_1_351' title='bbox 294 3557 415 3626; x_wconf 83' lang='lat' dir='ltr'>numeri,</span> <span class='ocrx_word' id='word_1_352' title='bbox 438 3555 593 3615; x_wconf 91' lang='lat' dir='ltr'>multorum</span> <span class='ocrx_word' id='word_1_353' title='bbox 616 3569 756 3614; x_wconf 91' lang='lat' dir='ltr'>annorum</span> <span class='ocrx_word' id='word_1_354' title='bbox 772 3551 875 3613; x_wconf 90' lang='lat' dir='ltr'>studiis</span> <span class='ocrx_word' id='word_1_355' title='bbox 891 3557 973 3628; x_wconf 90' lang='lat' dir='ltr'>eruti,</span> <span class='ocrx_word' id='word_1_356' title='bbox 998 3553 1108 3616; x_wconf 79' lang='lat' dir='ltr'>abillis</span> <span class='ocrx_word' id='word_1_357' title='bbox 1131 3551 1304 3636; x_wconf 76' lang='lat' dir='ltr'>discrepant.</span> <span class='ocrx_word' id='word_1_358' title='bbox 1334 3553 1448 3632; x_wconf 85' lang='lat' dir='ltr'>Quibus</span> 
     </span>
     <span class='ocr_line' id='line_1_37' title="bbox 105 3638 1449 3722; baseline 0.006 -28"><span class='ocrx_word' id='word_1_359' title='bbox 105 3638 244 3716; x_wconf 83' lang='lat' dir='ltr'>inquisitis</span> <span class='ocrx_word' id='word_1_360' title='bbox 277 3642 455 3718; x_wconf 88' lang='lat' dir='ltr'>ostenditur,</span> <span class='ocrx_word' id='word_1_361' title='bbox 481 3643 682 3706; x_wconf 83' lang='lat' dir='ltr'>harmonicam</span> <span class='ocrx_word' id='word_1_362' title='bbox 717 3639 833 3718; x_wconf 88' lang='lat' dir='ltr'>quidam</span> <span class='ocrx_word' id='word_1_363' title='bbox 861 3643 1004 3702; x_wconf 91' lang='lat' dir='ltr'>rationem</span> <span class='ocrx_word' id='word_1_364' title='bbox 1032 3643 1154 3706; x_wconf 84' lang='lat' dir='ltr'>inveniri</span> <span class='ocrx_word' id='word_1_365' title='bbox 1183 3659 1241 3703; x_wconf 92' lang='lat' dir='ltr'>non</span> <span class='ocrx_word' id='word_1_366' title='bbox 1264 3659 1351 3722; x_wconf 85' lang='lat' dir='ltr'>possa</span> <span class='ocrx_word' id='word_1_367' title='bbox 1374 3644 1449 3704; x_wconf 84' lang='lat' dir='ltr'>inter</span> 
     </span>
     <span class='ocr_line' id='line_1_38' title="bbox 104 3727 1449 3808; baseline 0.004 -24"><span class='ocrx_word' id='word_1_368' title='bbox 104 3727 254 3790; x_wconf 81' lang='lat' dir='ltr'>maximam</span> <span class='ocrx_word' id='word_1_369' title='bbox 279 3737 308 3792; x_wconf 88' lang='lat' dir='ltr'>et</span> <span class='ocrx_word' id='word_1_370' title='bbox 329 3731 478 3792; x_wconf 88' lang='lat' dir='ltr'>minimam</span> <span class='ocrx_word' id='word_1_371' title='bbox 502 3729 667 3790; x_wconf 90' lang='lat' dir='ltr'>distantiam</span> <span class='ocrx_word' id='word_1_372' title='bbox 690 3727 776 3788; x_wconf 88' lang='lat' dir='ltr'>unius</span> <span class='ocrx_word' id='word_1_373' title='bbox 799 3727 985 3806; x_wconf 87' lang='lat' dir='ltr'>ejusdemque</span> <span class='ocrx_word' id='word_1_374' title='bbox 1008 3727 1157 3808; x_wconf 87' lang='lat' dir='ltr'>planetae,</span> <span class='ocrx_word' id='word_1_375' title='bbox 1189 3729 1241 3790; x_wconf 90' lang='lat' dir='ltr'>sed</span> <span class='ocrx_word' id='word_1_376' title='bbox 1274 3733 1449 3806; x_wconf 88' lang='lat' dir='ltr'>comparatis</span> 
     </span>
     <span class='ocr_line' id='line_1_39' title="bbox 103 3809 1449 3896; baseline 0.006 -26"><span class='ocrx_word' id='word_1_377' title='bbox 103 3809 280 3876; x_wconf 84' lang='lat' dir='ltr'>diversorum</span> <span class='ocrx_word' id='word_1_378' title='bbox 309 3817 490 3892; x_wconf 88' lang='lat' dir='ltr'>planetarum</span> <span class='ocrx_word' id='word_1_379' title='bbox 519 3818 676 3896; x_wconf 84' lang='lat' dir='ltr'>distantiis¹</span> <span class='ocrx_word' id='word_1_380' title='bbox 693 3815 781 3877; x_wconf 87' lang='lat' dir='ltr'>talem</span> <span class='ocrx_word' id='word_1_381' title='bbox 809 3818 950 3876; x_wconf 89' lang='lat' dir='ltr'>rationem</span> <span class='ocrx_word' id='word_1_382' title='bbox 980 3815 1089 3877; x_wconf 91' lang='lat' dir='ltr'>intendi</span> <span class='ocrx_word' id='word_1_383' title='bbox 1111 3815 1213 3878; x_wconf 87' lang='lat' dir='ltr'>videri.</span> <span class='ocrx_word' id='word_1_384' title='bbox 1258 3817 1345 3880; x_wconf 89' lang='lat' dir='ltr'>Ratio</span> <span class='ocrx_word' id='word_1_385' title='bbox 1369 3819 1449 3879; x_wconf 87' lang='lat' dir='ltr'>enirn</span> 
     </span>
     <span class='ocr_line' id='line_1_40' title="bbox 103 3899 1447 3986; baseline 0.004 -28"><span class='ocrx_word' id='word_1_386' title='bbox 103 3900 206 3976; x_wconf 87' lang='lat' dir='ltr'>aphelii</span> <span class='ocrx_word' id='word_1_387' title='bbox 230 3903 349 3970; x_wconf 82' lang='lat' dir='ltr'>Saturni</span> <span class='ocrx_word' id='word_1_388' title='bbox 371 3904 409 3966; x_wconf 89' lang='lat' dir='ltr'>od</span> <span class='ocrx_word' id='word_1_389' title='bbox 431 3903 517 3964; x_wconf 82' lang='lat' dir='ltr'>Jovis</span> <span class='ocrx_word' id='word_1_390' title='bbox 539 3903 712 3982; x_wconf 80' lang='lat' dir='ltr'>peribolium</span> <span class='ocrx_word' id='word_1_391' title='bbox 740 3903 799 3963; x_wconf 85' lang='lat' dir='ltr'>lere</span> <span class='ocrx_word' id='word_1_392' title='bbox 822 3905 954 3980; x_wconf 87' lang='lat' dir='ltr'>aequalis</span> <span class='ocrx_word' id='word_1_393' title='bbox 978 3913 1022 3967; x_wconf 90' lang='lat' dir='ltr'>est</span> <span class='ocrx_word' id='word_1_394' title='bbox 1044 3905 1149 3965; x_wconf 88' lang='lat' dir='ltr'>rationi</span> <span class='ocrx_word' id='word_1_395' title='bbox 1173 3905 1249 3966; x_wconf 77' lang='lat'>221</span> <span class='ocrx_word' id='word_1_396' title='bbox 1274 3899 1447 3986; x_wconf 55' lang='grc' dir='ltr'>(σιωπὴ)</span> 
     </span>
     <span class='ocr_line' id='line_1_41' title="bbox 102 3985 1448 4074; baseline 0.003 -28"><span class='ocrx_word' id='word_1_397' title='bbox 102 3985 215 4049; x_wconf 85' lang='lat' dir='ltr'>Saturni</span> <span class='ocrx_word' id='word_1_398' title='bbox 238 3991 413 4069; x_wconf 79' lang='lat' dir='ltr'>peribolium</span> <span class='ocrx_word' id='word_1_399' title='bbox 428 3993 464 4052; x_wconf 92' lang='lat' dir='ltr'>ad</span> <span class='ocrx_word' id='word_1_400' title='bbox 480 3991 566 4052; x_wconf 90' lang='lat' dir='ltr'>Jovis</span> <span class='ocrx_word' id='word_1_401' title='bbox 589 3991 737 4069; x_wconf 85' lang='lat' dir='ltr'>apheliunr</span> <span class='ocrx_word' id='word_1_402' title='bbox 752 4014 796 4044; x_wconf 94' lang='lat'><strong><em>=</em></strong></span> <span class='ocrx_word' id='word_1_403' title='bbox 813 3993 830 4050; x_wconf 82' lang='lat'>5</span> <span class='ocrx_word' id='word_1_404' title='bbox 847 4011 854 4048; x_wconf 95' lang='lat'><strong>:</strong></span> <span class='ocrx_word' id='word_1_405' title='bbox 872 3993 889 4050; x_wconf 88' lang='lat'><strong>3</strong></span> <span class='ocrx_word' id='word_1_406' title='bbox 915 3987 1056 4074; x_wconf 90' lang='lat' dir='ltr'>(medium</span> <span class='ocrx_word' id='word_1_407' title='bbox 1079 3993 1153 4054; x_wconf 83' lang='lat' dir='ltr'>iuter</span> <span class='ocrx_word' id='word_1_408' title='bbox 1175 3997 1289 4051; x_wconf 81' lang='lat' dir='ltr'>sertam</span> <span class='ocrx_word' id='word_1_409' title='bbox 1307 3990 1448 4066; x_wconf 80' lang='lat' dir='ltr'>mep&#39;orem</span> 
     </span>
     <span class='ocr_line' id='line_1_42' title="bbox 102 4074 1448 4160; baseline -0.003 -20"><span class='ocrx_word' id='word_1_410' title='bbox 102 4074 317 4160; x_wconf 73' lang='lat' dir='ltr'>etminorcm);</span> <span class='ocrx_word' id='word_1_411' title='bbox 339 4078 426 4140; x_wconf 86' lang='lat' dir='ltr'>Jovis</span> <span class='ocrx_word' id='word_1_412' title='bbox 448 4079 595 4156; x_wconf 87' lang='lat' dir='ltr'>apheliam</span> <span class='ocrx_word' id='word_1_413' title='bbox 618 4078 656 4138; x_wconf 90' lang='lat' dir='ltr'>ad</span> <span class='ocrx_word' id='word_1_414' title='bbox 679 4077 783 4145; x_wconf 84' lang='lat' dir='ltr'>Martis</span> <span class='ocrx_word' id='word_1_415' title='bbox 804 4077 976 4156; x_wconf 89' lang='lat' dir='ltr'>perihelium</span> <span class='ocrx_word' id='word_1_416' title='bbox 999 4086 1038 4132; x_wconf 75' lang='lat' dir='ltr'>&#39;z</span> <span class='ocrx_word' id='word_1_417' title='bbox 1065 4081 1143 4138; x_wconf 77' lang='lat'>421</span> <span class='ocrx_word' id='word_1_418' title='bbox 1167 4074 1290 4160; x_wconf 80' lang='lat' dir='ltr'>(duplos</span> <span class='ocrx_word' id='word_1_419' title='bbox 1307 4074 1448 4160; x_wconf 86' lang='lat' dir='ltr'>octava);</span> 
     </span>
     <span class='ocr_line' id='line_1_43' title="bbox 101 4159 1449 4254; baseline 0.01 -37"><span class='ocrx_word' id='word_1_420' title='bbox 101 4159 183 4224; x_wconf 83' lang='lat' dir='ltr'>Jovis</span> <span class='ocrx_word' id='word_1_421' title='bbox 206 4163 381 4242; x_wconf 86' lang='lat' dir='ltr'>perihelium</span> <span class='ocrx_word' id='word_1_422' title='bbox 403 4165 441 4228; x_wconf 89' lang='lat' dir='ltr'>ad</span> <span class='ocrx_word' id='word_1_423' title='bbox 463 4165 566 4226; x_wconf 89' lang='lat' dir='ltr'>Martis</span> <span class='ocrx_word' id='word_1_424' title='bbox 589 4164 737 4250; x_wconf 84' lang='lat' dir='ltr'>apheliurn</span> <span class='ocrx_word' id='word_1_425' title='bbox 761 4190 798 4218; x_wconf 73' lang='grc' dir='ltr'>ε.-</span> <span class='ocrx_word' id='word_1_426' title='bbox 825 4167 867 4226; x_wconf 88' lang='lat'>3:</span> <span class='ocrx_word' id='word_1_427' title='bbox 889 4169 901 4226; x_wconf 98' lang='lat' dir='ltr'>l</span> <span class='ocrx_word' id='word_1_428' title='bbox 921 4174 976 4226; x_wconf 86' lang='lat' dir='ltr'>etc.</span> <span class='ocrx_word' id='word_1_429' title='bbox 1011 4165 1102 4241; x_wconf 81' lang='lat' dir='ltr'>,Etsi</span> <span class='ocrx_word' id='word_1_430' title='bbox 1115 4183 1173 4225; x_wconf 92' lang='lat' dir='ltr'>non</span> <span class='ocrx_word' id='word_1_431' title='bbox 1195 4163 1281 4241; x_wconf 88' lang='lat' dir='ltr'>plane</span> <span class='ocrx_word' id='word_1_432' title='bbox 1305 4165 1449 4254; x_wconf 77' lang='lat' dir='ltr'>quadrant</span> 
     </span>
     <span class='ocr_line' id='line_1_44' title="bbox 102 4248 1447 4334; baseline 0.004 -28"><span class='ocrx_word' id='word_1_433' title='bbox 102 4248 154 4308; x_wconf 90' lang='lat' dir='ltr'>hae</span> <span class='ocrx_word' id='word_1_434' title='bbox 175 4255 305 4314; x_wconf 90' lang='lat' dir='ltr'>rationes</span> <span class='ocrx_word' id='word_1_435' title='bbox 328 4271 394 4313; x_wconf 89' lang='lat' dir='ltr'>cnm</span> <span class='ocrx_word' id='word_1_436' title='bbox 415 4255 550 4328; x_wconf 88' lang='lat' dir='ltr'>numeris,</span> <span class='ocrx_word' id='word_1_437' title='bbox 576 4253 629 4312; x_wconf 90' lang='lat' dir='ltr'>luit</span> <span class='ocrx_word' id='word_1_438' title='bbox 651 4261 747 4313; x_wconf 89' lang='lat' dir='ltr'>tamen</span> <span class='ocrx_word' id='word_1_439' title='bbox 770 4251 818 4312; x_wconf 91' lang='lat' dir='ltr'>bic</span> <span class='ocrx_word' id='word_1_440' title='bbox 840 4270 992 4314; x_wconf 89' lang='lat' dir='ltr'>successus</span> <span class='ocrx_word' id='word_1_441' title='bbox 1015 4255 1237 4319; x_wconf 88' lang='lat' dir='ltr'>invitamentum</span> <span class='ocrx_word' id='word_1_442' title='bbox 1267 4253 1305 4314; x_wconf 86' lang='lat' dir='ltr'>ad</span> <span class='ocrx_word' id='word_1_443' title='bbox 1327 4271 1447 4334; x_wconf 87' lang='lat' dir='ltr'>progre-</span> 
     </span>
     <span class='ocr_line' id='line_1_45' title="bbox 102 4335 1446 4422; baseline 0.007 -30"><span class='ocrx_word' id='word_1_444' title='bbox 102 4335 237 4400; x_wconf 90' lang='lat' dir='ltr'>diendum</span> <span class='ocrx_word' id='word_1_445' title='bbox 268 4340 421 4406; x_wconf 80' lang='lat' dir='ltr'>ulterius“.</span> <span class='ocrx_word' id='word_1_446' title='bbox 473 4341 547 4402; x_wconf 81' lang='lat' dir='ltr'>Cum</span> <span class='ocrx_word' id='word_1_447' title='bbox 579 4341 747 4402; x_wconf 89' lang='lat' dir='ltr'>harmoniae</span> <span class='ocrx_word' id='word_1_448' title='bbox 782 4339 921 4402; x_wconf 86' lang='lat' dir='ltr'>uiduitate</span> <span class='ocrx_word' id='word_1_449' title='bbox 955 4341 1073 4422; x_wconf 91' lang='lat' dir='ltr'>propius</span> <span class='ocrx_word' id='word_1_450' title='bbox 1106 4338 1247 4400; x_wconf 88' lang='lat' dir='ltr'>accedant</span> <span class='ocrx_word' id='word_1_451' title='bbox 1279 4340 1318 4402; x_wconf 88' lang='lat' dir='ltr'>ad</span> <span class='ocrx_word' id='word_1_452' title='bbox 1350 4349 1446 4402; x_wconf 87' lang='lat' dir='ltr'>motus</span> 
     </span>
     <span class='ocr_line' id='line_1_46' title="bbox 102 4425 1447 4506; baseline 0.007 -24"><span class='ocrx_word' id='word_1_453' title='bbox 102 4441 186 4498; x_wconf 91' lang='lat' dir='ltr'>qnam</span> <span class='ocrx_word' id='word_1_454' title='bbox 208 4427 248 4486; x_wconf 88' lang='lat' dir='ltr'>ad</span> <span class='ocrx_word' id='word_1_455' title='bbox 269 4437 364 4490; x_wconf 86' lang='lat' dir='ltr'>rectas</span> <span class='ocrx_word' id='word_1_456' title='bbox 385 4427 492 4504; x_wconf 86' lang='lat' dir='ltr'>lineas,</span> <span class='ocrx_word' id='word_1_457' title='bbox 526 4426 628 4504; x_wconf 86' lang='lat' dir='ltr'>quales</span> <span class='ocrx_word' id='word_1_458' title='bbox 651 4426 805 4488; x_wconf 89' lang='lat' dir='ltr'>distantiae</span> <span class='ocrx_word' id='word_1_459' title='bbox 827 4427 975 4506; x_wconf 88' lang='lat' dir='ltr'>putandae</span> <span class='ocrx_word' id='word_1_460' title='bbox 998 4434 1080 4502; x_wconf 90' lang='lat' dir='ltr'>sunt,</span> <span class='ocrx_word' id='word_1_461' title='bbox 1111 4443 1177 4488; x_wconf 91' lang='lat' dir='ltr'>cum</span> <span class='ocrx_word' id='word_1_462' title='bbox 1200 4425 1356 4490; x_wconf 88' lang='lat' dir='ltr'>distantiae</span> <span class='ocrx_word' id='word_1_463' title='bbox 1377 4428 1447 4492; x_wconf 86' lang='lat' dir='ltr'>illae</span> 
     </span>
     <span class='ocr_line' id='line_1_47' title="bbox 100 4511 1446 4595; baseline 0.009 -29"><span class='ocrx_word' id='word_1_464' title='bbox 100 4527 155 4570; x_wconf 91' lang='lat' dir='ltr'>non</span> <span class='ocrx_word' id='word_1_465' title='bbox 179 4531 216 4572; x_wconf 83' lang='lat' dir='ltr'>ex</span> <span class='ocrx_word' id='word_1_466' title='bbox 238 4515 341 4576; x_wconf 91' lang='lat' dir='ltr'>orbitis</span> <span class='ocrx_word' id='word_1_467' title='bbox 363 4515 415 4578; x_wconf 90' lang='lat' dir='ltr'>scd</span> <span class='ocrx_word' id='word_1_468' title='bbox 437 4535 473 4578; x_wconf 85' lang='lat' dir='ltr'>er</span> <span class='ocrx_word' id='word_1_469' title='bbox 495 4517 622 4576; x_wconf 90' lang='lat' dir='ltr'>motibus</span> <span class='ocrx_word' id='word_1_470' title='bbox 651 4517 853 4590; x_wconf 87' lang='lat' dir='ltr'>aestimentur,</span> <span class='ocrx_word' id='word_1_471' title='bbox 884 4521 1076 4576; x_wconf 88' lang='lat' dir='ltr'>extremorum</span> <span class='ocrx_word' id='word_1_472' title='bbox 1107 4511 1239 4576; x_wconf 83' lang='lat' dir='ltr'>motuum</span> <span class='ocrx_word' id='word_1_473' title='bbox 1269 4521 1446 4595; x_wconf 88' lang='lat' dir='ltr'>comparatio</span> 
     </span>
     <span class='ocr_line' id='line_1_48' title="bbox 101 4600 1446 4682; baseline 0.005 -25"><span class='ocrx_word' id='word_1_474' title='bbox 101 4600 258 4675; x_wconf 88' lang='lat' dir='ltr'>repetenda</span> <span class='ocrx_word' id='word_1_475' title='bbox 282 4609 359 4679; x_wconf 82' lang='lat' dir='ltr'>erat3</span> <span class='ocrx_word' id='word_1_476' title='bbox 391 4611 422 4663; x_wconf 87' lang='lat' dir='ltr'>at</span> <span class='ocrx_word' id='word_1_477' title='bbox 442 4621 479 4664; x_wconf 93' lang='lat' dir='ltr'>ne</span> <span class='ocrx_word' id='word_1_478' title='bbox 502 4605 531 4662; x_wconf 90' lang='lat' dir='ltr'>in</span> <span class='ocrx_word' id='word_1_479' title='bbox 555 4602 610 4664; x_wconf 91' lang='lat' dir='ltr'>hac</span> <span class='ocrx_word' id='word_1_480' title='bbox 632 4601 749 4680; x_wconf 90' lang='lat' dir='ltr'>quidem</span> <span class='ocrx_word' id='word_1_481' title='bbox 779 4603 950 4662; x_wconf 89' lang='lat' dir='ltr'>cernebatur</span> <span class='ocrx_word' id='word_1_482' title='bbox 977 4601 1137 4664; x_wconf 87' lang='lat' dir='ltr'>harmonia.</span> <span class='ocrx_word' id='word_1_483' title='bbox 1182 4601 1327 4682; x_wconf 86' lang='lat' dir='ltr'>Kepler&#39;us</span> <span class='ocrx_word' id='word_1_484' title='bbox 1350 4607 1446 4682; x_wconf 87' lang='lat' dir='ltr'>igitur,</span> 
     </span>
     <span class='ocr_line' id='line_1_49' title="bbox 102 4689 1451 4766; baseline 0.007 -24"><span class='ocrx_word' id='word_1_485' title='bbox 102 4703 165 4745; x_wconf 88' lang='lat' dir='ltr'>cunr</span> <span class='ocrx_word' id='word_1_486' title='bbox 187 4706 241 4749; x_wconf 90' lang='lat' dir='ltr'>nos</span> <span class='ocrx_word' id='word_1_487' title='bbox 264 4693 295 4748; x_wconf 93' lang='lat' dir='ltr'>in</span> <span class='ocrx_word' id='word_1_488' title='bbox 319 4691 405 4750; x_wconf 90' lang='lat' dir='ltr'>rebus</span> <span class='ocrx_word' id='word_1_489' title='bbox 428 4691 610 4752; x_wconf 87' lang='lat' dir='ltr'>terrestribus</span> <span class='ocrx_word' id='word_1_490' title='bbox 632 4689 848 4750; x_wconf 87' lang='lat' dir='ltr'>harmoniarum</span> <span class='ocrx_word' id='word_1_491' title='bbox 870 4695 921 4748; x_wconf 89' lang='lat' dir='ltr'>aut</span> <span class='ocrx_word' id='word_1_492' title='bbox 942 4689 1044 4756; x_wconf 83' lang='lat' dir='ltr'>auditu</span> <span class='ocrx_word' id='word_1_493' title='bbox 1067 4697 1118 4750; x_wconf 87' lang='lat' dir='ltr'>aut</span> <span class='ocrx_word' id='word_1_494' title='bbox 1132 4693 1198 4751; x_wconf 85' lang='lat' dir='ltr'>risu</span> <span class='ocrx_word' id='word_1_495' title='bbox 1221 4695 1352 4754; x_wconf 87' lang='lat' dir='ltr'>conscios</span> <span class='ocrx_word' id='word_1_496' title='bbox 1374 4691 1451 4766; x_wconf 86' lang='lat' dir='ltr'>fieri,</span> 
     </span>
     <span class='ocr_line' id='line_1_50' title="bbox 103 4771 1448 4852; baseline 0.007 -22"><span class='ocrx_word' id='word_1_497' title='bbox 103 4771 202 4836; x_wconf 88' lang='lat' dir='ltr'>deinde</span> <span class='ocrx_word' id='word_1_498' title='bbox 226 4777 256 4837; x_wconf 90' lang='lat' dir='ltr'>in</span> <span class='ocrx_word' id='word_1_499' title='bbox 279 4777 455 4840; x_wconf 85' lang='lat' dir='ltr'>coelestibus</span> <span class='ocrx_word' id='word_1_500' title='bbox 477 4780 604 4840; x_wconf 91' lang='lat' dir='ltr'>motibus</span> <span class='ocrx_word' id='word_1_501' title='bbox 626 4777 729 4838; x_wconf 89' lang='lat' dir='ltr'>deesse</span> <span class='ocrx_word' id='word_1_502' title='bbox 752 4793 857 4836; x_wconf 87' lang='lat' dir='ltr'>sonum</span> <span class='ocrx_word' id='word_1_503' title='bbox 878 4778 1078 4852; x_wconf 82' lang='lat' dir='ltr'>cognovisset,</span> <span class='ocrx_word' id='word_1_504' title='bbox 1102 4795 1136 4838; x_wconf 90' lang='lat' dir='ltr'>eo</span> <span class='ocrx_word' id='word_1_505' title='bbox 1160 4777 1301 4843; x_wconf 89' lang='lat' dir='ltr'>deductus</span> <span class='ocrx_word' id='word_1_506' title='bbox 1323 4786 1382 4852; x_wconf 90' lang='lat' dir='ltr'>est,</span> <span class='ocrx_word' id='word_1_507' title='bbox 1415 4787 1448 4839; x_wconf 89' lang='lat' dir='ltr'>ut</span> 
     </span>
     <span class='ocr_line' id='line_1_51' title="bbox 103 4861 1450 4944; baseline -0.002 -14"><span class='ocrx_word' id='word_1_508' title='bbox 103 4861 156 4920; x_wconf 66' lang='lat' dir='ltr'>tibi</span> <span class='ocrx_word' id='word_1_509' title='bbox 183 4865 388 4942; x_wconf 81' lang='lat' dir='ltr'>persuaderet,</span> <span class='ocrx_word' id='word_1_510' title='bbox 419 4884 536 4928; x_wconf 89' lang='lat' dir='ltr'>sensum</span> <span class='ocrx_word' id='word_1_511' title='bbox 563 4869 644 4929; x_wconf 87' lang='lat' dir='ltr'>visus</span> <span class='ocrx_word' id='word_1_512' title='bbox 673 4865 769 4926; x_wconf 86' lang='lat' dir='ltr'>inesse</span> <span class='ocrx_word' id='word_1_513' title='bbox 798 4863 882 4940; x_wconf 89' lang='lat' dir='ltr'>quasi</span> <span class='ocrx_word' id='word_1_514' title='bbox 911 4865 998 4927; x_wconf 88' lang='lat' dir='ltr'>etiam</span> <span class='ocrx_word' id='word_1_515' title='bbox 1028 4865 1125 4926; x_wconf 90' lang='lat' dir='ltr'>mnndi</span> <span class='ocrx_word' id='word_1_516' title='bbox 1156 4869 1324 4944; x_wconf 88' lang='lat' dir='ltr'>corporibus</span> <span class='ocrx_word' id='word_1_517' title='bbox 1353 4883 1450 4944; x_wconf 82' lang='lat' dir='ltr'>eoque.</span> 
     </span>
    </p>
   </div>
   <div class='ocr_carea' id='block_1_5' title="bbox 0 0 1747 5548">
    <p class='ocr_par' dir='ltr' id='par_1_7' title="bbox 0 0 1747 5548">
     <span class='ocr_line' id='line_1_52' title="bbox 0 0 1747 5548; baseline 0 0"><span class='ocrx_word' id='word_1_518' title='bbox 0 0 1747 5548; x_wconf 95' lang='lat' dir='ltr'> </span> 
     </span>
    </p>
   </div>
  </div>
 </body>
</html>
