3676 5536
707 332 790 401 Liber
806 329 853 401 IV.
874 344 963 435 capnt
978 327 1015 402 ll.
1467 341 1532 414 225

185 532 232 584 cst
257 523 345 600 inque
368 525 515 584 creatione
538 526 688 601 expressit,
717 531 858 601 utsupra
881 522 1007 598 dietum,
1030 529 1095 598 ant,
1119 521 1197 599 quod
1220 523 1323 586 eodem
1346 525 1435 601 redit,
1459 526 1534 588 alle-

185 612 265 689 gabo
290 612 510 688 cognationem,
535 629 599 689 cap.
628 615 654 670 1.
677 617 800 685 ιιιιιιιι,
823 614 986 672 animarum
1006 609 1125 686 barum,
1149 615 1237 672 etiarn
1260 614 1453 688 inferiorum,
1468 632 1534 675 carn

184 697 303 773 circulo,
325 697 364 759 ad
388 714 474 775 quern
510 698 649 760 velutad
671 715 801 758 normam
824 699 979 776 legemque
1011 701 1192 776 compositae
1213 711 1241 759 et
1259 701 1456 762 conformatae
1473 705 1532 763 sint

184 802 309 862 eumque
336 788 400 863 ipso
434 784 542 845 circulo
573 786 695 863 ejusque
728 785 1010 847 demonstrabilitate
1047 786 1141 846 ideam
1182 788 1270 846 etiarn
1300 783 1527 866 proportionum
1589 810 1593 816 ·

184 873 421 933 harmoniearum
456 872 522 932 inde
552 873 773 952 dependentium
803 874 958 934 induerint.
1008 853 1105 934 Valde
1142 876 1218 932 enim
1240 875 1426 972 „confirmant
1454 878 1531 938 banc

184 961 403 1040 philosophiam
425 977 556 1037 geneses,
580 979 646 1020 cnm
668 960 834 1036 videamus,
858 963 1055 1022 characterem
1077 947 1270 1022 confluentiae
1291 963 1440 1024 radiorum
1463 982 1534 1026 coe·

184 1049 303 1109 lestinm
331 1047 370 1107 ad
397 1045 475 1108 idern
503 1057 661 1128 punctum,
689 1048 772 1108 velut
797 1066 834 1108 ex
855 1049 964 1110 circuio
987 1051 1149 1126 communi,
1178 1050 1303 1126 imprimi
1333 1053 1362 1110 in
1386 1055 1534 1145 nmccntis

184 1138 331 1211 animnm3
356 1132 391 1196 de
414 1151 473 1211 quo
495 1135 570 1194 infra
592 1153 655 1214 cap.
681 1139 709 1194 l.
732 1136 825 1214 plura
1550 1201 1559 1218 ο

175 1295 178 1300 1
272 1223 363 1283 Porro
386 1221 499 1294 media,
531 1225 637 1300 quibas
660 1232 781 1284 utuntur
810 1225 884 1284 istae
905 1223 1060 1294 facultates
1084 1225 1199 1284 animae
1232 1223 1381 1284 inferiores
1404 1225 1442 1284 ad
1465 1244 1533 1306 per-

186 1309 339 1387 cipiendas
361 1309 528 1371 harmonias
551 1318 749 1386 externorum,
772 1319 840 1370 sunt
862 1310 982 1385 eadem,
1006 1310 1113 1388 quibas
1136 1320 1169 1371 et·
1187 1319 1307 1374 externa
1329 1313 1395 1388 ipsa
1418 1313 1534 1388 objecta

185 1399 342 1457 introrsum
366 1399 522 1476 rccipiunt.¹
561 1397 593 1458 Si
616 1397 735 1458 sensilia
756 1405 832 1472 sunt,
856 1400 990 1459 sensibus
1013 1401 1101 1458 ctiam
1115 1399 1322 1475 percipiuntur,
1346 1399 1533 1463 facultatibus

187 1501 229 1544 se.
253 1487 369 1545 animae
391 1502 495 1546 sensus
517 1485 754 1560 informantibus,
785 1503 861 1562 quae
890 1493 920 1546 et
942 1489 1008 1563 ipsa
1034 1501 1093 1546 non
1115 1487 1211 1544 minus
1241 1501 1329 1560 quam
1351 1479 1532 1564 superioria
1593 1533 1599 1548 ,

187 1575 406 1651 comparatione
428 1581 580 1633 versantur
602 1589 697 1632 rerum
720 1581 880 1646 certarum,
910 1572 962 1634 sed
984 1571 1014 1632 id
1037 1574 1191 1646 instinctu,
1214 1588 1273 1631 non
1297 1571 1439 1634 discursu.
1484 1573 1533 1636 Sic

185 1659 253 1720 soni
276 1659 378 1722 auditu
402 1661 488 1736 eique
509 1659 657 1738 praefecta
684 1668 830 1738 potestate
853 1667 1047 1721 consonantes
1078 1659 1280 1722 discemuntnr
1309 1679 1328 1720 a
1354 1659 1533 1721 dissonanti·

185 1747 250 1819 bns,
274 1751 318 1808 sie
339 1750 542 1825 proportiones
565 1747 808 1808 architectonicas
832 1747 925 1808 oculis
946 1749 1145 1826 percipiantur
1167 1754 1197 1806 ct
1210 1745 1349 1808 facultate
1371 1748 1432 1822 illa,
1456 1766 1533 1828 quac

185 1835 264 1894 risui
294 1842 338 1894 cst
366 1835 526 1914 praefecta,
557 1833 698 1913 pulchrae
726 1843 755 1895 et
786 1851 933 1912 congruae
965 1835 1003 1894 ab
1029 1835 1196 1910 incongruis
1223 1833 1434 1895 discernuntur.
1480 1836 1533 1901 sm
1578 1833 1580 1851 '

186 1930 285 1982 sutem
307 1939 353 1982 res
375 1925 473 2000 ipsae,
496 1924 526 1980 in
549 1922 655 2000 quibus
678 1929 723 1984 est
744 1922 914 1983 harmonica
935 1923 1020 1992 ratio,
1050 1922 1174 1982 sensiles
1195 1936 1254 1980 non
1277 1930 1361 1996 sunt,
1384 1921 1437 1984 sed
1458 1923 1532 1986 forts

185 2007 248 2068 alia
269 2008 408 2070 facultate
431 2006 652 2089 perceptibiles,
684 2008 787 2072 eadem
809 2017 840 2070 et
861 2012 941 2085 ipsae
962 2011 1166 2086 proportiones
1195 2025 1289 2068 rerum
1311 2011 1342 2067 in
1364 2012 1464 2070 anima
1485 2029 1533 2072 re·

181 2094 299 2170 luccat,
329 2099 373 2157 uti
403 2103 603 2174 comparatum
630 2105 675 2158 est
704 2113 770 2156 eum
786 2091 1034 2174 'proportionibus
1062 2095 1209 2156 radiorum
1238 2095 1420 2173 sideralium,
1455 2116 1533 2176 qnae

183 2182 332 2260 quomodo
348 2184 393 2244 ab
415 2191 512 2244 aalma
534 2183 684 2244 sublunari
707 2185 911 2264 percipiantur,
934 2183 1008 2243 infra
1030 2185 1171 2259 capital.
1195 2181 1396 2258 disquiremus.
1458 2227 1460 2234 .

270 2270 325 2331 Est
345 2279 442 2332 tamen
465 2273 572 2332 obtusa
595 2281 624 2332 st
646 2271 770 2332 obscura
791 2273 864 2332 haec
887 2271 1101 2332 harmoniarum
1120 2273 1266 2347 perceptio
1290 2272 1319 2328 iu
1340 2271 1529 2332 facultatibus

182 2359 300 2418 animae
322 2359 506 2436 inferioribus
529 2368 558 2420 et
580 2357 796 2448 quodammodo
818 2358 976 2418 materialis
999 2365 1029 2417 et
1049 2357 1104 2416 snb
1125 2356 1202 2416 nube
1225 2358 1310 2433 qnasi
1333 2359 1529 2435 ignorantiam

183 2462 240 2505 nec
264 2447 341 2505 enirn
363 2449 458 2506 sciunt
480 2464 512 2506 se
533 2449 697 2524 percipere,
730 2455 763 2507 ιιι
784 2463 850 2508 curn
880 2445 1013 2504 ridentes
1041 2444 1153 2521 aliquid
1183 2460 1241 2503 non
1276 2452 1372 2504 tamen
1395 2447 1533 2508 animad-

183 2534 342 2607 vertimus,
372 2551 427 2593 nos
449 2532 479 2592 id
502 2534 611 2594 ridere.
655 2532 744 2594 Tales
771 2543 840 2593 sunt
867 2539 964 2593 motus
986 2531 1031 2591 illi
1059 2539 1089 2592 et
1110 2547 1250 2610 pavores,
1281 2531 1429 2593 aStoicis
1453 2533 1533 2596 cels·

181 2619 268 2694 breti,
292 2620 442 2681 naturales
464 2622 527 2681 sina
550 2621 672 2681 consilio
687 2629 860 2698 praeterque
876 2620 1067 2694 voluntatem,
1090 2619 1158 2678 talis
1172 2621 1262 2680 ctiam
1275 2619 1396 2680 affectus
1412 2621 1472 2700 odri
1486 2623 1534 2682 'rel

182 2709 292 2766 amoris
306 2708 457 2782 naturalis,
472 2710 726 2786 mirocumprimis
741 2709 868 2784 ingenio,
890 2709 940 2785 qui
955 2707 1149 2766 membrorum
1164 2722 1332 2766 commeasn
1347 2711 1490 2785 vocisque
1505 2717 1535 2770 et

183 2799 405 2870 temperamenti
429 2795 621 2872 qualitatihus
644 2797 806 2856 bonitatem
828 2794 876 2854 vel
898 2793 1116 2854 similitudinem
1138 2796 1297 2854 aestimans
1319 2797 1435 2856 animae
1458 2795 1535 2859 alte·

182 2882 245 2940 rins
274 2899 340 2962 cum
361 2900 428 2958 sua,
458 2881 576 2944 mirifice
605 2885 635 2941 in
664 2882 746 2942 illam
775 2882 955 2946 exardescit,
992 2883 1082 2953 Amat
1102 2883 1192 2958 igitur
1219 2883 1341 2942 insanus
1364 2881 1535 2947 adolescens

184 2967 336 3050 puellam,
357 2987 411 3030 nec
433 2973 489 3030 seit
510 2987 573 3044 cur,
605 2978 656 3029 aut
679 2969 749 3045 qnid
772 2973 800 3030 in
824 2988 860 3031 ea
882 2971 1068 3047 potissimum
1091 2974 1183 3043 amet,
1209 2967 1288 3048 quod
1310 2972 1337 3030 ei
1360 2987 1418 3030 non
1441 2975 1535 3048 possit

183 3062 338 3134 praestare
361 3059 484 3133 qnaeris
508 3058 598 3118 obvia
619 3061 770 3131 meretrix,
793 3059 818 3117 si
841 3057 1012 3118 inhonestus
1033 3073 1132 3130 arnor,
1157 3063 1209 3115 ant
1231 3073 1424 3134 quaecunque
1446 3059 1535 3119 nubi·

184 3143 224 3202 lis
247 3143 364 3222 puella,
394 3147 419 3204 si
443 3144 600 3220 legitimus.
646 3143 686 3204 Aa
708 3145 968 3224 physiognomicns
990 3146 1198 3222 superveniens
1227 3145 1338 3204 invenit
1360 3147 1389 3203 in
1412 3147 1535 3224 unaque

187 3247 318 3306 persona
339 3231 558 3292 similitudinem
579 3231 707 3308 aliquam
731 3249 860 3308 morum3
883 3234 933 3309 qni
949 3233 973 3291 si
989 3233 1099 3304 vitiosi,
1122 3230 1224 3306 litigiis
1238 3233 1387 3308 perpetuis
1409 3235 1439 3292 in
1462 3252 1535 3295 eon-

184 3317 272 3394 J'ugio
301 3319 443 3395 praebent
471 3321 671 3396 occasionem,
703 3321 728 3379 si
757 3321 841 3392 boni,
871 3317 1076 3394 tranquillitati
1102 3321 1192 3378 vitae.
1237 3317 1381 3395 Adeoque
1407 3320 1465 3380 huc
1486 3339 1535 3380 re-

186 3403 324 3465 ferendus
347 3412 392 3466 est
415 3407 567 3466 universus
589 3409 743 3467 instinctus
764 3407 1033 3485 physiognomones,
1056 3407 1107 3480 qui
1129 3407 1265 3480 quamvis
1287 3415 1386 3466 mutus
1408 3417 1437 3468 et
1459 3425 1536 3485 qno-

188 3489 346 3552 dammodo
370 3491 471 3553 brutus
493 3496 625 3569 (minime
648 3511 719 3556 vero
744 3503 804 3556 arte
828 3499 1027 3571 comparatus,
1058 3493 1111 3551 etsi
1134 3509 1186 3568 per
1208 3510 1274 3551 eam
1297 3492 1392 3554 excoli
1413 3497 1536 3572 potest),

186 3596 285 3649 rerum
308 3587 405 3640 tamen
429 3579 619 3642 humanarum
643 3585 784 3658 interpres
813 3588 842 3640 ct
864 3581 972 3639 arbiter
994 3589 1039 3638 est
1060 3580 1172 3638 uniens.
1217 3579 1345 3640 Tantum
1368 3583 1444 3642 enim
1467 3583 1536 3658 qni·

185 3665 261 3726 libet
283 3669 482 3746 prosperitatis
505 3663 692 3749 (naturaliter
712 3663 877 3750 loquendo)
910 3668 1035 3738 obtinet,
1067 3675 1209 3742 quantum
1234 3667 1299 3743 ejus
1320 3668 1427 3748 facies,
1454 3685 1536 3746 corne

188 3769 309 3813 mensus
340 3757 482 3834 corporis,
520 3759 652 3816 incessus
682 3764 837 3832 motusque
870 3755 1065 3824 membrorum
1097 3752 1206 3812 arridet
1234 3770 1330 3814 rernm
1357 3757 1537 3831 potientibus

186 3849 389 3918 quantumque
413 3844 449 3902 iis
470 3845 586 3921 irrepit,
618 3843 699 3904 nnllo
723 3846 810 3904 etiarn
837 3858 926 3920 snper
948 3859 984 3901 ea
1005 3858 1036 3901 re
1064 3840 1186 3900 oonsilio
1208 3843 1286 3915 usis,
1316 3841 1407 3902 veluti
1431 3843 1535 3917 latens,

185 3938 222 3987 ut
246 3945 334 4006 saepe
357 3937 508 4006 testentur,
531 3949 563 3990 se
586 3948 684 3991 aurare
708 3931 756 3992 vel
779 3929 876 3991 odisse
899 3931 1080 4006 quempiam,
1107 3931 1270 3990 nescientes
1292 3929 1330 3988 ob
1354 3947 1441 4006 qnam
1465 3945 1537 3990 cau-

110 4037 129 4067 ··
184 4032 259 4075 sam.
305 4015 387 4075 'Palis
408 4019 528 4095 inquam
560 4027 605 4078 est
621 4021 657 4086 ,in
679 4022 794 4078 animae
817 4017 1005 4096 facultatibus
1026 4015 1210 4074 inferioribus
1237 4033 1341 4076 sensns
1369 4018 1537 4094 proportio·

184 4120 257 4162 unm
279 4105 342 4162 sine
355 4111 461 4165 sensu.
507 4105 591 4165 Adeo
614 4123 710 4183 neque
732 4106 917 4183 distinguunt
938 4105 1155 4181 proportionem
1186 4121 1204 4163 a
1231 4105 1361 4172 terminis
1388 4122 1441 4166 seu
1462 4099 1537 4163 'sub-

179 4191 262 4266 jecto
285 4207 340 4250 sno
362 4190 407 4273 (ιιι
430 4209 495 4252 cunr
517 4192 620 4253 audita
639 4193 771 4270 jucunda
793 4192 940 4253 cantilena
960 4197 1076 4268 praeter
1098 4205 1186 4249 sonos
1212 4191 1292 4270 ipsos
1315 4190 1388 4249 nibil
1411 4191 1447 4251 de
1463 4193 1536 4250 arti-

183 4277 252 4338 ficio
274 4279 339 4355 ipso
363 4277 537 4360 cogitamus)
564 4297 620 4340 nec
640 4279 727 4358 plane
750 4280 933 4356 distinguunt
955 4280 1030 4337 inter
1051 4294 1083 4338 se
1106 4276 1237 4338 diversas
1259 4277 1442 4354 harmoniam
1467 4285 1537 4338 tans

183 4373 298 4424 tumn.
323 4367 485 4442 quodsint,
509 4367 754 4442 animadvertunt,
778 4367 912 4464 quidvel
928 4366 1215 4442 quam'variaesint,
1237 4367 1380 4425 nesciunt.
1419 4365 1535 4443 Quippe

183 4453 267 4529 ipsae
291 4455 387 4513 etiam
401 4453 486 4514 ideae
509 4456 739 4528 harmoniarum,
768 4457 843 4558 quas
866 4455 922 4513 bae
945 4452 1095 4512 inferiores
1118 4455 1233 4511 animae
1259 4453 1414 4512 facultates
1436 4471 1536 4516 seeum

182 4539 295 4600 habent
318 4543 406 4614 lutus,
430 4557 489 4601 nou
512 4541 598 4621 plane
615 4560 710 4622 purae
726 4544 798 4621 ipsis
812 4551 881 4602 sunt
896 4541 1059 4611 instinctas,
1083 4539 1134 4598 scd
1156 4557 1222 4599 cum
1244 4538 1403 4601 involueris
1425 4543 1535 4626 speciei

184 4628 356 4703 suchctac,
389 4628 516 4704 ejusce
546 4648 623 4708 qnae
647 4631 789 4707 cujusque
812 4626 960 4690 facultatis
983 4629 1021 4686 sit
1043 4625 1201 4701 objectum.
1244 4623 1387 4687 Nimirum
1409 4621 1536 4690 facultas

182 4713 302 4795 auditus
325 4713 370 4796 (ιιι
396 4716 528 4794 exemplo
558 4735 697 4779 sonorum
726 4715 965 4780 concordantium
995 4721 1110 4774 utamur
1139 4714 1205 4777 loco
1234 4713 1387 4795 omnium),
1420 4718 1536 4794 corpori

234 4824 332 4876 lepras
345 4823 420 4876 opu·
432 4823 460 4868 v.
596 4831 598 4835 ’
1341 4819 1379 4882 ld
