3676 5536
688 343 771 402 tuse
787 343 837 402 111.
854 343 992 415 armario
1009 343 1126 415 maaca
1514 335 1576 410 sot

234 519 333 582 dinem
366 523 441 583 iuter
467 539 620 601 personam
651 531 679 584 et
706 523 806 584 illatae
833 524 928 584 eidem
956 525 1080 600 injuriae
1102 522 1275 597 vindictam,
1304 539 1370 583 rara
1397 528 1495 583 temen
1524 529 1577 598 est,

232 607 389 685 plurimum
421 612 549 670 vicissim
571 614 608 671 in
639 614 741 689 poenis
768 610 916 672 bomioidii
947 612 1133 689 aequalitatis
1160 611 1378 684 arithmeticae,¹
1408 611 1576 688 praesertim

233 697 310 755 inter
333 696 512 757 Christianos
542 699 664 775 exlege
687 699 804 774 divina,
835 717 893 776 que
924 699 1142 764 bonohomini
1168 700 1372 775 aequiparatur
1401 707 1430 759 ct
1457 699 1577 775 sanguis

231 786 375 862 sanguine
397 785 573 862 rependitur.
617 787 699 847 Haec
722 789 810 864 igitur
831 790 981 863 utriusque
1004 789 1118 863 generis
1139 783 1284 846 rationum
1299 785 1429 846 amfusio
1451 789 1577 862 pertinet

232 870 272 930 ad
295 871 410 932 Bodino
442 873 548 932 dictam
576 874 787 950 harmonicam,
821 876 949 953 inprimis
977 873 1063 950 illud,
1095 873 1173 950 quod
1201 875 1229 931 in
1262 874 1327 950 lege
1350 873 1450 934 divina
1478 875 1587 934 sicarii·

232 976 333 1018 omnes
356 966 447 1020 morte
470 963 629 1036 puniuntur
650 962 832 1022 arithmetica
852 961 1047 1038 aequalitate,
1079 969 1110 1022 at
1131 977 1224 1037 genus
1252 963 1353 1020 mortis
1379 963 1409 1020 iu
1430 967 1577 1039 potestate

227 1045 337 1122 judicis
360 1055 413 1122 est,
436 1052 613 1123 geometrico
637 1063 786 1127 responsu,
810 1051 903 1124 factis,
927 1051 1205 1111 circumstantiarum
1226 1051 1369 1108 varietate
1378 1047 1576 1122 dissimilibus,

234 1134 440 1212 irrogandum,
463 1133 500 1195 ut
517 1133 649 1196 Bodinus
673 1138 772 1211 refert,
796 1144 868 1216 puto
890 1154 926 1196 cx
949 1136 1100 1197 Rabbinis.
1646 1132 1650 1138 ’

317 1220 420 1298 Neque
443 1230 505 1282 tarn
525 1227 657 1301 personis
679 1224 803 1302 singulis
824 1224 912 1284 laesis
935 1224 1008 1284 baec
1030 1239 1188 1302 poenarum
1216 1221 1410 1300 inaequalitas
1431 1223 1577 1302 tribuitur,

232 1326 321 1384 quam
345 1310 431 1369 saluti
456 1311 546 1370 totins
568 1314 656 1390 reip,
689 1329 764 1389 quae
788 1329 888 1372 ornnes
910 1311 1010 1372 hostes
1041 1315 1151 1390 patriae
1173 1313 1291 1388 impune
1313 1309 1404 1370 occidi
1427 1311 1576 1387 permittit,
1639 1313 1640 1316 ’

232 1397 340 1455 civium
370 1397 456 1458 simul
480 1402 609 1458 omnium
631 1399 755 1460 salutern
786 1403 815 1458 in
837 1401 978 1478 principis
1008 1402 1239 1476 optimatumque
1261 1397 1461 1459 incolumitate
1488 1399 1577 1475 inque

231 1483 443 1560 tranquillitate
465 1486 585 1563 publica
607 1495 780 1548 conservata
802 1493 908 1549 tuetur.
955 1486 1078 1564 Saepius
1093 1493 1191 1546 autem
1207 1486 1324 1560 dictum,
1347 1485 1456 1546 bonum
1477 1483 1577 1563 publi·

234 1587 301 1630 cum
329 1571 436 1634 babere
465 1591 635 1652 responsum
658 1573 804 1652 quendam
835 1573 871 1635 ad
902 1577 1078 1636 suavitatem
1101 1581 1259 1635 concentus
1280 1573 1449 1634 harmonici.
1494 1570 1577 1648 Quae

233 1676 294 1718 nna
317 1677 430 1720 summa
453 1660 509 1736 lex,
533 1663 631 1768 legum
655 1664 912 1736 omniummnter,
935 1663 959 1721 si
984 1664 1167 1736 observetur,
1192 1669 1224 1721 ιιι
1246 1660 1276 1720 id
1297 1669 1429 1721 sanctum
1451 1666 1481 1720 et
1501 1658 1578 1736 legl-

229 1748 331 1806 timnm
355 1765 419 1808 esse
438 1747 586 1825 jubentur,
610 1753 638 1809 in
662 1767 720 1827 quo
743 1749 823 1810 salus
846 1751 967 1810 vertitur
990 1749 1186 1827 reipublicae·
1206 1749 1268 1826 jam
1282 1751 1380 1808 statim
1402 1753 1519 1808 constat
1540 1747 1577 1807 de

228 1832 418 1896 similitudine
441 1851 507 1895 oum
522 1838 697 1898 hannonicis
711 1839 881 1914 rationibus,
906 1856 941 1897 ex
955 1855 1021 1897 mea
1042 1841 1135 1914 ipsius
1155 1839 1243 1898 etiam
1256 1838 1402 1897 sententia
1415 1833 1577 1940 descriptis,

230 1923 322 1981 etiam
350 1925 374 1982 si
397 1922 469 1982 nibil
499 1923 547 1984 lex
578 1924 628 1984 ille
657 1925 750 1985 simile
779 1931 930 2002 practerea
961 1927 1110 1986 contineat
1139 1941 1233 2002 neque
1259 1926 1454 2001 geumetrioae
1483 1907 1579 1999 ueqrr'c

229 2009 430 2071 arithmeticae
452 2015 682 2090 proportionum.
727 2013 803 2072 Nam
824 2029 920 2089 neque
944 2013 973 2070 bf
996 2015 1108 2073 numeri
1135 2015 1182 2086 15,
1206 2012 1256 2086 to,
1280 2013 1330 2086 ut,
1354 2013 1411 2085 80,
1435 2012 1484 2087 qui
1507 2009 1578 2070 bar-

229 2100 358 2156 mouiem
381 2101 530 2158 continent
553 2099 760 2176 dulcissimam,
783 2102 1001 2178 proportionem
1024 2100 1180 2160 observant
1202 2098 1251 2159 vel
1266 2115 1353 2158 unam
1376 2099 1424 2158 vel
1447 2097 1577 2173 alteram,

231 2202 368 2246 excessus
391 2187 468 2246 enim
491 2195 559 2246 sunt
583 2187 617 2262 5,
631 2185 681 2260 't,
708 2190 739 2261 6,
763 2205 859 2264 neque
882 2189 1021 2264 aequales
1044 2205 1139 2264 neque
1162 2185 1271 2247 slmiles
1293 2187 1496 2264 proportiones
1517 2191 1578 2246 ter-

229 2275 374 2333 minorum
398 2275 651 2350 proportionibus,
675 2274 727 2334 sed
749 2293 843 2352 neque
866 2275 968 2335 eodem
992 2293 1056 2336 cum
1081 2274 1138 2334 illis
1161 2274 1261 2334 ordine
1283 2280 1453 2334 crescentes.

320 2359 401 2419 XlV.
427 2361 513 2419 Aliud
538 2361 710 2440 exemplum,
734 2365 928 2439 geometricae
952 2363 1123 2441 disciplinae
1145 2361 1324 2435 familiarius,
1348 2360 1431 2420 silent
1448 2358 1579 2419 Bodinus

230 2449 260 2505 in
283 2447 381 2524 legum
406 2447 441 2508 de
465 2449 580 2509 mulctis
603 2452 856 2528 interpretatione3
880 2460 912 2510 ut
936 2468 1011 2526 quae
1034 2452 1195 2526 antiquitus
1218 2456 1347 2509 statutae
1368 2446 1577 2508 suntmuletae

231 2537 435 2615 pecuniariae,
465 2554 517 2614 pro
541 2540 653 2598 ratione
676 2539 837 2616 praesentis
859 2537 995 2614 publicae
1018 2537 1183 2615 opulentiae
1210 2536 1259 2597 rel
1280 2537 1399 2613 inopiae
1420 2535 1578 2596 aestimen-

230 2632 286 2681 tur.
331 2621 389 2683 Hic
411 2624 602 2684 intolerabilis
624 2625 787 2702 aequalitas
811 2626 994 2686 arithmetica
1017 2627 1145 2685 omniurn
1161 2633 1340 2702 temporum,
1363 2639 1458 2699 neque
1479 2629 1577 2682 umen

231 2711 388 2770 observatu
412 2712 507 2770 facilis
530 2714 678 2789 proportio
701 2715 878 2789 geometrica
900 2715 929 2771 in
952 2714 1095 2774 omnibus.
1140 2713 1243 2787 ltaque
1272 2728 1324 2787 pro
1347 2727 1401 2771 sua
1423 2708 1579 2788 prudentia

227 2797 321 2874 judex
353 2815 464 2874 proque
486 2816 580 2858 rerum
605 2802 826 2860 circumstantiis
849 2801 976 2860 medium
999 2801 1157 2861 sectabitur
1179 2800 1376 2859 harmonicum
1404 2797 1580 2873 curabitque

104 2890 112 2900 '
233 2901 270 2944 rre
298 2884 345 2944 rel
373 2885 454 2962 teges
482 2886 611 2948 violasse
640 2887 790 2962 videatur,
826 2887 874 2948 rei
902 2888 1001 2965 legum
1031 2887 1268 2965 interpretatione
1298 2886 1446 2946 malitiosa
1476 2887 1578 2962 inopes

232 2975 440 3049 opprimantur,
464 2973 659 3052 locupletibus
683 2993 717 3034 ac
738 2977 952 3052 potentioribus
965 2975 1108 3054 peccandi
1128 2974 1245 3036 licentia
1260 2974 1351 3035 detur.
1397 2972 1472 3049 Quin
1490 2973 1580 3033 etiarn
1644 3035 1648 3044 .

232 3058 365 3137 ejusdem
386 3059 555 3122 barmoniae
579 3061 676 3122 studio
699 3062 842 3123 interdum
864 3065 1072 3140 pecuniariam,
1096 3077 1171 3139 quae
1195 3069 1433 3178 contemneretur,
1460 3063 1490 3118 in
1513 3076 1579 3120 cor-

231 3165 352 3224 porcam
374 3149 559 3226 permutabit.

319 3235 389 3294 XV.
414 3235 536 3313 Legem,
561 3253 636 3313 quse
659 3236 736 3296 fures
759 3238 916 3315 suspendio
939 3239 1032 3315 punit,
1056 3236 1192 3298 Bodinns
1209 3241 1330 3298 eatenus
1352 3236 1475 3312 probat,
1499 3233 1578 3311 quod

231 3324 336 3381 nititur
353 3326 474 3398 ratione,
499 3341 535 3384 ne
558 3325 634 3384 fures
658 3333 829 3400 augeantur,
853 3333 885 3384 ut
907 3333 1037 3402 peccata.
1061 3342 1136 3402 quae
1158 3325 1321 3402 frequentia
1342 3323 1440 3382 fotura
1453 3322 1579 3398 fuerunt,

231 3413 353 3486 gravim
376 3413 541 3488 punientur,
558 3411 645 3488 quod
667 3415 873 3488 geometricam
886 3411 890 3418 '
903 3416 980 3490 sapit
1002 3415 1226 3490 proportionem.
1270 3409 1401 3470 Eandem
1422 3409 1579 3487 repreben-

233 3495 276 3556 dit
299 3497 337 3557 ob
360 3499 569 3575 aequalitatem
592 3501 818 3560 arithmeticam:
842 3501 1075 3576 frequentissima
1097 3501 1205 3578 quippe
1226 3501 1305 3559 actio
1326 3498 1395 3557 furti
1417 3499 1579 3574 peremnia

232 3584 342 3662 oppida
365 3603 514 3664 pagosque
533 3587 648 3663 judices
671 3585 840 3664 plerumque
862 3586 994 3665 plebeios
1017 3587 1116 3666 habet,
1140 3590 1190 3661 qui
1212 3585 1281 3646 dum
1300 3583 1461 3661 aequaliter
1477 3599 1579 3645 omues

160 3684 168 3698 “
231 3671 270 3732 ad
292 3671 437 3750 supplicia
458 3677 588 3751 rapiunt,
613 3693 670 3734 non
693 3675 875 3752 intelligunt,
903 3692 934 3735 se
957 3676 1166 3752 iniquissimam
1190 3672 1326 3732 inducere
1347 3671 1509 3749 poenarum
1530 3674 1579 3729 in·

231 3759 450 3836 aequalitatem,
475 3761 542 3821 dum
565 3765 693 3840 peccatis
717 3766 997 3824 circumstantiarum
1021 3764 1160 3822 verteme
1188 3761 1433 3838 inaequalissimis
1456 3759 1580 3820 eandem

230 3865 356 3924 poenam
379 3851 517 3926 irrogant.
562 3849 793 3926 Plerisquo'reis
823 3849 1028 3928 deestjudicii
1059 3847 1222 3924 firmitudo,
1255 3845 1394 3926 quesibi
1424 3848 1520 3922 magis
1539 3847 1579 3907 ab

229 3935 398 4011 infortunio,
423 3955 509 4013 qnam
533 3955 551 3995 a
574 3937 774 4012 magnitudine
797 3938 913 3998 sceleris
938 3956 1043 3998 cavere
1064 3937 1213 4011 deberent,
1239 3953 1312 4012 quos
1328 3936 1453 4008 occasio,
1474 3935 1578 4008 farum,

229 4022 388 4083 liberorum
411 4025 548 4096 studium,
571 4024 677 4084 fiducia
698 4025 818 4098 latendi,
842 4025 955 4086 alienae
978 4025 1144 4105 opulentiae
1167 4027 1275 4103 opinio,
1298 4023 1376 4084 fures
1398 4024 1482 4097 facit3
1513 4037 1579 4081 curs

230 4113 327 4188 ipsum
349 4128 401 4188 per
422 4130 454 4170 se
477 4113 587 4171 facinus
611 4111 648 4170 ad
672 4111 730 4172 alie
753 4122 951 4191 comparatum
975 4115 1100 4174 nauuati
1120 4112 1230 4188 judicio
1254 4109 1465 4188 vilipendatur,
1498 4107 1579 4184 quud

230 4201 320 4258 ctiam
342 4199 389 4259 lex
414 4198 522 4270 divina,
547 4215 625 4276 quae
645 4200 800 4279 quadrupli
823 4209 935 4260 tantum
957 4204 1140 4262 restitutione
1161 4201 1268 4259 furtum
1290 4200 1382 4275 punit,
1408 4195 1579 4258 confirmare

230 4286 357 4346 videtur.
402 4284 433 4347 Si
457 4294 552 4346 tamen
576 4303 702 4362 acquum
725 4295 754 4348 ct
776 4297 907 4350 sanctum
931 4297 983 4364 est,
1008 4288 1088 4348 illam
1103 4286 1251 4348 hominnm
1267 4292 1387 4364 partem,
1411 4301 1487 4361 quae
1504 4283 1579 4344 dolis

234 4380 266 4433 et
287 4374 413 4434 tenebris
442 4381 511 4432 nata
541 4375 666 4432 murium
694 4381 826 4435 naturam
855 4378 957 4450 refert,
989 4379 1114 4455 parietes
1144 4373 1283 4453 perfodit,
1315 4389 1373 4432 non
1398 4373 1578 4436 fortunarum

230 4467 361 4534 tautum,
393 4459 444 4520 sed
469 4463 557 4520 etium
587 4463 666 4521 vitae
689 4465 873 4523 securitatem
901 4463 1049 4539 publicem
1072 4463 1183 4535 turbat,
1214 4463 1285 4537 reip.
1317 4461 1413 4537 potius
1435 4477 1526 4520 carrea
1547 4465 1579 4519 ut

232 4557 344 4610 ceteras
366 4547 442 4608 feras
466 4565 587 4625 rapaces
610 4551 713 4621 minui,
744 4557 820 4610 certe
843 4559 991 4627 respectus
1013 4554 1102 4627 reip,
1125 4556 1159 4608 ut
1179 4565 1269 4625 saepe
1283 4545 1400 4622 dictum
1422 4544 1579 4628 respondet

232 4637 386 4697 concentui
409 4635 593 4709 baunonico,
621 4653 676 4697 nec
697 4638 759 4697 sine
783 4639 1001 4698 acccuratissime
1023 4638 1231 4715 temperatione
1253 4636 1422 4696 harmonica
1443 4636 1578 4710 quaestio

232 4725 306 4784 hacc
329 4724 455 4784 exerceri
479 4723 574 4798 debet,
597 4741 642 4798 ne,
667 4722 734 4784 dum
757 4726 826 4803 reip.
851 4723 1021 4798 consulitur,
1044 4724 1160 4797 multis,
1184 4727 1234 4801 qui
1256 4739 1339 4802 spem
1360 4725 1430 4784 boni
1452 4723 1527 4782 ciris
1548 4723 1578 4780 iu

231 4817 381 4896 posterum
403 4811 541 4890 praebere
562 4819 700 4889 possunt,
724 4811 787 4876 vita
809 4819 916 4874 tetuere
939 4814 978 4875 ob
999 4813 1057 4877 boc
1078 4829 1171 4892 genus
1193 4813 1320 4876 erbniuis
1344 4813 1491 4892 eripiatur.
