3698 5534
285 325 348 385 ret
669 321 711 375 Da
728 318 850 376 Motibus
868 319 1042 374 Plenetarum
1058 317 1236 375 Harmonicis.

372 497 417 560 Ac
447 516 512 560 cum
549 501 588 560 sit
616 499 784 576 conjectura
814 497 1051 604 probabilissima
1082 500 1202 576 (quippe
1230 500 1299 559 nixa
1333 496 1628 562 demonstrationibus

285 589 468 664 geometricis
490 594 519 648 et
541 587 671 647 doctrina
694 586 730 648 de
753 589 850 648 causis
871 595 1004 648 motuum
1025 585 1267 664 planetariorum,
1290 585 1427 646 tradita
1420 603 1449 644 m
1472 586 1629 646 Commen-

283 677 365 736 tariis
388 670 504 754 Martie)
531 675 713 762 planetarum
745 675 838 734 moles
866 691 1018 751 corporum
1048 691 1112 734 esse
1144 676 1173 732 in
1203 676 1389 776 proportione
1417 673 1629 751 periodieomm

285 771 461 840 temporum,
491 764 534 822 sic
564 769 595 821 ut
617 753 735 823 Saturni
758 761 864 837 globus
886 765 924 821 sit
946 760 1107 838 trigecuplo
1135 763 1247 821 circiter
1269 761 1362 838 maior
1383 761 1471 837 globo
1495 761 1629 836 Telluris,

284 849 402 926 Jupiter
422 849 615 927 duodecuplo,
639 849 719 910 Mare
742 851 836 911 minus
859 849 958 927 duplo,
981 849 1071 909 Terra
1085 846 1166 926 globi
1182 849 1305 910 Veneris
1320 849 1512 927 sesquialtero
1528 850 1630 926 major,

285 937 466 999 Mercurialis
488 936 570 1014 globi
593 937 756 1016 quadmplo
778 938 885 1015 major.
918 953 976 996 non
1005 943 1087 997 erunt
1116 938 1204 1012 igitur
1234 954 1330 1012 neque
1352 937 1409 997 bae
1429 940 1632 1051 proportiones
1708 961 1713 970 ·

285 1042 437 1104 corporum
459 1023 653 1086 harmonicae.

371 1112 445 1172 Cum
466 1118 565 1172 eutem
587 1113 668 1172 Deus
690 1110 762 1172 nibil
785 1113 847 1182 sine
865 1089 1055 1189 geometrice
1083 1108 1299 1187 pulchritudine
1322 1111 1520 1186 constitnerit,
1554 1110 1633 1188 quod

285 1217 344 1260 non
367 1201 405 1258 ab
428 1198 487 1259 alio
509 1201 604 1277 priore
628 1199 754 1277 quedam
776 1201 957 1260 necessitatis
972 1197 1038 1274 lege
1060 1199 1099 1256 sit
1114 1215 1229 1272 nexum,
1253 1197 1338 1258 laeile
1361 1195 1534 1274 colligimus,
1558 1207 1634 1258 tem-

286 1287 406 1365 poribus
435 1287 592 1365 periodicis
622 1306 691 1348 suas
714 1289 815 1347 venire
847 1286 1030 1366 prolixitates
1061 1284 1194 1362 adeoque
1222 1292 1251 1346 ct
1282 1288 1451 1364 corporibus
1473 1286 1632 1347 mobilibus

286 1393 355 1435 snas
377 1376 469 1437 moles
491 1375 529 1435 ab
553 1373 666 1452 aliquo,
700 1372 780 1452 qnod
811 1381 856 1434 cet
886 1377 916 1432 in
939 1373 1098 1451 archetypo
1129 1375 1224 1451 prius,
1256 1373 1293 1432 ad
1316 1373 1634 1451 quoderprimendum

288 1465 373 1536 istae,
396 1469 429 1522 nt
452 1461 587 1522 videntur
608 1465 886 1541 improportionatac
910 1461 1001 1521 moles
1025 1469 1053 1520 et
1080 1460 1209 1538 periodi,
1236 1467 1305 1520 sunt
1334 1463 1363 1518 in
1385 1461 1463 1520 bunc
1484 1461 1635 1522 modulum

287 1557 415 1628 aptatae.
461 1550 502 1610 At
525 1549 662 1610 collectas
691 1568 757 1611 esse
779 1551 838 1609 dixi
867 1549 1004 1627 periodos
1032 1565 1067 1607 cx
1097 1549 1186 1608 moris
1214 1547 1407 1624 longissimis,
1441 1548 1637 1611 mediocribus

285 1645 315 1698 ct
337 1637 525 1697 tardissimis:
559 1645 676 1714 oportet
706 1639 794 1716 igitur
816 1637 864 1697 vel
892 1639 921 1696 in
949 1637 996 1696 his
1022 1637 1130 1708 moris,
1161 1634 1208 1695 vel
1230 1638 1255 1695 si
1278 1634 1349 1712 quid
1379 1638 1482 1696 estiis
1504 1639 1584 1714 prius
1606 1639 1636 1695 in
1676 1661 1678 1664 ·

286 1733 383 1786 mente
406 1723 538 1804 Opificis,
560 1727 684 1785 inveniri
707 1727 917 1786 concinnitates
938 1725 1138 1801 geometricas.
1172 1723 1321 1782 Morarum
1345 1740 1414 1784 vero
1434 1727 1637 1804 proportiones

286 1830 378 1875 nexae
409 1819 478 1873 sunt
508 1813 545 1872 ab
572 1829 692 1873 arcuum
722 1813 889 1872 diurnorum
920 1811 1174 1889 proportionibus,
1209 1813 1281 1887 qnia
1308 1827 1393 1871 arcus
1422 1815 1639 1890 proportionem

287 1918 420 1963 eversam
443 1901 553 1960 babent
575 1902 770 1978 proportionis
792 1916 947 1962 morarum.
990 1897 1116 1957 Rursum
1145 1905 1174 1958 et
1195 1915 1341 1957 morarum
1365 1906 1394 1958 et
1416 1900 1639 1959 intervallorum

287 1991 373 2050 unius
397 1988 521 2065 alicujus
544 1985 679 2066 planetae
700 1990 903 2066 proportiones
918 1986 1043 2046 diximus
1066 2000 1130 2046 esse
1154 1985 1280 2045 easdem.
1313 1984 1398 2060 Quod
1422 1989 1510 2062 igitur
1532 1991 1638 2048 attinet

285 2077 419 2155 planetus
441 2076 581 2154 singulos,
605 2093 664 2135 nna
688 2083 717 2136 et
739 2075 840 2136 eadem
857 2077 911 2134 erit
933 2072 1126 2134 consideratio
1142 2075 1228 2132 trium
1244 2074 1361 2132 borum:
1386 2089 1514 2148 arcuum,
1537 2092 1638 2135 mora·

289 2183 353 2224 rum
383 2166 413 2222 in
445 2164 570 2224 arcubus
593 2162 767 2240 aequalibus
799 2172 827 2222 et
857 2164 1026 2223 remotionis
1049 2177 1169 2220 arcuum
1199 2159 1311 2220 aSole
1333 2176 1385 2220 seu
1406 2161 1637 2222 intervallorum.

287 2253 325 2312 Et
347 2251 498 2329 quiajam
521 2251 675 2310 variabilia
698 2257 767 2310 snnt
788 2251 861 2310 baec
885 2250 983 2310 omnia
1007 2250 1035 2306 in
1056 2249 1199 2325 planetis,
1222 2247 1342 2308 dubium
1364 2247 1476 2308 nullum
1498 2267 1562 2310 esse
1584 2266 1642 2326 po·

286 2347 352 2412 test,
376 2338 445 2416 quin
469 2341 494 2398 si
517 2339 586 2415 quid
609 2340 715 2399 luerint
736 2340 840 2398 sortita
861 2336 1085 2414 pulchritudinis
1107 2339 1311 2412 geometricae,
1335 2343 1412 2394 certo
1436 2339 1542 2395 summi
1565 2335 1639 2414 Opi-

286 2429 349 2487 licis
372 2426 494 2487 consilio
515 2426 545 2484 id
569 2429 629 2485 suis
653 2429 787 2486 'extremis
810 2427 988 2503 acceperint,
1020 2423 1206 2500 ut,apbeliis
1237 2430 1266 2482 et
1297 2421 1445 2499 peribeliis
1466 2423 1640 2498 intervallis,

287 2517 412 2574 nonita
432 2513 537 2573 mediis
558 2514 725 2590 interiectis.
769 2513 845 2573 Nam
874 2513 950 2572 datis
974 2519 1166 2571 extremorum
1194 2509 1414 2570 intervallorum
1442 2513 1641 2590 proportioni-

288 2605 358 2676 bus,
388 2603 451 2678 jam
479 2619 536 2661 non
566 2618 639 2678 opus
664 2608 708 2662 est
737 2601 873 2682 consilio,
908 2608 937 2660 ut
960 2598 1148 2659 intermediae
1177 2601 1381 2676 proportiones
1404 2606 1482 2659 certo
1505 2606 1642 2678 aptentur

292 2706 431 2763 numerc;
454 2696 616 2764 sequuntur
639 2691 715 2750 enim
738 2687 824 2763 ultro,
846 2689 1021 2750 necessitate
1043 2694 1140 2746 motus
1162 2685 1333 2764 planetarii,
1366 2687 1404 2748 ab
1428 2703 1486 2747 uno
1510 2696 1639 2750 extremo

211 2835 214 2840 .
293 2794 345 2855 per
367 2776 539 2836 intermedia
562 2779 660 2837 omnia
681 2777 719 2838 ad
743 2783 902 2836 exnemnm
925 2775 1057 2835 altarum.

380 2863 474 2940 Igitur
496 2871 624 2924 extrema
645 2864 802 2925 intervalla
830 2872 898 2924 sunt
919 2865 993 2936 ista,
1026 2878 1078 2938 per
1107 2861 1341 2921 accuratissimas
1363 2861 1513 2938 Tycbonis
1535 2861 1643 2922 Brabei

291 2953 521 3026 observationes,
545 2951 712 3013 methodo·
704 2969 734 3009 m
750 2950 973 3012 Commentariis
988 2949 1092 3009 Martis
1108 2948 1224 3025 tradita,
1247 2951 1391 3025 exquisita
1412 2951 1644 3027 pertinacissimo

290 3038 488 3118 septendecim
512 3057 653 3100 annorum
676 3037 783 3100 studio.

678 3193 841 3262 Comparate
858 3188 1000 3245 intervalla
1017 3203 1078 3244 cum
1095 3186 1258 3244 harmonicis

467 3263 597 3318 Bincrnm
1258 3257 1430 3326 Singulorum
1448 3275 1540 3328 propr

419 3437 529 3485 convexa.
583 3437 676 3486 „m
704 3401 813 3460 Saturni
832 3417 867 3469 ap
868 3398 971 3455 heliam
992 3399 1123 3456 iconae
1213 3365 1278 3420 ΡΜ
1296 3373 1360 3420 ¹⁰³⁰
1379 3367 1483 3421 mi¹¹⁰¹⁰
1544 3329 1612 3461 3

427 3501 441 3530 a
509 3488 524 3532 a
579 3487 670 3562 [15
809 3470 970 3541 peribelium
1009 3470 1086 3526 8968.
1100 3469 1126 3524 b.
1544 3506 1609 3549 1111111

427 3556 493 3620 11-
511 3556 540 3620 1·
607 3555 670 3618 -1
991 3604 994 3611 1
1227 3538 1319 3594 Minus
1337 3543 1402 3594 tono
1421 3539 1525 3609 majore
1542 3573 1610 3638 ‘aaut

704 3684 781 3739 Jovis
799 3679 935 3764 apbelium
1020 3681 1083 3736 5451
1101 3697 1124 3734 e.
1229 3677 1312 3734 Nulla
1337 3675 1469 3734 concinna
1494 3681 1643 3764 proportio,

428 3785 441 3814 e
510 3769 522 3812 t
577 3769 622 3810 e
658 3767 671 3810 s
811 3750 972 3822 perrhehum
1017 3751 1085 3806 ldlb
1099 3750 1124 3804 d.
1230 3748 1279 3802 sed
1304 3748 1407 3804 lere¹¹
1382 3781 1422 3820 11.
1446 3749 1610 3807 Inconcmna

428 3829 541 3902 1Ξ1»
577 3826 672 3900 3²,
1225 3819 1271 3875 rel
1298 3818 1363 3874 dim.
1383 3819 1416 3874 de
1434 3819 1640 3877 harmonica·
1626 3857 1641 3894 1

708 3945 805 4001 Martia
824 3941 960 4012 apbslium
1009 3943 1086 3999 1665.
1100 3959 1123 3996 e.
1185 3941 1236 3995 Hic
1259 3939 1326 4013 ¹32}
1345 3948 1417 3995 esset
1435 3941 1641 3999 harmonica¹¹
1627 3975 1644 4014 1

325 4019 351 4052 -“
431 4014 591 4119 οτ1111ξ
578 4017 590 4057 f
600 4012 674 4097 :sl
812 4013 973 4082 peribelium
1011 4012 1117 4070 tecet
1116 4055 1121 4065 .
1188 4017 1216 4067 'ct
1234 3978 1300 4084 ¹333
1323 4013 1437 4081 maeri.

430 4109 445 4148 h
463 4090 543 4148 Ὗ
578 4081 593 4156 ἐ
646 4103 673 4145 ²⁰
711 4175 812 4230 Terrae
828 4170 966 4242 aphelium
1008 4171 1085 4228 1018.
1098 4189 1123 4296 g.
1229 4171 1281 4224 Hic
1312 4170 1377 4241 ¹322
1403 4176 1477 4226 esset
1494 4169 1576 4227 diesis
1602 4169 1644 4240 ll,

366 4247 446 4334 {sc
477 4244 527 4287 ¹⁰⁰⁰
576 4243 592 4284 h
604 4241 678 4325 :Q
743 4283 746 4290 .
816 4242 978 4312 peribelium
1025 4242 1085 4298 982.
1119 4283 1125 4297 .
1232 4257 1286 4296 non
1303 4241 1427 4310 possidet
1444 4257 1510 4312 ergo
1528 4241 1621 4298 diesin.

365 4337 402 4385 ιι,[
448 4309 678 4376 rro’'1'''2o

707 4418 821 4476 Veneris
839 4416 977 4488 aphelium
1030 4415 1089 4472 729.
1111 4417 1129 4470 i.
1233 4391 1325 4472 mrbus
1343 4433 1424 4486 quam
1440 4417 1644 4486 sesqnieommr,

747 4563 752 4570 .
810 4487 971 4560 peribelium
1024 4487 1084 4542 719.
1097 4487 1125 4541 lr.
1226 4487 1296 4612 11ι111ι1ι1εΙ
1311 4503 1393 4556 quam
1411 4487 1492 4542 tertia
1511 4505 1576 4558 pars
1591 4487 1644 4543 die-

395 4665 470 4738 ,1,
435 4665 585 4766 111,ξὲ
571 4667 586 4707 ¹¹
595 4664 675 4732 ,²⁴³
710 4663 839 4722 Mercurii
858 4661 993 4733 aphelium
1026 4661 1124 4718 trel
1229 4661 1295 4717 Plus
1314 4677 1395 4730 qnam
1409 4661 1543 4745 diapente,
1561 4661 1645 4716 ebun-

396 4765 418 4794 ιι
491 4740 529 4796 t’
569 4729 589 4796 ἰ
595 4723 676 4795 'loe'
848 4733 1007 4808 peribelium
1026 4733 1121 4789 ibim
1225 4731 1645 4876 1ι111ι11ι11ε11ξ111ῗ111ιιιιιιιιειιιιιιιιΙιιιι-

294 4261 352 4330 l:

292 4320 352 4376 a*
