3698 5534
282 331 344 396 stt
879 322 1024 398 appan:

279 505 432 584 simplicia,
455 523 532 584 quse
553 505 625 566 mibi
647 514 715 568 sunt
729 508 872 568 concinna
893 507 1013 566 minima
1029 503 1159 579 dissona,
1182 511 1269 566 mnus
1288 503 1390 582 major,
1413 505 1515 578 minor,
1538 504 1630 566 semi-

281 596 402 670 tonium,
425 593 531 670 diesis3
561 593 620 654 aiis
643 593 705 654 vult
728 611 791 656 ease
815 612 852 656 ex
874 593 920 654 bis
943 594 1122 670 composita,
1157 609 1234 669 qnae
1257 608 1312 669 ego
1341 593 1549 654 consonantias
1572 612 1629 671 ap-

279 681 368 759 pello.
413 683 504 758 Atqui
531 685 704 742 sententiam
732 683 807 742 banc
835 690 983 755 veterum,
1017 679 1093 757 qnod
1116 681 1327 741 consonantiae
1357 689 1568 758 componantur
1590 699 1628 741 ex

279 769 443 830 intervallis
461 770 621 830 minoribus
643 775 782 846 tanquam
803 775 909 830 natura
930 768 1088 848 prioribus,
1112 784 1167 843 ego
1183 768 1311 828 refutavi
1333 783 1469 846 expresse
1485 770 1581 844 capita
1597 771 1626 830 t.

279 859 337 918 mei
359 857 424 917 libri
446 855 509 929 Ill,
542 863 675 931 ostenso,
708 856 786 934 quod
817 859 931 916 minora
960 875 975 917 e
1004 858 1146 916 connerio
1179 858 1318 930 oriantur¹
1336 872 1372 914 ex
1399 857 1535 916 comonis
1561 872 1628 916 sese

279 944 449 1022 majoribus.
469 949 540 1018 (vt.)
581 943 680 1006 Tertio
702 945 777 1006 libro
793 943 920 1024 explicet
934 952 1065 1022 systema
1080 961 1132 1004 asu
1148 942 1259 1003 scalam
1274 945 1425 1016 musicam,
1449 957 1525 1018 qnae
1541 959 1629 1020 prae·

281 1033 369 1110 cipue
389 1049 457 1111 pars
480 1039 524 1090 est
545 1033 604 1091 mai
625 1032 692 1093 iibri
715 1032 773 1092 111:
795 1051 813 1092 a
836 1048 900 1111 cap.
924 1035 954 1091 4.
978 1049 1071 1108 nsque
1093 1030 1131 1090 ad
1156 1031 1185 1092 9.
1230 1027 1348 1106 Reliqui
1374 1036 1499 1106 quatuor
1522 1038 1628 1092 aucto·

278 1121 319 1180 ris
341 1119 407 1179 libri
430 1120 531 1197 prexia
553 1117 672 1194 babent,
695 1137 783 1196 quam
806 1136 861 1198 qgo
884 1136 921 1180 ue
943 1121 1055 1196 attingo
1079 1117 1205 1195 quidem.
1250 1117 1326 1178 Nam
1353 1118 1383 1176 iu
1406 1116 1459 1176 IV.
1484 1117 1519 1178 de
1541 1135 1626 1178 men-

144 1273 149 1285 ,
279 1223 348 1268 aura
368 1209 464 1268 tacita
487 1210 610 1283 ejusque
633 1207 726 1268 modia
750 1209 838 1268 verbs
861 1215 891 1268 et
913 1205 1013 1267 valore
1035 1214 1170 1280 notarum
1192 1221 1243 1284 per
1259 1222 1310 1266 eos
1333 1206 1483 1283 praecipit,
1508 1205 1544 1266 da
1566 1223 1626 1283 qno

279 1311 335 1370 ego
358 1291 485 1372 paucula
506 1293 558 1352 lib.
580 1292 634 1356 ΙΙΙ.
659 1312 722 1372 cap.
750 1296 796 1354 15.
829 1301 859 1354 et
879 1294 929 1355 lib.
953 1293 1006 1353 IV.
1030 1311 1093 1372 cap.
1119 1295 1148 1354 3.
1172 1295 1259 1367 (vii.)
1301 1293 1335 1352 In
1359 1292 1396 1352 V.
1427 1291 1516 1354 babet
1537 1311 1626 1372 prae-

283 1373 368 1458 nebu
396 1382 603 1458 compositoris
633 1391 736 1444 cantus
757 1382 889 1460 figurati,
919 1399 1007 1458 quam
1031 1389 1123 1444 artam
1155 1399 1211 1458 ego
1242 1396 1301 1442 non
1324 1379 1468 1459 profiteor.
1514 1379 1547 1440 In
1571 1381 1625 1442 VI.

279 1471 405 1530 excurrit
427 1470 515 1530 etiam
538 1468 575 1528 ad
599 1472 681 1531 varia
702 1472 895 1532 instrumente
915 1470 1041 1544 musica,
1074 1469 1109 1529 de
1132 1470 1239 1545 quibua
1262 1485 1318 1546 ego
1345 1485 1383 1528 ne
1405 1469 1534 1546 cogitari
1557 1472 1626 1546 qni-

281 1553 357 1616 dam.
402 1556 436 1616 in
459 1555 529 1615 VlI.
553 1555 677 1634 deniqne
699 1574 809 1618 novum
833 1559 1056 1618 instrumentum
1078 1558 1142 1634 ipse
1164 1559 1267 1634 aperit
1284 1561 1373 1629 (vm.)
1413 1554 1447 1614 Iu
1470 1554 1515 1614 bis
1537 1559 1626 1634 igitur

199 1673 201 1677 ·
281 1645 301 1702 4
323 1645 478 1720 postremis
500 1642 549 1702 iiie
572 1646 615 1706 sic
636 1662 657 1704 a
677 1663 724 1706 me
746 1644 850 1719 dinen,
874 1653 907 1703 nt
928 1647 1073 1723 ppacticus
1095 1643 1302 1718 stheoretico,
1325 1658 1460 1720 nampio
1476 1645 1524 1718 eo,
1544 1644 1624 1720 quod

280 1733 344 1807 ipse
367 1730 454 1791 docet
476 1747 650 1808 componere
672 1731 765 1794 melos
786 1731 912 1810 plurium
935 1749 1051 1804 vocum,
1077 1748 1131 1808 ego
1154 1732 1415 1792 demonstrationes
1436 1729 1625 1796 matbemati-

284 1835 334 1878 cas
357 1821 498 1879 concinno
520 1819 733 1899 plerorumque,
757 1837 833 1897 quae
857 1818 1025 1880 naturaiiter
1047 1822 1145 1878 insunt
1168 1822 1196 1877 in
1221 1825 1308 1880 centn
1330 1827 1389 1878 tam
1406 1816 1517 1878 chureii
1537 1838 1626 1898 qnam

279 1903 415 1982 figurato.
428 1910 495 1980 (iii.)
529 1907 689 1984 Propterea
711 1909 799 1968 etiam
822 1908 850 1966 in
873 1909 966 1984 ipsius
989 1923 1075 1984 opera
1096 1906 1237 1984 plurimae
1254 1913 1323 1967 aunt
1337 1908 1484 1984 picturse3
1508 1909 1537 1966 iu
1560 1926 1625 1970 meu

283 1991 496 2070 diagrammata
523 1995 730 2056 mathematica
755 1995 847 2055 literis
877 1998 1027 2056 instructa.
1047 1999 1107 2068 (ii.)
1147 1993 1258 2054 Videas
1280 1996 1385 2073 etiam,
1414 1994 1510 2069 ipsum
1532 1994 1627 2072 pluri·

282 2097 362 2140 raum
385 2079 522 2144 delectari
546 2100 639 2142 rerum
663 2083 878 2160 aenigmatibus
901 2082 1078 2157 tenebrosis,
1110 2099 1176 2164 eum
1199 2099 1254 2159 ego
1276 2098 1323 2142 res
1346 2084 1425 2159 ipsas
1448 2080 1627 2146 obscuritate

280 2167 429 2230 insolutas
451 2171 481 2228 in
502 2169 598 2232 iucem
620 2172 786 2232 intellectus
808 2170 936 2248 prolerre
959 2171 1044 2232 nitar.
1088 2167 1166 2230 Illud
1189 2168 1308 2246 quidem
1329 2168 1472 2230 tambram
1495 2171 1627 2250 catcby·

286 2257 385 2330 micis,
409 2255 588 2332 hermeticis,
612 2258 825 2332 Paracelaistia,
845 2258 903 2318 boc
925 2261 1073 2336 proprium
1096 2256 1205 2318 babent
1226 2256 1434 2318 mathematici.
1456 2261 1524 2330 (xi.)
1564 2282 1568 2300 ·

369 2342 512 2422 Adeoque
539 2347 627 2406 etiarn
650 2346 732 2406 libris
754 2345 793 2406 ΙΙ.
818 2353 847 2406 ct
868 2344 928 2418 ΙΙΙ,
962 2346 1013 2405 ubi
1046 2344 1167 2406 candem
1199 2361 1312 2406 mecum
1339 2351 1444 2406 nectat
1465 2347 1627 2419 mantiam,

282 2430 340 2494 boc
362 2429 535 2493 discriminis
558 2439 603 2493 eat
625 2435 698 2494 inter
720 2449 788 2503 nos,
820 2431 900 2508 quod
923 2449 999 2509 quae
1022 2436 1085 2510 lpse
1108 2433 1277 2495 transsumit
1298 2450 1318 2493 a
1340 2434 1500 2504 veteribus,
1532 2450 1587 2509 ego
1610 2450 1627 2495 e

280 2535 374 2578 rerum
397 2527 503 2580 nature
523 2537 593 2580 eruo
616 2527 645 2580 et
668 2521 707 2580 ab
729 2522 801 2598 ipsis
824 2519 1019 2588 fundamentis
1042 2521 1205 2596 constituor
1229 2521 1311 2596 ipse,
1341 2537 1417 2596 quse
1437 2521 1567 2597 accepit,
1592 2537 1629 2581 ee

280 2607 402 2668 matura
425 2603 560 2689 (propter
590 2610 738 2669 variantes
766 2608 941 2668 tradentium
963 2601 1140 2688 sententias)
1163 2615 1192 2668 et
1222 2608 1383 2668 incorrecte
1406 2615 1542 2684 usurpat,
1571 2626 1627 2684 ego

211 2699 215 2708 “
281 2693 407 2754 naturali
431 2694 532 2756 ordine
555 2694 696 2775 procedo,
726 2703 759 2756 nt
780 2696 878 2757 curnis
898 2694 1058 2756 secundum
1085 2693 1169 2772 leges
1190 2702 1311 2757 naturae
1333 2697 1391 2754 sint
1414 2693 1569 2756 emendata
1599 2702 1629 2754 et

283 2781 414 2842 conlusio
438 2785 576 2857 vitetur,
594 2782 728 2860 adeoque
757 2783 934 2859 nequidem
963 2781 1000 2842 ad
1025 2791 1156 2844 veterum
1179 2783 1290 2860 piacita
1318 2783 1435 2859 applico
1459 2785 1627 2856 constituta,

281 2870 335 2930 ubi
359 2870 409 2930 nbi
433 2870 564 2931 contusio
588 2869 670 2932 nulla
691 2873 831 2947 sequitur.
849 2877 927 2943 (ΧΠ)
963 2870 1026 2944 lta,
1058 2871 1108 2932 ubi
1141 2887 1198 2946 ego
1227 2876 1340 2931 veteres
1368 2887 1505 2946 expresse
1533 2871 1628 2930 relnto

281 2953 318 3018 de
339 2959 435 3018 causis
459 2956 730 3020 concordantiarum
754 2956 938 3030 disserentes,
961 2957 1003 3018 ibi
1025 2956 1075 3018 iile
1097 2964 1213 3020 veteres
1235 2959 1308 3017 citra
1319 2956 1511 3020 dubitationis
1532 2955 1629 3018 aleam

282 3045 423 3119 seqnitur,
447 3043 483 3105 de
506 3048 604 3106 causis
626 3046 789 3108 verioribus
810 3062 847 3104 ne
871 3044 1235 3120 cogitatqnidem.(xt11.)
1282 3043 1347 3106 Uno
1364 3046 1463 3118 verbo,
1488 3048 1515 3104 in
1539 3045 1630 3106 disci-

161 3177 164 3196 ,
242 3173 246 3180 -
281 3129 362 3209 plina
384 3132 552 3193 harmonica
575 3133 648 3194 alter
671 3136 812 3193 musicum
840 3134 902 3208 agit
925 3129 1057 3194 vocalem
1085 3140 1115 3192 et
1138 3133 1402 3207 instrumentalem,
1435 3133 1508 3195 aiter
1531 3132 1629 3210 pbilo-

281 3218 405 3296 sopbum
428 3228 458 3280 et
479 3219 726 3284 mathematicum.

369 3305 443 3380 «lam⁸
461 3306 498 3366 ad
521 3308 645 3370 aiterum
668 3307 796 3368 auctoris
817 3303 913 3367 locum
939 3313 1134 3380 transeamus,
1167 3305 1217 3366 ubi
1245 3308 1385 3386 musicam
1410 3305 1458 3366 ilie
1484 3308 1518 3364 r'n
1542 3323 1629 3366 mnn-

284 3393 353 3454 dum
376 3395 542 3455 introducit
587 3395 644 3456 Hic
665 3411 736 3455 vero
760 3397 885 3454 immane
908 3401 1048 3470 qnantum
1071 3395 1146 3452 iuter
1160 3410 1214 3454 nos
1229 3393 1383 3454 discrimen
1401 3405 1455 3456 eat
1500 3394 1629 3455 Primum

282 3498 356 3558 quas
378 3481 428 3544 iila
450 3481 616 3546 barmoniae
646 3482 751 3542 docere
782 3480 919 3556 intendit,
952 3498 1005 3541 eae
1027 3489 1095 3541 snut
1125 3483 1197 3542 meri
1225 3481 1423 3557 symbolismi,
1456 3480 1492 3541 de
1521 3483 1628 3558 quibus

281 3567 360 3628 idem
382 3568 467 3644 dico,
499 3569 578 3647 qnod
600 3569 636 3630 da
659 3568 858 3647 symbolismis
881 3567 1056 3642 Ptolemaei,
1088 3571 1219 3646 poeticos
1241 3571 1340 3645 potius
1364 3586 1428 3630 esse
1455 3576 1507 3630 ant
1529 3578 1630 3631 oratu·

284 3657 351 3731 rios,
374 3674 463 3733 quam
486 3656 707 3736 philosophicos
730 3663 782 3716 aut
797 3655 1027 3716 mathematicos.
1045 3659 1132 3725 (xiv.)
1173 3655 1255 3716 Haec
1271 3658 1370 3716 anime
1387 3666 1431 3716 est
1446 3659 1536 3716 totius
1551 3657 1630 3718 illins

282 3746 387 3822 operis,
410 3753 443 3804 ut
466 3742 513 3805 vel
536 3763 572 3804 ex
594 3742 680 3804 titulo
704 3752 785 3820 patet
807 3743 999 3805 Manrocosmi
1023 3740 1261 3804 etMicrocoami.
1305 3744 1380 3804 Nam
1398 3747 1427 3802 in
1442 3751 1521 3805 tomo
1537 3745 1629 3804 alteru

280 3831 478 3893 demonstrare
507 3832 609 3908 procul
633 3830 724 3892 dnbio
754 3831 885 3892 intendet
912 3832 1011 3892 nobile
1033 3826 1107 3889 illud
1138 3829 1253 3904 thema,
1282 3833 1372 3891 totius
1402 3831 1502 3890 mundi
1531 3834 1629 3908 magui

281 3921 468 3996 omniumque
497 3919 561 3996 eJ'us
588 3921 714 3996 partium
746 3917 827 3980 ideas
850 3920 966 3996 reperiri
998 3921 1026 3977 in
1050 3918 1176 3978 bomine.
1221 3917 1305 3980 Haec
1335 3917 1439 3980 eadent
1465 3921 1564 3980 anima
1585 3927 1630 3980 eat

282 4016 312 4066 et
334 4007 418 4084 primi
441 4009 523 4085 tomi,
546 4009 617 4084 qnia
640 4014 733 4066 totum
756 4005 895 4066 mnndum
918 4006 1066 4067 distribuit
1087 4008 1117 4063 iu
1139 4013 1198 4066 tres
1220 4009 1370 4082 regiones,
1396 4007 1447 4066 ubl
1469 4006 1629 4068 secundum

283 4093 542 4154 celebratissimum
576 4093 648 4153 iilud
670 4093 817 4154 Hermetis
845 4095 962 4154 axioma
988 4110 1100 4169 supero
1120 4094 1235 4153 &mdia
1262 4111 1314 4154 aea
1336 4093 1466 4171 analoga
1486 4095 1557 4156 iacit
1579 4097 1629 4154 ire·

277 4181 359 4257 feris.
404 4181 487 4243 Haec
519 4199 588 4242 reru
617 4179 756 4257 analogia
777 4189 809 4240 ut
832 4198 884 4256 per
907 4183 1005 4240 omnia
1030 4179 1186 4256 succedet,
1216 4198 1305 4257 saepe
1327 4183 1454 4242 crinibus
1487 4181 1631 4242 trahenda

280 4276 356 4342 sunt,
381 4286 457 4345 quas
481 4271 616 4345 utrinqne
639 4271 946 4349 comparabuntur)
977 4267 1047 4326 bles
1068 4265 1105 4326 dc
1127 4267 1272 4345 analogiis
1295 4271 1441 4330 sententia
1463 4288 1500 4330 ex
1516 4269 1629 4346 digras-

280 4355 362 4417 sione
390 4359 419 4414 in
452 4357 533 4417 calce
556 4359 612 4417 mei
635 4356 702 4415 iibri
725 4355 781 4416 ΠΙ.
813 4362 908 4432 patet3
940 4356 1073 4414 nimirum
1105 4358 1159 4414 etei
1189 4355 1329 4432 analogia
1357 4359 1576 4436 proportionum
1600 4359 1629 4414 in

280 4444 463 4518 geometricis
486 4443 609 4504 turmale
632 4443 703 4520 quid
726 4450 779 4517 est,
803 4448 939 4519 respectu
960 4444 1052 4520 ipsius
1068 4443 1207 4503 materiae
1228 4447 1443 4518 quantitativae
1459 4444 1628 4506 indefinitae

280 4536 310 4588 et
331 4527 587 4602 indeterminatae,
615 4537 712 4591 minen
735 4539 869 4607 respectu
892 4532 1112 4607 proportionum
1134 4529 1368 4592 harmonicamm
1384 4533 1549 4612 materialis
1571 4549 1628 4609 po-

281 4617 338 4675 tins
360 4615 478 4676 affectio
502 4626 599 4694 potest
621 4618 738 4690 baberi,
767 4619 837 4695 qnia
861 4635 925 4677 curn
949 4618 1135 4678 harmonicae
1164 4621 1369 4695 proportiones
1400 4629 1509 4680 certam
1532 4637 1628 4696 quan·

284 4705 396 4762 litatem
421 4701 568 4778 definiant,
591 4705 747 4783 andoglae
770 4713 871 4766 contra
903 4723 935 4766 aa
958 4707 1029 4782 ipsis
1051 4707 1080 4764 in
1103 4703 1248 4765 inlinitum
1271 4723 1421 4769 extumere
1449 4715 1519 4766 snut
1539 4715 1628 4784 aptas

279 4799 308 4850 et
329 4793 373 4851 sic
394 4791 580 4854 materialem
603 4793 754 4856 infinitatis
777 4793 961 4854 affectionem
984 4798 1161 4871 supponunt.
