3564 5540
282 446 344 508 tto
811 443 854 498 Da
871 430 1098 512 Propontiouibus

282 621 310 695 1,
333 622 362 694 8,
384 622 478 680 minor
501 636 572 680 rero
595 622 721 696 interd,
745 623 774 693 4,
798 621 898 682 ablata
920 639 940 681 a
959 621 1064 697 majori
1087 621 1116 692 8,
1142 618 1171 692 8,
1194 615 1378 694 relinquebat
1399 617 1629 693 sesquioctavam

277 710 352 768 iuter
376 708 405 782 8,
429 709 458 767 8.
502 707 540 767 Et
562 716 675 768 tautum
697 708 948 786 deprehenderunt
967 724 1033 768 *esse
1055 705 1241 766 intervallum
1262 708 1338 778 toni,
1361 705 1582 763 usitatissimum
1601 704 1629 760 iu

280 796 360 854 omni
382 805 478 854 canna
524 794 616 872 Atqui
645 807 782 858 uumerus
805 798 825 856 8
848 805 893 856 ιιι
914 797 1006 856 cubus
1029 794 1065 853 de
1089 797 1118 868 8,
1142 802 1172 854 ιι
1192 809 1329 854 numerus
1353 792 1372 852 8
1395 797 1441 851 est
1462 790 1629 867 quadratum

279 881 316 941 de
339 883 369 944 3.
413 881 485 942 Jam
506 883 594 962 igitur
615 882 644 940 hi
668 893 750 944 eraut
771 885 801 941 iu
830 893 945 962 promtu
967 883 1079 943 numeri
1104 885 1131 950 1,
1156 883 1185 953 8,
1210 883 1238 956 3,
1262 883 1291 954 4,
1316 880 1345 952 8,
1370 879 1398 938 8.
1443 877 1517 937 Cum
1539 883 1630 936 autem

279 968 382 1029 eadem
402 971 498 1029 auitas
521 972 559 1028 sit
581 978 610 1029 et
631 969 811 1047 quadratum
828 989 914 1031 suum
935 979 965 1030 et
987 970 1097 1045 cubus,
1119 968 1248 1028 binarius
1272 983 1341 1026 uero
1357 964 1529 1041 quadratum
1552 979 1630 1023 suum

278 1057 399 1116 haberet
422 1057 442 1115 4
465 1063 494 1116 et
516 1057 623 1116 cubum
646 1058 673 1130 8,
698 1060 824 1118 ternario
847 1062 936 1119 otiam
956 1065 1071 1136 praeter
1086 1054 1294 1134 quadratum9
1315 1053 1509 1130 adjunuemut
1531 1051 1630 1111 cubum

279 1160 364 1204 suum
388 1147 440 1218 87,
471 1143 549 1219 quod
573 1147 787 1220 existimarent,
818 1145 971 1206 adcubes
999 1161 1092 1220 usque
1123 1141 1366 1220 progrediendum
1388 1137 1452 1200 as'sc
1475 1148 1630 1219 propterea,

279 1229 358 1307 quod
380 1230 505 1289 muudus
528 1238 609 1292 totus
632 1241 662 1292 et
677 1220 793 1293 vocalia
808 1236 909 1302 omnia
928 1249 986 1313 nou
1001 1231 1208 1310 superficiebus
1232 1237 1399 1290 constarent
1416 1229 1562 1300 inanibus,
1585 1225 1632 1285 sed

166 1369 168 1375 ,
279 1317 381 1378 solidis
405 1320 582 1398 corporibus.
617 1319 753 1397 Denique
775 1339 812 1380 ex
832 1320 890 1380 hoc
910 1323 994 1379 initio
1017 1327 1099 1378 tanta
1121 1319 1231 1378 coaluit
1254 1319 1353 1395 opinio
1374 1331 1560 1375 numerorum
1581 1314 1632 1372 ho·

277 1423 349 1478 rum,
372 1413 525 1484 propterea
546 1405 626 1482 quod
650 1417 748 1468 esseut
768 1412 867 1486 primi,
898 1422 1056 1484 eorumque
1078 1405 1213 1482 quadrati
1236 1406 1365 1473 sicubi,
1388 1411 1421 1463 ut
1441 1401 1632 1480 Pythagoraei

277 1501 370 1552 totam
397 1492 616 1571 philosophiam
645 1514 681 1554 er
710 1497 746 1553 iis
775 1498 939 1556 censuerint
967 1492 1205 1554 concinnandam
1250 1491 1326 1552 Nam
1348 1493 1445 1550 unitas
1467 1505 1632 1569 repraesen-

278 1580 362 1640 tabat
382 1580 463 1658 ipsis
476 1580 574 1640 ideam
596 1589 626 1641 et
647 1591 774 1643 mentem
795 1593 825 1644 et
846 1584 982 1657 iormam,
1013 1583 1084 1659 quia
1105 1589 1138 1640 ut
1159 1584 1259 1640 unitas
1278 1578 1431 1639 ludlridua
1453 1585 1499 1637 est
1521 1575 1632 1636 eadam·

278 1683 336 1744 qua
358 1675 459 1728 manet
481 1675 510 1727 et
532 1667 676 1743 quadrato
697 1669 891 1750 multiplicata
912 1678 942 1732 ct
963 1670 1073 1742 cubica,
1096 1671 1140 1728 sic
1160 1667 1245 1729 ideae
1260 1681 1378 1744 quoque
1393 1664 1588 1724 indivisibiles
1608 1669 1633 1721 et

277 1755 457 1814 universales
480 1762 579 1816 essent
600 1763 631 1815 et
651 1774 765 1835 semper
786 1757 874 1820 idem.
903 1758 1006 1842 Itaque
1021 1759 1164 1817 unitatem
1184 1757 1316 1816 lecerunt
1329 1752 1496 1832 symbolum
1516 1761 1633 1812 naturae

278 1841 448 1912 identitatis,
468 1858 604 1902 numeros
626 1861 696 1904 uero
720 1853 832 1906 ceteros
859 1846 995 1924 symbola
1025 1852 1146 1904 naturae
1175 1843 1340 1904 alteritatis.
1385 1841 1522 1899 Binarlus
1552 1843 1634 1916 igitur

278 1927 454 1990 alteritatem
476 1929 614 2005 signabat
635 1940 665 1992 et
687 1936 851 2007 materiam,
875 1935 946 2009 quia
968 1931 1143 1992 divisionem
1164 1929 1216 1990 ille
1238 1929 1381 2004 admittit,
1405 1935 1437 1986 ut
1459 1937 1490 1988 et
1511 1931 1588 2002 ista,
1609 1930 1635 1984 et

279 2022 312 2075 ut
334 2015 384 2074 ille
407 2013 550 2093 quadrata
572 2016 782 2099 multiplicatus
804 2021 838 2080 rit
859 2023 894 2094 4,
923 2021 1025 2080 euhics
1049 2021 1084 2094 8,
1116 2021 1168 2097 qul
1190 2026 1258 2078 suut
1281 2018 1392 2076 numeri
1414 2015 1547 2075 distincti
1569 2032 1587 2072 a
1609 2013 1635 2084 8,

279 2104 322 2162 sic
344 2105 468 2185 materia
489 2105 635 2166 instabilis
657 2116 685 2167 et
707 2108 891 2169 multiformis
907 2125 972 2168 esso
987 2115 1093 2188 potest.
1124 2105 1231 2164 Aliter:
1248 2104 1379 2164 binarius
1402 2105 1491 2162 etiarn
1513 2103 1636 2160 animam

278 2192 432 2270 signabat,
467 2191 547 2268 quod
570 2208 636 2253 cum
654 2179 740 2255 haene
761 2195 919 2256 immobilis
946 2198 985 2255 sit
1006 2203 1059 2256 aut
1079 2177 1162 2253 mo'tu
1183 2193 1320 2252 uniimmi
1347 2207 1387 2250 sc.
1412 2189 1544 2278 circulari
1567 2205 1637 2266 gau·
1723 2220 1728 2230 ·

279 2277 364 2354 deal,
397 2279 495 2338 anima
518 2289 619 2342 coatrs
639 2280 814 2362 multiplices
837 2293 935 2343 motus
963 2301 983 2342 a
1010 2297 1130 2360 corpore
1157 2281 1284 2359 excipiat
1314 2277 1411 2355 adque
1433 2285 1532 2337 motus
1555 2277 1636 2336 recti-

278 2366 383 2445 lineos,
404 2369 456 2443 qui
479 2377 547 2426 sunt
569 2371 599 2426 iu
622 2371 777 2448 centuplici
797 2370 968 2445 differentis,
990 2372 1085 2446 magis
1107 2367 1288 2428 familiariter
1310 2383 1342 2426 se
1365 2366 1481 2427 habeat.
1504 2365 1636 2448 Denique

280 2455 425 2514 ternarius
447 2455 571 2515 notabat
591 2455 650 2516 illis
672 2473 793 2535 corpus,
818 2460 1011 2537 compositum
1033 2475 1070 2517 ex
1090 2457 1184 2517 iorma
1205 2463 1236 2514 et
1256 2455 1393 2527 materia,
1416 2455 1493 2512 sicut
1515 2455 1537 2511 8
1563 2467 1637 2511 com-

277 2543 391 2620 positus
413 2549 459 2616 est
479 2558 516 2601 ex
538 2544 557 2600 8
581 2550 611 2602 et
627 2546 654 2618 1,
667 2547 798 2630 -et-quia
819 2561 941 2623 corpora
962 2543 1111 2604 mundana
1131 2552 1176 2604 tot
1197 2541 1308 2603 habent
1329 2540 1544 2616 dimensiones,
1573 2543 1639 2616 quot

227 2660 229 2668 ,
278 2630 422 2688 ternarius
444 2630 582 2689 unitates.
1029 2675 1033 2682 .

364 2715 467 2792 Neque
486 2721 611 2776 uantum
637 2718 773 2795 symbola
802 2727 885 2790 eraut
910 2723 1023 2779 numeri
1045 2721 1135 2779 trium
1165 2719 1387 2796 principiorum,
1417 2714 1469 2776 scd
1492 2715 1558 2792 jam
1579 2716 1638 2792 ipsa

278 2803 378 2862 mima
400 2804 631 2881 componebatur
652 2806 725 2884 ipsis
755 2823 791 2866 ex
813 2807 893 2868 hisce
915 2811 1043 2867 numeris
1066 2822 1224 2881 eorumque
1247 2804 1483 2884 proportionibus
1507 2803 1637 2863 omnibus

279 2895 310 2950 et
331 2889 581 2951 subdivisionibus
602 2893 822 2970 proportionum
845 2897 876 2953 in
889 2894 1107 2972 sesquialteras,
1131 2894 1332 2969 sesquitertias
1354 2900 1384 2951 et
1400 2892 1637 2968 sesquioctavas:

278 2985 311 3038 ut
333 2979 445 3051 anima,
473 2977 624 3040 vinculum
647 2983 751 3042 mentm
781 2989 811 3041 et
833 2985 975 3061 corporis,
1009 2991 1088 3042 essct
1117 2982 1147 3039 in
1169 2998 1224 3040 sua
1247 2979 1375 3040 essentia
1396 2977 1470 3037 nihil
1492 2980 1552 3039 uisi
1574 2978 1638 3036 har·
1763 2975 1764 3002 ¹

279 3065 380 3123 monia
406 3081 501 3141 exque
521 3065 683 3128 harmoniis
697 3072 868 3146 composita.
919 3069 968 3129 Ad
994 3069 1052 3129 hoc
1079 3067 1188 3146 dogma
1214 3067 1297 3126 duxit
1323 3065 1391 3126 illos
1419 3065 1523 3143 procul
1553 3064 1638 3124 dubio
1763 3113 1764 3138 ,

280 3149 474 3212 consideratio
497 3155 569 3228 ista,
593 3154 673 3231 quod
695 3157 794 3216 anima
815 3157 944 3217 humana
966 3156 1125 3217 delectetur
1146 3163 1298 3233 tantopere
1322 3155 1460 3227 vocibus,
1488 3169 1567 3230 quae
1588 3149 1640 3212 ali·
1763 3165 1764 3228 ι

280 3255 356 3316 quas
378 3241 580 3318 proportiones
602 3241 786 3304 harmonicas
799 3243 1011 3322 magnitudine
1032 3262 1090 3305 sua
1108 3245 1235 3304 lormaut
1257 3250 1287 3302 et
1309 3243 1468 3302 continent.

608 3421 787 3496 Excursus
815 3426 860 3498 de
887 3427 1052 3534 Tetracty
1079 3425 1326 3516 Pythagorica.

367 3586 413 3648 Ex
441 3565 590 3670 principiis
617 3591 707 3670 paulo
729 3600 818 3655 autea
848 3596 988 3673 expositis
1017 3596 1133 3656 ridetur
1164 3591 1293 3655 arumde
1321 3605 1385 3652 esse
1415 3590 1467 3650 illa
1493 3597 1642 3667 teuactys,
1763 3587 1764 3652 J

280 3673 346 3737 lons
371 3681 505 3755 perennis
527 3681 642 3741 animae
664 3680 820 3752 humanae,
846 3699 898 3761 por
920 3699 1009 3759 quam
1021 3683 1221 3763 Pythagoraei
1239 3681 1390 3758 jurabant,
1417 3679 1643 3756 meaopinioue

280 3770 331 3839 sic,
356 3762 436 3840 quod
468 3767 543 3826 luter
570 3770 657 3826 trium
685 3769 826 3828 cuborum
852 3773 883 3844 l,
908 3771 927 3830 8
950 3779 979 3830 et
1002 3775 1041 3830 2‘1
1066 3771 1166 3845 binos,
1196 3769 1279 3830 verbi
1308 3784 1398 3828 causa
1430 3769 1506 3826 inter
1534 3769 1546 3825 1
1575 3763 1642 3825 ιι8

281 3851 341 3912 duo
370 3850 460 3911 medii
488 3854 721 3931 proportionales
748 3865 817 3917 sunt
846 3859 865 3915 8
888 3864 919 3916 et
940 3861 969 3917 4.
1020 3859 1126 3934 Itaque
1154 3858 1267 3918 numeri
1296 3858 1423 3932 quatuo'r
1456 3856 1482 3927 l,
1506 3855 1538 3927 8,
1563 3855 1592 3926 4,
1615 3851 1640 3922 Β,

280 3955 405 4016 quorum
425 3957 541 4002 summa
558 3941 607 4016 15,
629 3941 679 4002 vel
696 3945 725 4022 l,
740 3945 770 4018 8,
787 3946 815 4018 9,
833 3947 885 4018 81,
907 3962 1031 4021 quorum
1046 3963 1161 4006 summa
1176 3947 1229 4019 40,
1251 3944 1363 4004 iaciunt
1385 3941 1467 4001 illam
1488 3948 1640 4016 tetrastyn.

280 4027 366 4086 Duos
386 4033 486 4088 autam
508 4029 740 4106 proportionales
762 4030 874 4091 habant
896 4032 958 4092 bini
980 4035 1091 4108 cubici,
1122 4035 1199 4095 sicut
1221 4033 1283 4092 hini
1305 4031 1385 4108 plani
1409 4045 1500 4089 nuum
1522 4041 1642 4107 propor-

281 4112 432 4189 tionalem,
456 4120 489 4175 ut
509 4124 612 4175 notum
633 4133 670 4176 ex
691 4120 887 4193 geometricis.

368 4201 425 4260 Vel
454 4203 541 4262 luerit
571 4210 711 4283 tetractys
742 4207 800 4266 ista
824 4207 859 4276 l,
894 4208 930 4281 8,
954 4208 989 4282 3,
1013 4209 1043 4266 4.
1092 4209 1108 4267 1
1137 4205 1211 4268 illud
1239 4207 1411 4285 principium
1441 4219 1640 4272 numerorum,

283 4287 302 4344 8
332 4285 518 4349 nuu'reroruu‘r
551 4291 665 4368 parium
693 4294 817 4370 primus,
850 4295 869 4353 8
901 4297 1128 4373 compositorum
1158 4304 1188 4356 et
1215 4297 1370 4372 imparium
1402 4295 1527 4370 primum
1559 4289 1642 4349 ducto

280 4371 342 4449 jam
367 4377 381 4432 1
407 4376 437 4431 iu
460 4379 496 4450 3,
520 4377 552 4436 lit
573 4378 775 4455 rcctaugulum
798 4383 834 4454 3,
857 4387 891 4439 ut
913 4397 949 4442 ex
970 4385 1091 4460 imparl3
1121 4383 1209 4444 ducto
1227 4393 1303 4442 ‘vero
1327 4384 1345 4439 8
1370 4383 1398 4438 in
1422 4397 1454 4440 se
1477 4382 1593 4457 ipsum,
1614 4376 1642 4434 lit

283 4459 462 4535 quadratum
483 4464 516 4539 4,
548 4473 581 4525 nt
603 4484 639 4525 ex
660 4469 741 4548 pari,
771 4467 855 4544 cujus
878 4472 966 4529 etiam
989 4474 1018 4528 iu
1041 4471 1154 4532 lactura
1175 4467 1388 4546 longitudinem
1411 4475 1440 4527 et
1462 4466 1643 4525 latitudinem

283 4545 368 4606 decet
390 4563 455 4607 esee
476 4567 570 4627 pares,
592 4553 668 4613 sicut
690 4557 721 4612 iu
743 4554 823 4616 illius
844 4558 1013 4634 rectaugulo
1035 4559 1218 4636 inaequales.
1254 4556 1376 4616 Summa
1397 4555 1486 4632 igitur
1508 4571 1546 4614 ex
1572 4555 1599 4625 1,
1616 4553 1642 4618 8,

283 4635 319 4709 8,
344 4637 364 4692 4
393 4641 438 4720 ιιι
463 4637 502 4695 10
530 4647 559 4698 at
589 4643 688 4700 anima
715 4641 845 4703 humana
873 4645 950 4706 solet
971 4645 1010 4705 ad
1035 4649 1075 4707 10
1096 4661 1257 4707 numerare.
1303 4643 1341 4703 Et
1362 4644 1438 4703 sicut
1460 4643 1566 4702 sunt4
1589 4653 1643 4697 nu·

282 4725 363 4797 meri,
386 4721 507 4782 totidem
529 4741 570 4784 se.
593 4736 666 4803 quot
687 4739 768 4790 erant
798 4732 829 4789 iu
852 4741 956 4807 quarto
984 4737 1131 4807 unitates,
1161 4736 1204 4792 sic
1235 4733 1323 4792 aliam
1352 4747 1404 4809 per
1434 4746 1485 4790 eos
1518 4733 1644 4805 quatuor

283 4812 398 4889 species
419 4809 635 4874 harmoniarum
657 4819 801 4879 exurunt:
831 4820 905 4878 iuter
930 4822 963 4894 1,
988 4823 1006 4878 8
1030 4821 1187 4899 diapason,
1210 4827 1243 4880 ut
1265 4825 1295 4879 et
1317 4821 1391 4878 inter
1413 4818 1442 4892 2,
1467 4819 1496 4890 4,
1520 4824 1550 4876 et
1572 4815 1645 4872 iuter

286 4897 314 4975 l,
338 4900 359 4960 4
381 4895 587 4980 diudiapteon,
610 4919 688 4980 quae
709 4913 779 4968 suut
799 4919 854 5012 pro
875 4922 949 4984 uuor
972 4909 1047 4968 iuter
1071 4912 1099 4987 1,
1121 4909 1141 4969 8
1165 4907 1308 4988 diapason
1330 4904 1532 4987 epidlapeute,
1555 4917 1643 4982 quam
