3676 5536
277 339 341 400 248
688 329 730 386 Da
748 323 1012 404 configurationibus
1032 325 1211 383 Harmonicis.

363 510 447 572 Haec
469 510 545 573 adeo
569 527 659 570 causa
681 513 734 580 est,
757 523 808 566 cur
830 505 1037 583 dodecagouus
1059 508 1244 586 potissimum
1266 509 1368 583 gignat
1383 515 1534 585 aspectum
1550 506 1629 568 rali-

279 601 363 670 dum,
390 605 422 658 at
452 615 510 658 nou
537 601 639 676 gignat
669 597 828 656 sectionem
857 593 1069 670 harmonicam,
1101 595 1198 656 idest
1231 598 1453 656 consonantiam
1476 596 1627 673 triplicem,

277 689 348 748 licet
369 689 472 763 gignat
495 685 664 762 simplicem.
709 683 784 742 Nam
807 681 955 742 residuum
982 686 1030 758 ll,
1054 682 1155 742 ablata
1177 682 1505 760 duodecima-impedit
1520 687 1629 744 sectio-

278 793 346 836 nem
367 773 582 845 harmonicam,
612 789 671 832 non
694 768 817 847 impedit
840 769 1043 830 efficacitatem
1064 773 1157 848 partis
1180 770 1379 830 duodecimas.
1425 770 1484 831 Sed
1513 771 1549 831 de
1572 772 1629 832 hoc

275 865 339 941 jam
361 860 451 939 paulo
474 869 541 939 poet
562 860 648 938 plura
671 857 775 918 dicam.
1351 933 1354 946 ι

364 949 440 1009 Nam
462 957 495 1007 ut
518 965 602 1020 vera,
633 945 842 1008 mathematica
865 953 895 1006 et
917 945 1044 1006 causalis
1068 947 1175 1005 existat
1203 947 1383 1029 comparatio
1406 944 1630 1007 concordantia·

279 1056 342 1098 rum
365 1053 431 1095 cum
453 1035 629 1114 aspectibus,
652 1034 741 1112 plane
764 1031 952 1092 evertendum
975 1040 1022 1094 est
1042 1035 1176 1106 axioma,
1200 1035 1309 1110 quippe
1333 1031 1412 1112 quud
1434 1050 1492 1093 non
1515 1033 1630 1093 lantum

281 1134 324 1185 est
346 1121 532 1196 insufficiens,
555 1121 607 1181 sed
630 1124 719 1181 etiarn
743 1122 858 1180 veritati
881 1138 897 1180 e
920 1121 1061 1181 diametro
1077 1123 1262 1180 contrarium.
1301 1121 1413 1180 'Nullus
1433 1123 1510 1179 enim
1524 1139 1630 1197 aspec-

279 1221 326 1271 tua
348 1211 463 1287 proprie
486 1207 644 1286 respondet
666 1209 719 1267 ulli
750 1207 975 1269 concordantiae
997 1211 1118 1281 minori,
1149 1215 1369 1284 praeterquam.
1382 1211 1535 1284 oppositus
1558 1226 1631 1268 con-

280 1297 447 1360 cordantiae
469 1297 622 1372 diapason,
646 1295 698 1356 sad
720 1293 897 1372 respondent
920 1296 1027 1373 singuli
1051 1295 1265 1355 concordandis
1288 1296 1462 1371 maioribus,
1486 1298 1630 1356 minorum

228 1401 234 1408 ·
280 1387 385 1460 sociis,
409 1401 445 1444 ex
468 1387 544 1460 triga
567 1386 705 1444 sectionis
729 1383 967 1459 uniuscujusque.
1011 1383 1153 1443 Nimirum
1178 1389 1314 1459 aspectus
1338 1382 1455 1459 quidem
1485 1383 1631 1443 definiun-

279 1481 326 1532 tur
347 1473 506 1548 segmentis
531 1471 631 1532 circuli
653 1469 774 1543 iisdem,
788 1525 791 1530 .
804 1471 911 1545 quibus
933 1478 963 1531 at
988 1471 1114 1547 maJorcs
1137 1472 1375 1545 concordantiae,
1404 1473 1530 1530 minores
1559 1489 1630 1531 vero

166 1611 172 1618 .
280 1560 504 1622 concordantiae
527 1559 627 1619 circuli
649 1556 781 1620 residuis.
826 1557 916 1617 Verbi
939 1575 1044 1632 causa,
1078 1561 1210 1635 trigonus
1233 1567 1369 1635 aspectus
1393 1576 1450 1618 nou
1474 1560 1631 1634 respondet

281 1647 504 1709 concordantiae
528 1645 681 1724 diapante,
709 1644 762 1705 sed
793 1644 935 1721 diapason
966 1646 1169 1722 epidiapente3
1201 1646 1362 1722 quadratus
1391 1663 1449 1705 non
1473 1647 1631 1722 respondet

284 1735 480 1807 diatessaron,
510 1734 562 1794 sed
586 1733 791 1810 disdiapason;
815 1732 946 1809 quintilis
968 1750 1026 1791 non
1050 1733 1279 1804 tertiandum,
1310 1733 1362 1792 scd
1391 1735 1570 1811 compositae
1595 1752 1630 1795 ex

280 1824 336 1884 bac
359 1832 389 1883 at
411 1839 447 1882 ex
470 1821 677 1898 disdiapason3
700 1819 813 1880 sextilis
834 1836 892 1878 non
916 1821 1017 1880 tertiae
1040 1819 1130 1892 molli,
1154 1821 1205 1880 aad
1224 1820 1411 1898 disdiapason
1428 1821 1630 1898 epidiapeutc;

281 1909 444 1986 biquintilis
467 1927 526 1968 non
550 1918 651 1969 sextae
675 1897 779 1980 durae,
809 1916 952 1984 utsupra
974 1909 1181 1984 opinabamur,
1210 1907 1261 1968 sed
1283 1909 1461 1984 compositae
1485 1927 1521 1968 err
1545 1913 1632 1970 tertia

282 1997 355 2057 dura
377 2003 406 2056 et
428 2015 463 2056 cx
487 1997 644 2072 diapasou3
667 1995 844 2072 sesquadrus
866 2013 924 2054 uon
947 2003 1048 2056 sextae
1070 1995 1162 2070 molli,
1184 1995 1236 2056 sed
1259 1999 1438 2073 compositae
1461 2015 1497 2055 cx
1520 1995 1631 2058 diates-

282 2101 368 2146 saron
393 2093 421 2142 et
444 2100 479 2144 ex
503 2083 659 2160 diapason,
683 2090 715 2140 ut
736 2089 820 2158 patet
843 2081 996 2143 arcadem
1011 2084 1147 2159 utrinque
1162 2085 1350 2162 proportione
1365 2087 1458 2160 partis
1473 2083 1511 2142 ad
1526 2091 1629 2146 totum.

367 2170 401 2230 In
425 2171 481 2230 bac
503 2174 590 2248 igitur
614 2169 869 2246 correspondentia
892 2169 990 2230 nullus
1013 2177 1176 2230 occurrerat
1192 2171 1257 2229 finis
1272 2179 1452 2248 aspectuum,
1476 2187 1542 2230 cum
1564 2189 1630 2231 ma-

280 2259 359 2336 jores
390 2258 614 2318 concordantiae
644 2257 773 2317 infinitae
804 2259 881 2333 aiut,
912 2265 941 2316 et
971 2260 1021 2334 qui
1051 2257 1106 2318 hac
1128 2256 1193 2318 sola
1215 2275 1304 2317 causa
1331 2262 1475 2328 nituntur,
1507 2275 1543 2318 ex
1573 2277 1633 2336 qua

282 2344 434 2406 stabiliant
455 2346 673 2424 semiquadrum
696 2351 863 2421 aspectum,
892 2347 962 2420 quia
983 2347 1118 2404 nimirum
1149 2343 1198 2405 ille
1228 2346 1384 2421 respondet
1406 2346 1632 2408 concordantiae

283 2433 493 2510 bisdiapason,
526 2436 742 2494 excusationem
773 2430 884 2490 nullam
906 2432 1029 2506 babent,
1062 2435 1185 2508 quinat
1211 2431 1334 2493 docilem
1357 2436 1499 2510 recipiant
1528 2442 1558 2493 et
1579 2439 1633 2493 tri-

283 2520 406 2581 decilem
429 2531 458 2580 et
480 2520 644 2598 vigintilem
667 2525 696 2577 et
718 2517 858 2595 plurimos
881 2518 964 2592 alios,
987 2537 1061 2595 quos
1077 2527 1173 2580 tamen
1187 2521 1340 2595 rejiciunt3
1362 2521 1540 2598 respondent
1556 2525 1634 2582 enim

283 2615 313 2669 et
334 2608 365 2666 bi
387 2609 448 2668 suis
471 2607 685 2667 concordantiis
707 2604 877 2680 maj0ribus‚
900 2623 975 2682 quae
998 2609 1085 2666 toties
1108 2608 1294 2668 accumulant
1316 2626 1404 2669 unam
1428 2599 1562 2669 octavam
1585 2610 1634 2669 ul-

287 2697 387 2768 terius,
411 2697 527 2771 quoties
550 2695 657 2754 divisio
680 2693 780 2752 circuli
803 2692 935 2769 duplicat
956 2709 1108 2753 numerum
1129 2697 1305 2772 portionum.

371 2780 449 2857 Quid
480 2784 568 2858 igitur
601 2790 645 2840 cat
675 2779 765 2853 illud,
789 2779 868 2857 quod
899 2787 1006 2840 metam
1034 2784 1118 2858 ponit
1148 2799 1267 2842 numero
1297 2783 1493 2859 aspectuum?
1526 2789 1555 2841 ct
1583 2799 1634 2842 cur

284 2869 383 2929 nullus
405 2869 639 2946 semiquadratue
662 2867 710 2927 vel
733 2868 837 2942 ortilis,
860 2866 958 2926 nullus
982 2867 1082 2928 decilis
1105 2869 1151 2928 vel
1176 2869 1329 2943 tridecilis,
1353 2873 1409 2932 nisi
1431 2879 1544 2931 tautum
1567 2878 1635 2946 post

285 2957 436 3033 principia,
460 2955 675 3016 introducitur?
698 2971 749 3014 cur
771 2954 948 3031 aesquadrua
971 2957 1084 3016 musica
1098 2960 1272 3033 cognatione
1287 2957 1458 3040 nobilitatus
1482 2959 1528 3017 vei
1545 2961 1634 3017 omit-

286 3047 357 3102 titur
378 3042 427 3102 vel
449 3044 516 3103 vilis
539 3044 673 3117 babetur,
697 3041 880 3115 semisertus,
904 3045 934 3101 in
944 3046 1057 3103 musica
1081 3047 1257 3120 peregrinus,
1282 3061 1339 3105 uon
1355 3048 1490 3105 inseritur
1512 3053 1634 3120 tanturn,

286 3131 339 3192 aed
362 3137 391 3190 et
413 3133 487 3192 inter
509 3133 619 3208 primos
643 3129 827 3190 ostentatur?
872 3129 948 3205 Quia
971 3149 1029 3190 nou
1052 3133 1164 3191 musica
1185 3133 1291 3191 format
1312 3141 1461 3208 aspectus,
1486 3131 1537 3193 sed
1560 3151 1634 3208 geo·

286 3220 390 3279 metria
412 3227 566 3295 utrumque
588 3234 696 3295 genus,
728 3217 794 3276 aliis
825 3225 922 3276 tamen
950 3215 1064 3295 legibus
1095 3217 1193 3291 illam,
1225 3219 1292 3278 aliis
1322 3221 1385 3279 bos.
1432 3221 1484 3278 Est
1506 3222 1582 3280 euim
1605 3229 1634 3280 et

286 3306 486 3366 harmonicum
514 3309 545 3364 in
567 3307 692 3380 musica,
724 3313 754 3364 et
774 3304 876 3364 efficax
905 3307 935 3363 in
957 3307 1107 3379 meteoris,
1140 3306 1279 3383 quicquid
1301 3316 1346 3368 cat
1377 3307 1511 3384 afigura
1533 3307 1633 3384 nobili,

287 3411 363 3470 quac
386 3394 546 3469 singularia
568 3394 668 3469 aliqua
689 3393 779 3453 babet
802 3395 829 3450 in
845 3397 1007 3468 geometria
1022 3393 1186 3471 privilegia.
1231 3392 1290 3454 Sed
1312 3403 1379 3454 sunt
1394 3393 1527 3456 diversae
1543 3396 1636 3455 veluti

286 3489 399 3559 gentes,
422 3481 633 3558 meteorologia
655 3489 685 3539 et
707 3481 826 3550 musica,
851 3498 886 3541 ex
910 3481 1011 3540 eadem
1035 3483 1131 3557 patria
1152 3484 1313 3558 geometria
1335 3481 1489 3558 oriundae,
1513 3501 1635 3560 quarum

287 3569 394 3641 altera,
423 3568 479 3629 hoc
509 3576 553 3628 eat
581 3568 784 3647 proportiones
810 3569 995 3629 harmonicae
1021 3568 1072 3627 lib.
1095 3569 1157 3643 111,
1189 3572 1313 3644 patriam
1345 3569 1463 3646 quidem
1497 3571 1635 3630 circulum

286 3657 455 3717 latabantur
478 3658 564 3732 cique
587 3673 670 3715 suam
694 3657 835 3732 originem
850 3656 982 3716 serebant
998 3665 1157 3731 acceptam,
1180 3673 1238 3715 non
1253 3661 1349 3716 miuus
1365 3652 1453 3734 quam
1470 3659 1517 3717 hic
1532 3677 1636 3736 aspec-

287 3753 344 3816 tus,
368 3742 420 3802 sed
443 3751 541 3803 tamen
564 3743 632 3803 illae
655 3760 791 3819 egressae
815 3741 897 3802 velut
919 3761 955 3802 ex
977 3743 1094 3817 circulo,
1118 3743 1264 3804 coloniam
1284 3748 1433 3823 propriam
1455 3745 1636 3806 deduxerunt

287 3833 408 3907 suisque
438 3829 554 3907 legibus
578 3831 718 3906 degentes
745 3847 810 3890 sese
839 3839 1054 3907 propagaruut3
1085 3841 1222 3908 aspectus
1245 3835 1320 3892 intra
1343 3832 1481 3893 circulum
1513 3837 1635 3911 patriam

287 3935 372 3978 suam
403 3926 572 3992 manentes,
605 3918 720 3994 legibus
753 3933 811 3975 non
846 3917 911 3976 aliis
943 3924 1078 3993 utuntur,
1114 3937 1200 3994 quum
1237 3937 1310 3995 quas
1343 3919 1443 3979 circuli
1472 3922 1634 3982 rotunditas

287 4007 359 4084 ipsis
388 4008 573 4085 praescribit,
606 4005 755 4065 desumtas
785 4021 822 4063 ex
852 4004 951 4081 liguris
981 4004 1077 4082 planis
1103 4006 1286 4082 regularibus
1310 4011 1445 4085 congruis
1477 4009 1634 4070 et'circulo

288 4091 483 4170 insonaret)

374 4181 451 4242 Nam
472 4183 503 4239 in
525 4181 639 4240 musica
660 4180 885 4256 septemviratus
910 4176 965 4246 ¹ille
986 4181 1149 4239 sectionum
1173 4182 1358 4240 constituitur
1386 4199 1422 4242 ex
1444 4186 1635 4244 matrimoniis

289 4270 391 4342 certis,
420 4269 575 4330 accensitis
602 4268 691 4328 ctiam
721 4266 844 4326 laminis.
890 4265 981 4326 Verbi
1004 4283 1111 4342 causa,
1142 4269 1284 4328 subtensa
1313 4269 1406 4329 tribus
1438 4273 1551 4332 octavis
1584 4289 1634 4332 seu

289 4354 376 4416 stella
404 4356 600 4432 octangulan‘s
631 4373 667 4415 ex
697 4355 810 4414 civibus
840 4352 957 4430 quidem
988 4363 1032 4413 est
1061 4357 1090 4412 in
1113 4359 1272 4432 geometria
1303 4366 1331 4416 et
1354 4356 1447 4417 classa
1478 4357 1634 4434 figurarum

289 4442 479 4523 regularium,
502 4452 534 4505 at
561 4446 735 4521 praecipuae
767 4441 930 4502 nobilitatis
961 4459 1019 4501 nou
1051 4449 1104 4502 cst.
1149 4443 1183 4502 In
1212 4445 1324 4503 musica
1356 4461 1426 4504 aero
1456 4463 1541 4506 arcus
1573 4447 1634 4522 eJus

291 4531 367 4618 (tres
390 4539 512 4595 ecanae
535 4533 648 4607 circuli)
670 4531 768 4591 locum
790 4535 835 4591 eet
857 4538 969 4604 nactus,
994 4534 1065 4608 quia
1087 4537 1242 4592 natusest
1264 4548 1299 4591 ex
1316 4533 1472 4606 connubio,
1496 4551 1555 4611 quo
1571 4535 1634 4611 ple-

291 4665 497 4680 ffl-

369 4723 392 4776 ’)
406 4723 465 4764 llius
479 4724 565 4772 corrige
579 4725 634 4765 libro
649 4725 676 4766 da
690 4722 850 4774 Stellatibus,
869 4733 918 4779 sap.
932 4725 973 4766 1x.
987 4723 1027 4766 iol.
1041 4721 1067 4764 ³8
1081 4723 1104 4762 st
1117 4719 1143 4764 40
1156 4719 1196 4773 (11.
1210 4723 1270 4774 644),
1293 4725 1375 4775 qnippe
1388 4735 1417 4765 οι
1430 4725 1473 4765 boo
1486 4725 1557 4774 libro,
1572 4737 1635 4777 qaam

291 4777 323 4818 ibi
337 4777 376 4819 iol.
390 4775 415 4820 44
430 4773 490 4825 rats)
504 4775 568 4818 rides
588 4780 730 4828 promissum.
758 4779 817 4821 flius
838 4780 904 4824 attam
925 4780 1006 4830 supple
1020 4779 1043 4822 iu
1057 4787 1106 4820 meo
1120 4777 1197 4817 'l'srtia
1213 4779 1382 4825 lutamenisnts
1395 4787 1510 4820 numerum
1523 4777 1574 4818 bix
1594 4781 1634 4822 rub

291 4829 483 4886 bnon-Mill.)
