3698 5534
264 323 328 382 280
643 316 701 372 'De
718 315 839 372 Motibus
855 277 1029 370 Planetarnrn
1046 311 1224 368 Harmonicis.
1289 351 1297 374 ,

264 496 411 575 noncnplo
434 493 588 557 mediocris
611 493 770 554 distantias
791 491 918 554 Telluris
947 489 1066 552 eSole.
1110 491 1208 568 Hnjne
1235 491 1424 553 theorematis
1447 509 1516 552 usos
1539 455 1638 553 inira

265 601 330 662 cap.
356 589 385 647 0.
410 585 590 644 necessarius
615 585 668 643 erit
690 580 729 640 ad
751 580 1026 640 demonstrationem
1051 581 1306 640 ecccntricitetnm.

350 705 445 766 Nono.
490 705 521 766 Si
540 705 602 782 jam
624 705 690 780 ipsa
712 703 865 778 verissima
881 702 984 760 itinera
999 699 1103 760 diuma
1118 702 1259 778 cujusque
1280 701 1417 777 planetae
1440 719 1490 781 per
1512 721 1612 762 aurem

233 838 237 847 ,
264 791 430 854 aetheream
453 791 556 853 eadem
585 791 677 851 veluti
706 787 883 868 decempeda
904 787 1032 847 volueris
1060 791 1163 861 irretiri,
1188 788 1410 866 conjungendae
1438 798 1521 849 erunt
1543 808 1613 867 pro·

265 883 415 960 portiones!
435 879 519 954 duae,
544 897 602 938 nna
625 876 792 937 diumorum
816 893 933 936 arcuum
955 877 1108 935 ecesntrlci
1131 894 1263 936 verorum
1288 872 1361 958 (non
1385 874 1612 959 apparentium),

263 966 354 1026 altere
377 967 597 1028 intervallorum
619 966 761 1042 cujusque
783 984 802 1024 a
824 963 893 1026 Sole
917 962 1113 1036 mediocrium,
1137 965 1208 1040 quia
1231 963 1333 1022 cadem
1356 973 1401 1023 est
1424 973 1452 1025 et
1471 964 1612 1041 amplitu-

264 1052 340 1113 dinis
364 1055 492 1126 orbium‚
525 1055 582 1114 hoc
611 1061 671 1126 est,
701 1048 1025 1130 multiplicandus
1058 1050 1246 1127 cujusque
1276 1051 1458 1128 planetae
1491 1069 1610 1111 arcus

264 1158 375 1202 verus
403 1143 563 1202 diurnus
596 1143 634 1199 in
662 1140 721 1199 eui
752 1140 861 1199 orbis
892 1136 1236 1198 semidiametrum:
1270 1155 1327 1215 quo
1356 1140 1433 1198 iacto
1455 1139 1613 1216 prodibunt

263 1231 377 1289 numeri
403 1227 502 1289 idonei
536 1227 574 1290 ed
604 1227 832 1304 exquirendum,
864 1242 935 1284 nnm
968 1224 1020 1312 illa
1053 1227 1157 1285 itinera
1188 1227 1296 1286 iaciant
1319 1229 1522 1304 proportiones
1543 1228 1613 1286 har-

263 1333 403 1376 monicae.

351 1419 483 1480 Decimo.
527 1417 569 1480 Ut
591 1383 660 1482 vcro
682 1420 803 1492 habeas,
825 1424 966 1495 quantam
989 1415 1142 1492 quodlibet
1164 1415 1264 1476 talium
1289 1417 1456 1478 diurnorum
1478 1421 1614 1478 itinerum

264 1508 357 1567 iaciat
378 1509 593 1587 apparentiam,
629 1507 714 1567 oculo
741 1505 823 1590 velut
849 1507 878 1564 in
901 1503 971 1564 Sole
1004 1502 1163 1578 collocato,
1194 1506 1248 1564 etsi
1278 1505 1335 1565 hoc
1358 1506 1433 1566 idem
1457 1524 1494 1566 ex
1515 1514 1613 1566 astro-

262 1595 363 1655 nomia
384 1603 482 1673 potest
502 1593 669 1654 immediate
691 1597 769 1672 peti,
805 1601 901 1654 temen
924 1593 1013 1650 etiam
1035 1593 1078 1652 sic
1099 1591 1226 1668 patebit,
1259 1595 1285 1650 si
1308 1591 1455 1653 addideris
1477 1596 1612 1653 itiuemm

262 1684 442 1762 proportioni
464 1683 680 1760 proportionem
703 1697 835 1742 eversam
857 1678 1077 1738 intervallorum
1099 1696 1156 1737 non
1181 1677 1359 1755 mediorum,
1393 1681 1446 1740 scd
1469 1699 1612 1755 verorum,

265 1788 342 1848 quae
364 1777 434 1830 sunt
456 1772 562 1846 quovis
585 1771 651 1830 loco
674 1771 915 1840 eccentricornm,
945 1765 1212 1844 multiplicato
1235 1767 1375 1848 itinere
1397 1771 1612 1848 superioris

219 1905 221 1912 Α
263 1861 298 1916 in
322 1856 584 1919 intervallum
606 1857 810 1916 inferioris
834 1874 852 1914 a
873 1853 963 1914 Sole
986 1862 1020 1914 ct
1041 1855 1216 1913 vicissim
1244 1855 1386 1917 itinere
1417 1857 1613 1917 inferioris

263 1949 300 2004 in
323 1943 577 2006 intervallum
600 1945 817 2022 superioris
840 1959 859 2002 e
880 1940 976 2002 Sole.

350 2047 520 2111 Undecimo.
565 2048 627 2109 Nec
655 2050 752 2108 minue
785 2049 874 2107 etiarn
902 2063 938 2105 ex
974 2045 1050 2105 datis
1076 2046 1204 2105 motibus
1236 2048 1460 2123 apparentibus,
1494 2048 1611 2127 aphelio

263 2139 350 2197 nnius
372 2147 403 2198 et
425 2135 565 2214 perihelio
588 2135 724 2209 alterius,
756 2133 805 2194 vel
826 2135 955 2193 vicissim
978 2133 1143 2206 alternievc,
1166 2135 1367 2212 proportiones
1389 2135 1543 2196 eliciuntur
1565 2139 1613 2196 in-

263 2223 458 2287 tervallorum
483 2223 592 2302 aphelii
623 2225 710 2282 unius
739 2222 777 2282 ad
810 2220 982 2300 perihelinm
1015 2218 1155 2294 alterius;
1189 2222 1239 2280 ubi
1262 2229 1358 2281 tamen
1381 2222 1492 2284 medice
1514 2233 1612 2284 motus

150 2373 153 2384 ,
264 2319 379 2391 oportet
400 2328 464 2372 esse
486 2312 706 2388 praecognitos,
737 2326 777 2369 sc.
801 2309 1015 2388 proportionem
1044 2306 1255 2386 periodicorum
1285 2317 1446 2389 temporum
1470 2328 1612 2386 eversam,

265 2419 299 2460 ex
323 2399 430 2475 qulbus
454 2399 566 2459 elicitur
588 2397 700 2459 orbium
723 2385 880 2477 proportio,
904 2412 955 2474 per
976 2411 1053 2454 num.
1070 2394 1155 2453 VIII.
1170 2398 1374 2471 praemissum:
1397 2406 1466 2458 tunc
1488 2407 1613 2460 sumto

263 2487 390 2548 medio
421 2484 715 2565 proportionali
745 2487 843 2543 inter
874 2491 1021 2542 motum
1055 2480 1280 2544 alterutrum
1302 2495 1554 2564 apparentem
1577 2496 1613 2546 et

263 2590 367 2636 sunm
398 2571 576 2647 medinm,
604 2574 650 2632 iit
678 2579 716 2632 ut
747 2572 816 2631 hoe
847 2570 1009 2630 medium
1041 2571 1331 2647 proportionale
1361 2571 1407 2632 ad
1429 2575 1612 2634 semidia-

266 2670 428 2722 metrum
451 2661 569 2734 orbis,
596 2661 658 2737 jero
681 2660 875 2737 patefactam,
909 2659 969 2717 sic
989 2656 1136 2716 medius
1159 2667 1281 2718 motus
1310 2659 1357 2719 ad
1388 2659 1614 2722 distantiam

263 2749 323 2809 vel
346 2745 594 2812 intervallum
617 2749 842 2827 quaesitum
874 2744 939 2806 Sint
961 2742 1083 2804 duomm
1107 2743 1289 2823 planetarum
1311 2747 1461 2826 periodica
1483 2758 1614 2828 tempore

264 2839 306 2896 27
331 2843 360 2896 et
384 2837 422 2909 8,
452 2851 521 2912 ergo
544 2835 632 2896 medii
655 2842 751 2894 motus
779 2833 875 2894 diurni
907 2833 986 2892 illius
1020 2832 1058 2892 ed
1080 2833 1157 2892 hunc
1180 2841 1224 2893 est
1247 2833 1315 2909 illa,
1349 2852 1425 2910 qnae
1455 2837 1473 2896 8
1501 2837 1539 2896 ad
1562 2841 1613 2914 27,

265 2941 354 3000 quare
378 2930 462 2983 erunt
483 2923 688 2984 semidiametri
719 2922 832 2982 orbium
863 2928 897 2980 ut
919 2923 937 2980 9
961 2920 999 2980 ad
1022 2922 1051 2980 4.
1097 2921 1173 2980 Nem
1203 2921 1285 2980 radix
1315 2923 1420 2983 cubica
1451 2925 1491 2982 27
1516 2933 1561 2984 est
1585 2928 1613 3000 3,

192 3025 196 3040 ·
264 3009 300 3072 de
326 3012 344 3069 8
368 3017 413 3071 est
435 3013 475 3084 2,
506 3009 609 3069 herum
631 3007 760 3071 radicum
784 3011 802 3068 3
827 3016 855 3069 et
878 3010 898 3066 2
922 3007 1066 3084 quadrata
1088 3017 1156 3068 sunt
1180 3011 1198 3068 9
1221 3017 1251 3069 et
1275 3013 1303 3069 4.
1348 3009 1413 3070 Sint
1432 3011 1495 3087 jarn
1517 3021 1613 3074 molus

264 3104 455 3177 apparentes,
491 3098 624 3175 aphelius
649 3099 733 3157 nnius
754 3099 774 3156 2
798 3103 828 3157 et
857 3095 1015 3173 perihelins
1045 3095 1165 3158 alterius
1189 3091 1282 3179 337³.
1327 3097 1429 3158 Media
1450 3103 1615 3178 proportio·

263 3185 344 3246 nella
366 3187 440 3245 inter
461 3191 558 3244 motus
580 3184 690 3246 medice
715 3187 733 3244 8
755 3191 785 3246 et
808 3185 849 3243 27
872 3190 902 3242 et
923 3183 978 3243 hos
1000 3190 1173 3260 apparentes
1196 3192 1281 3244 erunt
1303 3187 1322 3242 4
1342 3193 1371 3246 et
1395 3187 1446 3248 30.
1490 3187 1521 3248 Si
1545 3205 1615 3264 crgo

264 3272 391 3334 medium
415 3275 435 3331 4
459 3273 511 3332 dat
531 3271 705 3334 mediocrem
737 3270 904 3330 distantiam
935 3271 1071 3349 planetae
1096 3273 1129 3343 8,
1162 3279 1231 3331 tnnc
1259 3271 1371 3332 medius
1402 3280 1499 3334 motus
1523 3275 1541 3334 8
1565 3275 1616 3336 dat

264 3361 413 3439 ephelium
436 3359 622 3420 intervallum
640 3361 689 3433 18,
712 3357 892 3438 respondens
915 3360 1067 3437 apparenti
1089 3361 1181 3419 motui
1196 3360 1232 3435 23
1256 3368 1285 3420 et
1300 3361 1326 3418 si
1341 3361 1467 3420 medinm
1491 3361 1614 3423 eltemm

265 3450 306 3508 30
329 3447 381 3507 det
402 3446 578 3509 mediocrem
602 3447 768 3507 distantiam
790 3445 909 3506 alterins
932 3445 1068 3524 planetae
1082 3448 1110 3518 4,
1135 3454 1203 3508 tunc
1225 3447 1338 3507 medius
1360 3447 1438 3508 illins
1460 3455 1613 3510 malusii

264 3535 316 3596 dal
338 3535 511 3614 perihelinm
535 3535 612 3595 illins
634 3535 819 3595 intervallum
843 3530 911 3616 3³4.
958 3534 1033 3593 Dico
1056 3535 1151 3609 igitur,
1176 3528 1341 3594 distantiam
1365 3536 1512 3615 apheliam
1534 3537 1614 3600 illius

265 3639 330 3683 esse
354 3622 586 3700 adperilrelism
608 3622 705 3700 liujus,
728 3629 761 3682 ut
787 3623 824 3680 18
847 3621 885 3680 ed
910 3617 983 3704 3325.
1029 3621 1071 3679 Ex
1096 3638 1154 3697 qno
1177 3629 1267 3700 patet,
1292 3623 1369 3698 quod
1393 3625 1521 3686 inventis
1543 3626 1615 3686 lrsr-

265 3711 370 3770 moniis
392 3712 466 3771 inter
488 3720 584 3771 motus
606 3719 750 3770 extremos
779 3709 911 3768 binorum
935 3716 965 3767 et
993 3708 1146 3785 periodicis
1180 3711 1358 3788 temporibus
1390 3714 1503 3788 utrique
1527 3730 1614 3791 praa-

264 3800 395 3876 scriptie‚
428 3800 637 3859 necessitcntnr
667 3796 822 3858 intervalla
855 3803 985 3856 extrema
1013 3803 1042 3856 et
1072 3795 1242 3872 mediocria,
1275 3815 1367 3874 quare
1397 3802 1486 3860 etiam
1509 3818 1613 3862 eccen-

267 3887 416 3948 tricitatee.
1271 3887 1282 3910 ⁸

350 3986 541 4049 Duodecimn.
586 3988 681 4048 Detur
709 3991 805 4062 ctiam,
838 4005 874 4048 ex
905 3989 991 4046 nnius
1024 3994 1052 4047 et
1076 3967 1209 4064 ejusdem
1237 3988 1375 4067 plsnetne
1403 3991 1532 4052 motibus
1560 4009 1612 4053 ex·

145 4086 150 4094 ’
263 4077 361 4136 tremis
377 4076 500 4137 diversis
515 4077 645 4137 invenire
667 4083 799 4136 motum
823 4073 985 4136 medinm.
1008 4073 1066 4136 Hic
1081 4078 1158 4136 enim
1174 4093 1231 4136 non
1255 4080 1384 4155 praecise
1406 4087 1451 4138 est
1472 4079 1612 4140 millene·

265 4165 355 4223 ticum
377 4164 505 4224 medinm
527 4166 602 4224 inter
622 4171 720 4224 motus
742 4172 901 4236 extremos,
931 4179 985 4223 nec
1007 4167 1137 4240 praecise
1160 4164 1294 4224 medium·
1310 4169 1536 4242 geometricum,
1559 4167 1611 4229 sed

264 4257 346 4311 tanto
367 4253 461 4312 minor
483 4255 659 4328 geometrico
682 4250 793 4326 medio,
826 4255 936 4327 quanto
959 4249 1087 4310 medium
1109 4255 1316 4327 geometricum
1338 4254 1434 4313 minus
1456 4261 1502 4316 est
1523 4272 1610 4330 qnam

264 4337 391 4398 medium
423 4341 498 4399 inter
528 4347 692 4416 utrumque.
736 4341 802 4398 Sint
830 4339 888 4398 dno
918 4346 1016 4398 motus
1043 4341 1162 4399 extremi
1187 4342 1205 4399 8
1228 4349 1257 4400 et
1281 4342 1339 4414 10,
1372 4341 1485 4401 medius
1514 4351 1611 4403 motus

266 4427 320 4483 erit
340 4425 434 4485 minor
456 4443 544 4501 qnam
569 4429 603 4502 9,
626 4428 719 4487 minor
741 4428 828 4487 stiam
852 4442 941 4504 quam
963 4425 1045 4486 radix
1069 4427 1105 4487 de
1129 4429 1187 4506 80,
1211 4425 1330 4488 dimidio
1353 4430 1432 4505 ejus,
1464 4429 1543 4504 quod
1566 4437 1611 4490 est

265 4511 341 4571 inter
369 4519 537 4590 unumque,
570 4515 588 4574 0
621 4521 651 4575 et
683 4515 744 4576 red.
776 4514 812 4576 dt
837 4516 887 4576 80.
932 4513 979 4573 lta
1009 4516 1034 4574 ei
1064 4517 1102 4574 sit
1128 4515 1263 4592 cpbslins
1287 4517 1345 4586 20,
1375 4516 1535 4594 perihelins
1558 4519 1608 4592 24,

265 4606 362 4658 motus
383 4600 496 4661 medius
518 4603 572 4662 erit
593 4605 687 4663 minor
708 4620 795 4680 qnam
819 4605 875 4679 22,
908 4603 1003 4662 minor
1026 4605 1114 4664 etiam
1136 4619 1225 4678 quam
1248 4603 1330 4663 radix
1354 4602 1390 4664 de
1413 4606 1491 4677 480,
1522 4605 1610 4664 dimi·

266 4684 315 4746 dio
338 4686 417 4764 ejus,
450 4686 528 4764 quod
556 4696 601 4750 est
630 4693 705 4752 inter
732 4691 808 4754 hanc
836 4690 964 4754 radicem
994 4699 1024 4752 et
1047 4693 1096 4752 22.
1141 4689 1239 4768 Hujus
1262 4691 1450 4756 theorematis
1472 4709 1543 4754 oens
1565 4681 1639 4754 est'

265 4777 295 4838 in
316 4776 459 4860 sequenti,
