3480 5548
257 357 321 442 os
641 358 912 448 apostostolus
928 372 1221 443 mumurantem

344 551 440 625 Prop.
457 550 493 609 11
528 551 648 610 Dimidia
665 556 792 626 apotome
808 553 940 611 consonat
957 549 1009 606 toti
1027 554 1055 605 et
1071 547 1204 618 lemmati,
1222 552 1252 625 et
1267 547 1366 604 lemna
1382 545 1442 603 toti.
1477 545 1548 604 dian
1564 546 1602 604 di

257 627 341 706 midia
359 636 402 686 εει
419 631 586 701 geometrica
604 632 657 700 (aa.
676 631 786 702 gaona),
806 645 870 703 crgo
889 637 1021 690 consonat
1038 629 1090 686 toti
1107 637 1159 692 (ax.
1174 631 1197 688 ι.
1212 627 1299 694 mua).
1328 626 1381 684 Eat
1397 631 1489 684 ειιεει
1506 639 1603 696 aequa·

258 709 293 766 lis
310 709 430 783 luminati
448 709 512 783 (dei.
537 711 662 781 comm),
681 715 813 766 consonat
829 711 912 781 igitur
929 710 1010 775 (dat).
1047 709 1101 768 Sed
1119 715 1147 766 ει
1162 708 1262 764 lemma
1278 706 1328 762 toti
1345 704 1394 776 (1).

345 786 443 859 Prop.
461 789 514 846 111.
550 789 644 846 Tertia
660 791 697 859 (1)
716 805 777 846 cum
794 790 920 848 lemmata
938 807 988 850 suo
1007 791 1043 861 (2)
1060 795 1192 848 consonat
1216 793 1243 842 at
1266 792 1380 854 utraque
1404 801 1467 842 cum
1484 791 1544 842 tota
1560 785 1604 854 (6).

262 869 332 940 Nam
350 870 448 925 tertiae
465 871 480 925 1
500 869 600 927 lemma
616 873 658 925 est
674 870 706 941 2,
730 885 794 939 argo
814 885 961 927 consonum
983 886 1033 942 pcr
1048 869 1174 941 priorem.
1210 865 1248 922 Et
1270 865 1350 920 tertia
1368 867 1411 920 εει
1434 863 1606 934 geometrica,
1719 903 1720 906 ¹

261 963 327 1017 ergo
345 961 466 1004 consona
483 949 542 1004 toti.
578 947 668 1016 Quare
687 951 715 1002 ct
733 945 845 1017 lamma,
864 947 924 1018 ejus
943 948 1066 1019 duplum,
1085 953 1128 1004 ost
1143 947 1195 1002 toti
1213 960 1371 1001 consonum.

347 1027 447 1098 Prop.
465 1027 512 1084 IV.
548 1026 651 1097 orno
673 1042 735 1083 cum
756 1024 882 1082 lemmate
901 1025 1031 1083 consou'at
1051 1033 1079 1082 ει
1097 1034 1211 1096 utraque
1234 1040 1297 1080 oum
1313 1029 1379 1080 tota
1415 1021 1520 1092 Quane
1537 1021 1606 1077 enim

264 1105 382 1166 thabat
400 1105 497 1163 lemma
514 1107 539 1178 3,
558 1121 619 1170 cum
637 1121 670 1162 eo
689 1106 777 1176 igitur
794 1105 1005 1177 consonatum
1022 1111 1051 1161 ιι
1068 1107 1232 1175 geometrica
1243 1109 1294 1173 est,
1313 1119 1377 1173 ergo
1390 1117 1451 1159 cum
1468 1107 1529 1160 tots
1546 1118 1606 1160 cou-

263 1189 349 1241 sonat.
385 1184 475 1255 Quum
492 1201 556 1257 ergo
574 1186 591 1242 3
610 1201 671 1242 cum
697 1187 709 1239 ι
730 1191 877 1256 consonat,
895 1185 976 1242 etiam
994 1199 1055 1241 cum
1072 1185 1131 1254 ejns
1151 1183 1302 1255 quadruplo
1320 1181 1487 1239 consonabit

349 1265 442 1336 Prop.
462 1261 494 1335 ¹V.
531 1265 632 1329 Quinta
649 1280 711 1322 cum
734 1263 861 1320 lemmate
878 1269 1011 1320 consonat
1027 1269 1057 1320 et
1074 1265 1189 1334 utraque
1208 1281 1269 1321 cum
1286 1269 1353 1320 tota.
1389 1261 1490 1332 Quinta
1507 1260 1606 1317 enimi

262 1343 347 1401 habet
363 1343 461 1400 lemma
477 1343 510 1415 4,
527 1359 588 1399 cum
607 1358 641 1401 eo
658 1343 742 1413 igitur
759 1350 891 1400 consonat
908 1343 951 1412 (ι)
970 1349 998 1398 ει
1014 1343 1179 1413 geometrica
1196 1350 1250 1414 εει,
1274 1358 1338 1415 orgo
1357 1359 1418 1401 cum
1435 1349 1496 1400 tota
1512 1343 1530 1398 5
1548 1355 1608 1397 oon·
1721 1407 1722 1416 ¹

263 1430 350 1479 sonat.
389 1422 460 1492 Quia
477 1436 541 1491 erpo
559 1423 576 1476 5
595 1429 726 1480 consonat
741 1439 804 1478 cnm
824 1425 848 1492 ι,
866 1421 1024 1479 consonabit
1041 1421 1122 1478 emm
1140 1439 1201 1482 cum
1220 1423 1278 1493 ejus
1296 1421 1448 1494 quadruplo
1466 1422 1492 1480 4.

348 1500 444 1572 Prop.
463 1499 513 1558 VI.
548 1500 854 1570 Sextacumlemmate
872 1508 1003 1560 consonat
1026 1506 1186 1571 statasque
1209 1517 1270 1558 cum
1291 1508 1357 1558 tota
1393 1501 1508 1560 Sextai
1529 1497 1610 1556 habat

136 1611 142 1622 ι
262 1581 410 1650 lemmait,
437 1596 498 1635 cum
516 1595 548 1636 ει
566 1579 649 1650 igitur
667 1590 798 1639 consonat
815 1583 881 1646 (IV.)
898 1589 926 1638 et
940 1583 1104 1655 geometrica
1122 1589 1176 1652 εει,
1201 1597 1265 1649 erpo
1284 1597 1345 1636 cum
1362 1586 1422 1637 tota
1438 1581 1455 1638 6
1473 1584 1610 1652 consonat

262 1658 315 1713 Vei
331 1657 523 1729 interponatur
540 1659 556 1714 3
574 1657 677 1715 interi
698 1667 727 1716 et
744 1662 761 1720 6
784 1669 811 1717 ει
829 1662 960 1732 probetur
976 1662 1031 1718 hoc
1053 1677 1103 1732 per
1124 1659 1163 1729 1.,
1186 1661 1236 1718 111.
1272 1661 1398 1730 Denique
1416 1660 1448 1733 ᾗ,
1467 1666 1534 1717 suut
1551 1675 1610 1732 geo
1722 1691 1723 1714 ι

264 1738 400 1808 matricae,
420 1743 555 1793 consonat
571 1737 654 1808 igitur
670 1739 687 1796 3
704 1756 765 1795 aum
785 1743 833 1810 10,
844 1756 928 1811 quare
946 1747 974 1796 ει
992 1741 1009 1797 6
1027 1757 1088 1797 cum
1104 1742 1140 1797 10
1156 1741 1213 1810 (1.),
1232 1757 1317 1812 quare
1334 1748 1363 1796 et
1380 1741 1397 1798 6
1414 1757 1475 1796 cum
1493 1741 1517 1796 5.

351 1817 450 1886 Prop.
470 1814 531 1872 vn.
565 1818 645 1873 Duae
669 1819 779 1888 quintae
805 1827 954 1878 consonant
979 1837 1039 1876 cum
1060 1819 1186 1876 lemmata
1210 1824 1238 1873 et
1262 1835 1323 1875 cum
1346 1824 1413 1876 tota
1449 1819 1521 1876 Nam
1545 1817 1612 1873 duae

241 1947 243 1955 .
265 1895 376 1966 quinae
393 1894 411 1950 2
428 1892 531 1952 habent
547 1894 646 1951 lemma
664 1899 693 1967 3,
718 1913 781 1968 argo
800 1898 1047 1969 consonantium,
1072 1903 1100 1952 ct
1117 1897 1296 1966 geometricae
1317 1904 1394 1969 sunt,
1419 1912 1483 1968 argo
1502 1897 1612 1968 ipsas2
1723 1943 1724 1950 ,

266 1987 328 2028 con
345 1978 404 2028 tota
422 1974 615 2042 tconsonant
649 1975 776 2046 Denique
794 1979 811 2035 5
828 1993 890 2035 cunr
907 1978 925 2035 6
942 1982 1074 2034 consonat
1091 1975 1173 2060 (vr),
1191 1991 1275 2046 quara
1293 1978 1354 2034 ιιι
1373 1993 1433 2034 cum
1451 1977 1469 2032 4
1486 1977 1546 2047 (1.).

335 2034 435 2123 Prop.
453 2051 527 2108 v111.
563 2052 630 2110 Tres
648 2061 760 2112 octavae
783 2063 933 2113 consonant
954 2072 1015 2112 cum
1033 2057 1159 2112 lemmate
1180 2061 1210 2112 et
1229 2071 1289 2112 cum
1306 2061 1372 2113 tota
1406 2056 1477 2114 tiam
1494 2062 1554 2114 tres
1571 2073 1613 2116 oc·

266 2135 345 2188 torae
363 2131 379 2190 ³
396 2130 495 2188 lemma
515 2131 618 2191 habent
634 2136 665 2204 5,
687 2148 751 2205 orgo
773 2141 924 2194 consonant
941 2135 1036 2205 (VII.);
1061 2141 1089 2190 et
1110 2139 1173 2189 sunt
1195 2133 1387 2204 geometricae,
1415 2148 1480 2206 ergo
1503 2137 1613 2208 ipsaei

253 2227 328 2266 ·cum
346 2216 406 2276 tota
421 2210 439 2266 8
457 2218 612 2269 consonant
648 2213 772 2286 Denique
790 2217 807 2273 5
824 2233 887 2272 cum
909 2218 920 2273 ι
941 2216 1001 2284 (Vt,
1019 2230 1084 2286 ergo
1101 2219 1130 2270 et
1147 2229 1209 2268 cum
1227 2213 1286 2282 ejus
1304 2211 1414 2284 octuplo
1431 2211 1450 2270 8
1467 2214 1519 2284 (1.).
1724 2251 1725 2262 2

355 2289 406 2346 His
422 2289 506 2361 igitur
529 2292 546 2348 8
563 2293 869 2365 propositionibus,per
885 2300 978 2364 partes
996 2293 1197 2350 demonstratur
1221 2292 1273 2350 hoc
1296 2291 1539 2355 corollarium,
1555 2311 1614 2352 cun
1724 2291 1725 2294 ’

266 2373 327 2425 tota
344 2369 373 2425 iu
390 2369 407 2425 2
425 2376 517 2441 partes
536 2379 611 2428 secta
628 2371 644 2428 3
662 2371 763 2429 fuerint
780 2375 921 2444 constituti
937 2373 1046 2432 termini
1063 2373 1188 2444 interque
1205 2372 1266 2430 iilos
1284 2373 1303 2429 2
1319 2372 1420 2430 mount
1437 2387 1561 2432 consona
1577 2376 1615 2430 iu·

266 2448 392 2520 ιετεειιε,
410 2449 521 2505 tertium
539 2450 619 2505 etiam
637 2451 690 2508 srit
708 2467 865 2510 consonum.
1142 2515 1145 2524 ,

353 2528 397 2583 Ex
414 2528 467 2584 hoc
485 2529 674 2587 universaliter
691 2538 803 2602 accepto
822 2530 1023 2588 demonstratur
1039 2531 1232 2597 hooaiterum:
1252 2547 1313 2587 cunr
1325 2536 1384 2587 tota
1400 2531 1429 2588 iu
1441 2532 1511 2589 duaa
1522 2541 1614 2604 partes

267 2613 342 2662 secta
360 2608 376 2664 3
392 2607 494 2666 inerint
510 2609 651 2666 constituti
668 2611 775 2668 tormini
791 2611 916 2684 interque
933 2613 996 2668 illos
1013 2627 1097 2668 unum
1119 2609 1202 2666 iuarit
1218 2607 1390 2667 intervallum
1411 2609 1567 2684 dmsonum,
1588 2617 1615 2668 et
1725 2633 1726 2638 ¹

148 2775 151 2782 Ι
267 2686 382 2744 aiterum
400 2686 540 2743 dissonum
556 2688 615 2744 erit.
886 2699 893 2714 ·

357 2765 532 2835 consequens
556 2773 599 2822 εει
623 2766 729 2838 prioris.
764 2768 835 2826 Nam
852 2773 881 2828 si
906 2769 990 2828 undu
1013 2770 1101 2828 solum
1127 2769 1280 2842 dissonum,
1305 2769 1359 2827 duo
1377 2775 1469 2826 εεεειι
1486 2785 1614 2827 consona

270 2845 300 2902 ti
317 2844 371 2902 duo
389 2861 517 2916 consona,
535 2845 589 2902 tria
605 2845 697 2918 igitur,
718 2865 768 2920 per
784 2853 951 2922 praecedens
975 2850 1155 2908 corollarium.
1189 2849 1226 2906 st
1248 2849 1301 2907 hoc
1319 2854 1414 2906 contra
1435 2851 1615 2920 suppositum.
1726 2899 1727 2908 ,

269 2923 441 2982 Ponebamus
459 2926 530 2982 enim
548 2944 630 2983 uuum
649 2927 788 2986 dissom
805 2931 890 2988 initio.
1125 2958 1127 2972 ·

356 3005 451 3078 Prop.
468 3005 517 3063 lx.
554 3007 676 3079 Septima
691 3024 745 3066 uua
762 3008 806 3065 rel
824 3011 841 3066 2
858 3009 902 3066 rel
920 3011 936 3066 6
954 3024 1016 3066 cum
1032 3008 1203 3066 lemmatibus
1216 3012 1373 3076 consonant,
1392 3013 1508 3074 utraque
1526 3021 1545 3061 a
1561 3013 1616 3064 eota

271 3082 400 3142 dissonat
435 3085 506 3142 Nan
523 3102 578 3143 una
600 3086 747 3157 septimai
776 3090 859 3146 habet
882 3089 980 3145 lemma
997 3091 1029 3158 6,
1053 3095 1204 3146 consonant
1223 3088 1305 3159 igitur
1322 3087 1407 3158 (vi),
1431 3087 1492 3156 ει(
1515 3087 1616 3146 habent

271 3162 369 3220 lamma
385 3166 414 3236 ι,
433 3174 585 3235 consonant
599 3165 684 3236 igitur
701 3171 768 3243 (Vi,
792 3178 820 3227 et
837 3169 854 3240 ι
871 3171 975 3228 habent
985 3235 987 3240 ¹
997 3169 1095 3226 lemma
1115 3168 1146 3240 a,
1171 3175 1322 3224 consonant
1342 3165 1425 3238 igitur
1441 3165 1527 3236 (iva.
1564 3167 1615 3230 ded

237 3303 243 3314 ,
272 3251 456 3312 ageometrota
473 3255 536 3304 suut
556 3256 608 3313 (ax.
627 3247 645 3303 2
668 3259 778 3322 geom),
802 3251 943 3308 dimensus
964 3250 1046 3318 iffl'tur
1063 3248 1116 3318 (ax.
1135 3247 1152 3304 2
1173 3249 1253 3316 mus.)
1276 3263 1293 3304 a
1319 3253 1378 3302 toto
1396 3248 1421 3302 7.
1457 3245 1496 3302 Et
1520 3247 1615 3316 quiai

272 3321 396 3378 dissonat
419 3330 511 3382 atoto
530 3327 560 3398 7,
583 3343 647 3398 ergo
672 3331 734 3396 et6
757 3330 881 3388 ειιεειιιει
901 3347 920 3385 a
940 3333 998 3386 toto
1016 3329 1033 3383 7
1051 3327 1105 3398 (1.).
1142 3326 1187 3382 Sic
1209 3325 1308 3400 quiet
1331 3323 1454 3382 dissonat
1476 3339 1494 3380 a
1515 3333 1576 3382 toto
1593 3327 1615 3396 7,

272 3402 354 3460 ettam
370 3403 388 3458 ι
406 3403 528 3462 dissonat
545 3424 562 3464 a
579 3414 637 3465 toto
655 3409 680 3466 7.

358 3482 454 3554 Prop.
473 3484 507 3540 X„
543 3485 644 3544 Octava
662 3504 723 3545 cum
739 3494 798 3546 tota
815 3495 954 3559 consonat,
972 3487 1071 3544 lemna
1085 3489 1119 3547 ab
1137 3491 1252 3558 unaque
1270 3485 1398 3543 dissonat
1434 3485 1506 3543 iiam
1523 3493 1618 3545 octava

273 3562 287 3616 1
308 3563 472 3636 geometrica
488 3570 544 3636 εει,
568 3573 700 3626 consonat
720 3567 803 3637 igitur
826 3584 888 3624 cum
910 3569 935 3625 6.
957 3567 1022 3628 ‚vol
1043 3582 1092 3638 per
1109 3567 1131 3623 1.
1154 3571 1197 3624 εει
1219 3566 1347 3622 continua
1370 3558 1465 3638 dupla:
1491 3564 1617 3622 continua

272 3639 356 3712 igitur
371 3659 501 3702 consona.
1125 3709 1131 3720 ‚
1633 3651 1638 3662 “

359 3723 386 3779 ιι
390 3729 453 3779 ota
489 3723 601 3783 Falsum
618 3729 727 3801 ast.„²„
747 3728 779 3801 ,ᾖ
797 3743 858 3786 εεεε
876 3719 1073 3799 harmonicum,
1097 3728 1150 3786 otei
1167 3728 1204 3784 eit
1226 3723 1441 3784 demonstrabile
1476 3723 1523 3780 Sic
1541 3724 1619 3780 etiam

273 3800 385 3877 ,1,,11
421 3803 506 3860 Ecce:
526 3805 572 3879 ἦ,
593 3808 788 3880 ,traiectum
807 3809 982 3878 aposta,
1000 3809 1043 3882 ,1,
1078 3807 1266 3879 Quodmten
1286 3805 1539 3874 dissonatavoce,
1568 3803 1619 3859 dis

275 3890 356 3939 sonat
373 3882 454 3940 etiam
473 3899 490 3940 a
507 3901 574 3941 voca
592 3893 696 3945 occasa
732 3889 777 3946 Sic
795 3889 877 3945 etiam
896 3889 944 3962 ᾗ,
963 3890 996 3962 (ι
1015 3889 1169 3959 dissonant,
1188 3902 1251 3958 arpo
1270 3891 1298 3940 et
1315 3885 1363 3956 ἦ,
1381 3885 1424 3955 (ι.
1460 3883 1618 3953 Igiturcau·

274 3964 321 4021 tio.
358 3962 444 4021 Omne
462 3964 555 4022 circuli
573 3974 740 4036 sementum
759 3976 880 4040 quotum,
899 3969 1062 4040 geometrice
1078 3975 1222 4037 rmactum,
1239 3965 1451 4032 conuocatos,
1474 3963 1549 4032 quod
1567 3979 1619 4019 non

275 4049 319 4098 est
342 4059 403 4098 cum
426 4043 583 4100 dissonante
605 4044 634 4101 in
650 4049 827 4119 proportione
852 4052 980 4106 contium
1006 4047 1097 4118 dupla
1132 4049 1203 4104 Nam
1220 4046 1254 4119 ,1,
1277 4043 1410 4114 dissonat,
1433 4043 1462 4098 id
1479 4049 1524 4098 est
1541 4044 1576 4114 (ι
1594 4051 1621 4100 ct

277 4121 311 4193 ,1,
329 4129 372 4178 εει
389 4123 535 4189 dimidium.
572 4125 618 4182 Sic
636 4127 670 4199 ἦ
689 4127 732 4184 val
749 4129 784 4201 ι(
802 4145 866 4202 ergo
885 4130 927 4203 ἡ.
964 4126 1206 4202 &oppidano
1225 4125 1332 4198 ,1,(1
1359 4121 1505 4192 Hieigitur
1522 4119 1621 4176 desinit

276 4202 401 4268 oequatio
420 4205 566 4262 subtsusae
583 4222 645 4262 cum
664 4207 794 4265 diametm
817 4207 928 4265 afficere
951 4223 1050 4280 aures.¹
1075 4208 1119 4265 En
1136 4206 1191 4261 huo
1213 4206 1294 4262 etiam
1316 4202 1434 4274 {imm
1455 4201 1620 4272 duifldffl·

159 4299 164 4314 ·
278 4275 484 4431 ξιιιῗέιιειε
500 4287 537 4419 ἐι,
554 4291 597 4342 εει
614 4287 820 4358 geometricum,
839 4286 889 4343 sad
906 4286 971 4356 quia
989 4288 1022 4359 ἡ
1040 4286 1232 4356 geometricum
1249 4292 1277 4341 ot
1294 4284 1327 4357 (ι
1345 4289 1533 4352 auarmoston,
1557 4297 1619 4353 erpo

412 4374 499 4419 armos
513 4380 556 4423 ou.
827 4389 832 4402 .

339 4509 344 4524 ‘
365 4499 508 4555 Horwartua
525 4510 665 4572 respoudit:
683 4509 846 4562 Ehceurester
863 4512 910 4561 etc.
945 4509 1015 4560 Thoe
1032 4508 1097 4558 nnioh
1116 4507 1159 4557 der
1176 4505 1390 4556 Communication
1408 4504 1509 4568 desua,
1532 4519 1561 4556 ao
1580 4505 1620 4556 dar

279 4569 347 4621 flffl
364 4571 394 4621 (ιθ
412 4573 560 4643 11⁸monitis
579 4579 703 4646 discurirt,
721 4581 867 4630 bedancken
884 4578 935 4629 und
945 4579 1012 4642 ἰιιι,
1032 4579 1065 4630 Er
1081 4579 1154 4628 roilo
1172 4579 1247 4628 unico
1265 4577 1340 4627 serbo
1361 4575 1497 4640 audantes,
1515 4591 1566 4626 was
1582 4575 1620 4625 sdr

280 4642 352 4692 einen
371 4643 498 4694 authorem
517 4651 583 4696 einer
600 4651 740 4714 auitugnch
759 4652 827 4703 lesan
845 4651 955 4716 mdchte,
982 4659 1053 4699 saun
1080 4652 1121 4699 ein
1139 4649 1321 4699 harmoniarum
1337 4646 1452 4710 marus,
1474 4648 1619 4707 geometriae

280 4712 366 4761 Μ
385 4711 526 4774 ⁸litiutlltir
542 4730 645 4782 Silarus,
663 4725 743 4785 prima
759 4724 883 4788 principia
900 4723 970 4772 recht
986 4721 1037 4770 und
1055 4719 1181 4770 leichtiich
1198 4717 1324 4778 bagreiicn
1340 4713 1432 4766 wollte.

367 4783 442 4832 liaun
459 4784 507 4834 rol
524 4799 593 4854 soyn,
611 4789 667 4840 deas
682 4784 725 4844 'ich
744 4793 799 4843 dem
817 4791 900 4846 Herru
918 4792 958 4842 dte
970 4790 1122 4842 Harmonice
1132 4789 1268 4839 Ptolemaei
1285 4801 1329 4836 ror
1345 4784 1437 4836 diesem
1456 4785 1616 4848 mgeachictt,

281 4853 325 4906 sed
342 4851 443 4907 dinnde
460 4859 596 4910 momatur.
631 4859 696 4910 weil
713 4863 752 4914 ιιι
771 4864 830 4916 aber
846 4863 965 4927 versute,
983 4860 1039 4912 dass
1057 4862 1094 4913 sie
1111 4859 1170 4910 dbel
1186 4859 1295 4926 candart,
1316 4859 1390 4920 berar
1406 4854 1447 4906 tols
1466 4856 1541 4906 deren
1558 4855 1617 4905 anet
