3698 5534
757 369 841 428 Liber
856 369 1013 445 illilsput
1028 369 1075 428 IV.
1524 375 1584 440 w

241 537 333 598 duras
351 544 548 600 accuratissimi
565 546 677 602 veniunt
700 545 735 602 sd
758 546 936 604 iustrumenta
954 549 1089 620 senseris3
1115 550 1143 604 in
1160 549 1296 606 taetilihas
1323 555 1414 606 ιιιιιιι
1438 551 1487 606 ιιι
1502 547 1586 622 nulla,

242 629 273 676 ιιι
289 621 386 678 solunt
404 624 575 696 philosophi,
594 635 643 682 ant
660 625 833 683 obtusissima
850 633 879 682 et
896 627 1099 698 confusissime,
1118 635 1150 690 ut
1167 629 1232 684 mihi
1244 631 1354 701 placet,
1381 629 1462 686 datur
1480 625 1587 684 emisam

242 702 343 771 speciei
361 703 403 760 vel
422 703 549 777 defluxio,
568 706 678 763 veniens
696 705 731 761 ad
749 711 850 762 tactum
869 721 886 761 a
903 709 987 764 rebus
1005 715 1145 764 remotum.
1180 709 1268 780 igitur
1285 710 1335 766 etsi
1354 709 1475 765 medicus
1493 719 1587 762 omues

242 789 269 836 et
288 797 417 838 ιιιιιιιιιιιι
434 789 462 839 ιι
476 785 576 864 mentis
593 785 737 844 facultates
756 783 893 856 sollicitet,
912 800 1005 842 omues
1017 787 1188 855 conjecturas
1200 790 1326 859 excudat,
1347 802 1485 858 nunqnam
1497 793 1587 840 ιιιιιιιι

242 858 277 914 ιι
296 859 323 914 ιι
341 857 629 935 ιιιίιίιιιίιιιιπιιιίι,
646 873 677 921 ut
695 871 791 920 exacte
809 863 922 920 definire
939 865 1028 934 possit
1046 867 1224 933 quantitatem
1242 865 1374 936 humdris,
1394 867 1467 922 intua
1485 865 1512 919 in
1530 877 1588 918 cor·

240 953 306 1007 pore
325 942 474 1011 peccantis,
492 949 540 998 ent
557 943 659 1000 humidi
672 943 807 1011 radicalis,
825 949 855 998 et
865 943 1067 1013 proportionem
1083 951 1237 1001 accuratam
1249 945 1320 1001 illius
1337 945 1371 1001 ad
1383 943 1454 1000 vires
1466 947 1587 1010 naturae,
1676 1006 1680 1017 Ι

240 1013 324 1084 hujus
341 1017 377 1072 ad
394 1019 512 1076 calorem
529 1021 664 1092 ιιιιίιιιιιι,
691 1023 756 1091 quia
773 1037 826 1076 non
845 1019 925 1078 datur
941 1021 993 1092 ipsi
1016 1023 1117 1092 corpas
1132 1023 1238 1094 ingredi
1265 1030 1292 1080 et
1309 1040 1399 1091 coram
1415 1021 1515 1078 intueri
1540 1025 1588 1074 aut
1646 1073 1649 1082 ,

240 1093 392 1162 ponderare
409 1099 511 1164 omnia,
537 1117 589 1156 nec
606 1102 712 1170 species
730 1101 803 1156 toras
820 1099 941 1154 veniant
978 1099 1052 1156 Haec
1079 1101 1263 1158 videturesse
1280 1103 1397 1172 genuina
1419 1115 1514 1168 causa,
1540 1111 1589 1154 cur

240 1171 267 1224 in
285 1173 433 1230 matanatis
450 1179 639 1248 proportiones
658 1177 847 1255 alterationem
865 1195 920 1234 non
940 1179 1203 1252 euimadvertnutur,
1221 1199 1276 1240 non
1293 1181 1351 1249 llla,
1373 1197 1453 1252 quam
1470 1179 1589 1236 insinuat

240 1251 407 1318 Ptolemaios
425 1272 477 1310 vor
495 1257 688 1328 instabilitatis,
707 1259 760 1314 hoc
771 1266 861 1314 ‘sensu
880 1265 976 1314 sumta.
1011 1259 1101 1315 hlium
1119 1259 1202 1328 lpitur
1219 1262 1278 1330 ejus
1291 1277 1399 1317 sensnm
1419 1270 1588 1330 quaeramus·

240 1329 377 1386 Fortassis
396 1335 466 1388 enim
485 1335 537 1390 hoc
554 1335 612 1390 rult
630 1336 729 1392 dicere:
759 1353 849 1394 crassa
869 1336 1063 1394 elementorum
1081 1340 1108 1393 in
1126 1339 1307 1395 animantibus
1330 1347 1358 1394 et
1377 1337 1507 1394 similibus
1525 1349 1588 1390 sans

241 1408 341 1464 habers
359 1408 532 1482 latitudines,
552 1420 583 1470 ut
598 1431 649 1470 nec
667 1417 762 1472 aedem
781 1417 904 1473 omnibns
922 1433 973 1473 nec
991 1431 1098 1486 semper
1116 1417 1209 1474 sedem
1228 1417 1344 1489 singulis
1364 1418 1399 1472 sit
1417 1431 1501 1472 cauas
1518 1417 1588 1471 sani·

139 1541 147 1550 ,
187 1549 194 1562 ,
242 1487 310 1542 tetis
335 1487 377 1544 sel
400 1492 500 1560 morbi3
527 1509 559 1548 ae
577 1494 628 1549 etsi
646 1509 766 1554 summus
786 1497 910 1555 sanitatis
930 1497 1020 1568 cpiier
1038 1498 1066 1552 ln
1085 1505 1159 1552 certo
1178 1497 1299 1552 dimenso
1322 1511 1430 1553 crassos
1448 1495 1588 1564 consistat,

159 1639 163 1648 Ι
240 1567 317 1625 ohrni
340 1573 430 1623 tamon
448 1570 524 1626 illurn
548 1574 582 1628 ab
609 1563 741 1630 infinitite
759 1590 873 1632 craaeon
896 1575 1022 1648 aliarum,
1050 1585 1081 1632 ut
1109 1577 1182 1632 cerni
1206 1583 1324 1644 nequeat
1352 1591 1402 1631 nec
1421 1573 1589 1644 experientia

239 1651 379 1722 constitui,
398 1651 431 1706 ab
450 1651 496 1706 illo
515 1651 631 1722 scilicet,
651 1654 697 1722 qni
715 1653 807 1724 opifex
825 1657 864 1711 rei
882 1669 935 1711 non
955 1655 1019 1725 tuit,
1038 1671 1088 1712 nec
1106 1657 1195 1711 ideam
1214 1655 1273 1723 ejas
1292 1669 1383 1712 secum
1402 1654 1436 1709 ad
1454 1653 1588 1710 fabrican-

239 1728 301 1784 dam
319 1747 379 1787 eam
397 1725 499 1786 ebulit.
535 1731 596 1788 Hoc
614 1748 696 1787 sensu
724 1733 909 1789 instabilitatis
935 1735 1096 1791 vccabulum
1123 1751 1172 1806 pro
1195 1749 1263 1790 voce
1287 1735 1404 1792 remotas
1430 1737 1587 1803 usurpatur,

171 1869 175 1886 Ι
238 1807 339 1879 illaque
357 1809 398 1866 rel
416 1823 466 1880 per
481 1809 587 1864 diuersa
605 1810 727 1879 subjecta
745 1819 892 1880 spectetur,
912 1828 981 1882 qaae
1000 1815 1088 1884 priore
1109 1829 1190 1870 sensu
1208 1814 1236 1868 in
1252 1811 1367 1881 subjecti
1387 1810 1508 1882 ejusdem
1525 1825 1588 1865 con·

239 1887 314 1942 tiuuo
332 1895 408 1944 motu
425 1888 515 1944 locum
532 1887 665 1959 hahebat,
692 1888 734 1945 rel
753 1891 775 1944 si
794 1890 875 1945 edam
901 1892 946 1948 hic
964 1891 998 1948 de
1020 1895 1115 1949 eodem
1133 1893 1258 1961 subJectc
1283 1889 1468 1962 cogitandum,
1496 1895 1543 1943 aut
1560 1885 1588 1942 id

129 1995 131 2003 v
238 1960 433 2036 consideratur,
452 1973 483 2022 nt
499 1967 586 2023 multa
603 1968 675 2024 inter
692 1984 721 2024 se
734 1969 841 2026 ιιιιιιι
855 1987 905 2040 per
915 1978 1067 2044 temporum
1081 1973 1271 2041 diversitatem,
1291 1979 1338 2028 aut
1354 1971 1379 2026 ei
1392 1970 1479 2024 amuis
1491 1983 1588 2038 prope·

237 2046 346 2102 modum
365 2047 505 2116 proportio
523 2047 692 2114 harmonica,
710 2049 786 2118 prins
805 2051 976 2118 generalibus
994 2051 1142 2108 Ptolemaei
1160 2051 1249 2108 verbis
1267 2050 1345 2121 data,
1372 2065 1479 2104 rursum
1497 2045 1597 2102 athmi‘

238 2133 291 2192 tur,
309 2139 370 2178 cum
388 2127 592 2195 proportionum
616 2144 671 2198 npn
689 2129 725 2184 sit
741 2129 869 2199 latitudo,
896 2131 946 2185 sed
963 2131 1137 2187 individuitas
1165 2137 1193 2186 et
1212 2145 1326 2200 regnum
1345 2129 1405 2196 ejas
1431 2123 1588 2182 imcciabile

240 2221 300 2261 cnm
319 2208 448 2266 varietate
475 2208 600 2263 cresium.
637 2208 674 2264 Ut
692 2210 732 2264 sic
749 2209 831 2265 etlam
860 2209 995 2265 hocloco
1022 2211 1160 2267 nonsatis
1184 2217 1327 2266 accuratus
1354 2206 1478 2262 videmur
1503 2204 1588 2260 inisse

236 2287 420 2359 Ptolemaeus,
441 2287 493 2342 nisi
510 2286 579 2342 alias
599 2287 653 2342 ista
669 2287 764 2344 melius
783 2287 907 2356 explicet.

241 2369 257 2414 ·'
324 2369 370 2423 ide
388 2368 460 2438 quod
477 2365 590 2433 attinet,
619 2365 871 2436 sidicendumsit,
899 2381 933 2422 an
952 2369 979 2422 in
997 2366 1204 2426 alterationibus
1223 2369 1354 2424 materiae
1373 2366 1458 2422 insint
1475 2378 1587 2434 propor-

238 2445 326 2500 tiones
343 2445 531 2513 ,harmonicae,
558 2443 696 2500 fatendum
715 2446 789 2514 quod
807 2445 858 2513 sic;
888 2445 1078 2502 alterationem
1097 2448 1168 2503 enim
1187 2448 1354 2504 submunitas
1380 2449 1423 2500 est
1440 2439 1587 2500 secundm

239 2526 432 2594 quantitatem,
461 2524 577 2580 transita
602 2539 667 2579 vero
685 2531 744 2579 tota
761 2525 926 2596 quantitate,
952 2527 1154 2582 transferuntur
1181 2541 1273 2583 omncs
1298 2526 1358 2595 elas
1376 2531 1468 2594 partes
1494 2528 1523 2578 et
1549 2521 1588 2576 sic

238 2619 330 2660 omnes
350 2607 522 2675 attinguntur
548 2605 746 2674 proportiones.
786 2604 907 2674 Negaho.
944 2605 1013 2662 Nam
1040 2603 1212 2662 harmonicae
1234 2605 1425 2675 proportiones
1448 2603 1507 2659 alne
1525 2615 1587 2656 con·

237 2684 297 2740 silio
324 2685 395 2740 ultra
414 2685 592 2754 quantitatem
611 2684 785 2751 comitantur,
815 2682 969 2754 ubicunqne
992 2683 1137 2756 quantitati
1160 2681 1237 2740 locus
1255 2691 1306 2740 ιιι.
1342 2683 1385 2737 hn
1403 2682 1485 2751 igitur
1510 2681 1537 2736 iu
1555 2679 1588 2734 iis

238 2763 312 2819 salus
331 2771 359 2819 et
377 2762 568 2818 conservatio?
592 2761 620 2814 in
640 2777 689 2814 sua
708 2760 816 2828 quidem
834 2763 932 2832 cuique
956 2765 995 2818 rei
1014 2779 1143 2820 concessa
1169 2763 1345 2834 proportione
1371 2760 1496 2816 coumstit
1514 2757 1588 2816 salus

238 2853 265 2898 ot
288 2841 470 2910 conservatio,
496 2839 644 2894 secundum
665 2841 752 2908 magis
777 2848 805 2896 et
823 2842 920 2912 minus,
952 2845 979 2898 in
1005 2843 1168 2899 harmonicis
1186 2857 1278 2898 rerum
1300 2841 1360 2896 istis
1386 2838 1481 2896 talium
1498 2853 1588 2894 rerum

238 2921 312 2980 salas
331 2937 385 2976 non
403 2920 535 2978 consistit.
573 2919 640 2974 Cum
657 2921 727 2974 enim
746 2921 902 2977 harmoniae
920 2924 1021 2980 multae
1039 2923 1101 2992 sint,
1120 2939 1175 2979 non
1188 2921 1337 2977 secundum
1353 2920 1439 2990 magis
1450 2929 1479 2976 et
1490 2920 1587 2982 minus,

237 3001 286 3056 aed
303 3000 454 3058 formaliter
469 2996 639 3066 differentes,
666 2997 821 3066 hujusmodi
840 3009 934 3056 contra
956 3002 1111 3057 rebcs'una
1135 2999 1194 3056 sola
1212 2999 1363 3070 proportio,
1391 2999 1439 3056 ιιι
1458 3013 1529 3068 quae
1546 3013 1587 3054 sc·

237 3083 356 3138 cundum
373 3078 459 3146 magis
477 3075 612 3134 erminus
630 3073 770 3142 diffundit,
795 3083 837 3132 est
855 3075 926 3131 data.
962 3078 1041 3147 Quod
1059 3079 1140 3148 igitm
1157 3095 1212 3134 non
1230 3095 1264 3133 ex
1282 3077 1409 3149 consilio,
1431 3077 1478 3134 sed
1496 3093 1588 3134 neces

237 3161 317 3218 sitate
335 3159 518 3230 quantitatum
535 3156 602 3225 lpsis
620 3155 737 3224 obvenit,
756 3155 784 3210 in
802 3170 834 3210 eo
853 3155 926 3211 aulus
945 3171 1036 3214 earnm
1050 3165 1132 3228 (quae
1146 3159 1257 3216 consilio
1269 3149 1442 3229 procuraturi)
1454 3155 1589 3213 ordinaris

236 3258 290 3297 non
309 3237 441 3295 consistit.
477 3237 520 3290 An
538 3251 602 3290 uero
626 3235 680 3291 siat
698 3233 894 3305 observabiles,
920 3236 943 3290 si
961 3235 1054 3292 insunt
1071 3238 1153 3293 rebus
1179 3247 1291 3310 propter
1308 3240 1430 3293 motum?
1466 3237 1588 3306 liespom

239 3319 289 3375 deo
307 3327 338 3372 ut
356 3333 440 3386 supra
458 3315 485 3368 in
505 3313 686 3384 explicatione
703 3321 797 3370 textus
815 3315 976 3370 Ptolemaei:
996 3333 1050 3371 non
1069 3333 1130 3373 esse
1149 3319 1255 3374 anobis
1267 3317 1451 3374 observabiles
1468 3320 1517 3370 aut
1527 3329 1588 3384 per-

239 3397 395 3468 ceptibilem
422 3401 452 3450 at
469 3409 520 3449 nec
543 3395 576 3448 ab
596 3394 691 3464 opifice
714 3402 742 3450 et
761 3394 874 3450 custode
892 3409 941 3452 suo
961 3397 1099 3453 observari
1123 3407 1151 3453 et
1168 3401 1297 3468 spectari,
1327 3399 1428 3469 qulppe
1445 3397 1473 3450 ln
1490 3395 1588 3464 quihus

238 3493 330 3534 earum
347 3475 523 3546 pulchritudo
542 3474 672 3543 salusque
694 3488 747 3528 non
766 3473 905 3529 consistat.
944 3475 997 3531 Sed
1020 3477 1172 3534 addendum
1196 3479 1288 3546 dictis,
1313 3479 1375 3534 ldeo
1393 3477 1474 3532 etiarn
1497 3475 1588 3530 obser·

224 3560 294 3627 -yari
312 3573 366 3613 non
383 3559 480 3626 posse,
498 3555 567 3622 qnia
584 3553 724 3623 proportio
742 3553 812 3608 inter
830 3553 898 3608 ιιιοι
915 3556 1045 3612 terminos
1064 3558 1202 3625 consistit,
1228 3575 1288 3634 cnm
1309 3558 1337 3614 in
1355 3557 1397 3612 his
1413 3559 1495 3612 rebus
1512 3563 1589 3612 motu

238 3635 405 3693 allectionis
424 3649 495 3689 unus
515 3633 590 3688 solus
608 3633 741 3687 terminus
760 3631 881 3702 quolibet
898 3641 1020 3703 tempore
1038 3643 1200 3705 compareat.
1237 3637 1353 3708 Incipiat
1376 3635 1447 3691 enim
1471 3633 1588 3690 calefieri

237 3717 341 3784 humor,
360 3711 544 3769 calefactionis
563 3712 663 3780 qmdus
682 3712 735 3766 erit
752 3709 869 3766 humilis.
907 3711 1031 3770 calescat
1053 3715 1138 3786 magis
1161 3722 1190 3769 st
1206 3717 1307 3787 mepta,
1332 3714 1421 3772 donec
1438 3711 1522 3781 duplo
1540 3711 1589 3766 hat

144 3819 149 3828 ·
238 3795 366 3861 calidior,
384 3791 498 3861 duplum
516 3792 568 3847 hoc
586 3789 709 3861 nequibit
726 3790 871 3860 autumari,
889 3790 953 3861 quia
971 3792 1104 3863 simplum,
1124 3794 1203 3862 cuius
1221 3793 1249 3848 id
1261 3794 1373 3864 duplum
1392 3799 1442 3862 est,
1458 3791 1514 3860 jam
1527 3805 1588 3845 era·

237 3877 304 3945 nuit,
322 3889 374 3929 nec
392 3876 450 3936 etus
469 3869 558 3941 simpli
576 3868 705 3924 memoria
723 3874 812 3934 mente
830 3871 982 3926 conservari
1006 3880 1035 3926 ιι
1052 3873 1087 3927 ad
1106 3873 1181 3942 dupli
1200 3873 1353 3929 sensionem
1378 3869 1471 3927 aiterri
1489 3874 1588 3939 potest,

238 3956 339 4030 quippe
358 3967 419 4011 cum
438 3947 563 4017 simplum
581 3946 649 4003 illud
667 3947 742 4003 nulla
760 3949 850 4018 specie
870 3949 905 4004 sit
924 3950 1086 4020 descriptum
1105 3957 1132 4006 et
1150 3951 1358 4008 determinatum
1383 3965 1466 4005 causa
1483 3945 1587 4016 quanu'·

236 4034 318 4101 ιιιιι,
346 4029 394 4085 ιιι
413 4029 501 4098 possit
518 4027 560 4084 rel
582 4027 669 4096 majm
694 4028 736 4083 vel
756 4028 844 4083 minus
862 4027 969 4098 aliqubd
995 4045 1045 4099 pro
1064 4023 1160 4100 simpla
1179 4031 1256 4087 anmi.
1293 4031 1378 4088 Sccns
1396 4038 1439 4086 est
1460 4030 1486 4082 in
1505 4025 1587 4082 rebus
1623 4031 1629 4056 ¹

140 4115 143 4120 ’
236 4115 304 4182 aliis,
322 4110 530 4180 proportionum
553 4121 623 4161 rere·
640 4109 825 4177 participibus.
863 4109 900 4164 Ut
922 4110 950 4163 in
967 4107 1131 4164 motionibus
1155 4109 1319 4167 coelestibus
1345 4116 1434 4164 motus
1457 4108 1589 4178 cujusque

236 4191 363 4262 planetae
381 4187 567 4242 velocisslmus
588 4186 651 4246 (etsi
677 4185 788 4256 planeta
808 4187 841 4242 de
866 4187 1002 4258 praesenti
1020 4202 1074 4243 nou
1094 4188 1130 4244 sit
1146 4189 1345 4258 velocissimus)
1368 4201 1418 4258 per
1435 4187 1523 4242 ideam
1547 4199 1588 4241 ιι-

235 4273 309 4328 lucet
325 4269 354 4322 in
371 4273 471 4333 mente,
490 4266 672 4320 astronomiae
690 4265 787 4321 saltem
811 4281 860 4336 per
878 4265 1036 4321 instinctum
1054 4281 1166 4337 capace;
1192 4267 1256 4338 quia
1273 4276 1316 4325 est
1338 4267 1439 4339 aliquid
1463 4267 1587 4322 determi-

163 4399 168 4411 ,
237 4357 337 4416 namna,
357 4343 459 4416 aliquid
479 4341 563 4411 aisque
581 4342 780 4414 fastigiumque,
800 4346 873 4401 ultra
890 4344 963 4415 quod
980 4361 1036 4400 non
1053 4343 1135 4402 datur
1152 4361 1270 4418 unquam
1291 4347 1393 4402 intendi
1411 4354 1511 4401 mamm
1530 4347 1587 4416 pla·

236 4439 324 4484 ustae.
362 4426 455 4494 Quare
474 4439 535 4477 cnm
552 4423 714 4479 velocissimi
732 4432 823 4481 motus
840 4425 902 4480 idea
920 4425 956 4480 ιιι
978 4425 1006 4480 ln
1023 4419 1184 4497 archetypo,
1209 4428 1236 4482 in
1255 4425 1351 4481 ecdem
1369 4425 1448 4480 etiarn
1464 4424 1587 4482 tardissi-

235 4521 295 4560 mus
317 4499 515 4560 accommodari
537 4503 571 4558 ad
590 4502 790 4560 velocissimum
813 4503 904 4574 potuit
920 4503 1082 4560 harmonice.
1120 4507 1165 4561 Sic
1191 4509 1218 4561 in
1242 4503 1438 4562 radiationibus
1463 4505 1586 4576 planeta-

235 4599 310 4648 rum,
337 4583 389 4638 etsi
407 4583 480 4638 inter
497 4597 543 4636 eas
562 4583 718 4638 harmoniae
743 4590 797 4639 noh
823 4595 887 4644 sunt
914 4595 948 4637 ex
966 4583 1095 4652 consilio,
1123 4584 1170 4639 sed
1196 4587 1347 4653 sequnntur
1373 4584 1537 4640 necessario,
1551 4584 1598 4648 ιι,

237 4661 329 4718 ιιιιιι
346 4663 492 4720 motionem
511 4663 669 4718 circularem
689 4659 803 4716 duorum
830 4661 1009 4732 inaequaliter
1027 4662 1209 4718 incedentium
1231 4663 1468 4732 redeuntiumque,
1496 4663 1586 4719 obser·

236 4741 294 4795 rari
311 4747 402 4796 ιιιιιιιι
420 4735 535 4810 possint
552 4741 616 4797 illae
635 4739 802 4804 harmoniae,
829 4755 899 4807 qaae
917 4749 1006 4797 tractu
1025 4742 1153 4811 temporis
1172 4741 1324 4798 succedunt
1346 4750 1375 4796 st
1393 4741 1444 4798 sibi
1462 4741 1529 4813 ipsis
1547 4743 1586 4798 ln·-

236 4820 323 4876 vicem
340 4828 369 4877 et
386 4818 446 4876 aliis
463 4819 554 4878 mirus
572 4821 625 4880 sihi
642 4818 819 4892 inconcinnis,
840 4819 903 4890 quia
919 4819 974 4878 dua
987 4821 1023 4878 ad
1035 4823 1239 4897 proportionata
1252 4823 1374 4895 requisiti
1386 4823 1494 4880 termini
1506 4823 1586 4883 simul
