3564 5540
252 391 313 458 150
783 385 824 444 De
840 383 1067 456 Propertionibus
1119 461 1123 474 μ

249 565 378 628 humani.
423 564 499 628 Nam
522 571 559 626 et¹
576 567 630 626 viii
651 567 841 630 communiter
854 564 1033 642 proceriores
1048 561 1171 636 leminis,
1195 562 1288 626 adulti
1307 565 1416 642 pueris,
1439 564 1601 640 graviorem

251 657 339 715 stiam
369 669 472 718 vocem
499 655 650 727 emittunt,
681 654 766 729 qussi
794 651 967 728 profundius
994 651 1133 727 petitam3
1164 659 1195 712 et
1223 647 1330 728 singuli
1359 652 1507 724 homines,
1537 654 1602 727 ipso

248 759 336 802 sensu
359 749 458 801 tactus
480 739 614 815 docente,
638 741 804 816 graviorem
827 757 930 800 vocem
953 737 1124 816 prolnndius
1146 738 1275 812 eliciunt,
1299 740 1431 799 altiorem
1454 742 1602 816 superium

250 838 279 890 et
301 830 352 904 qui
375 828 547 906 gravisdme
570 835 699 898 cantant,
723 843 828 904 corpus
850 825 1018 898 extendunt,
1043 834 1178 902 utquam
1194 827 1493 903 prolundimlmevos
1509 835 1603 886 exeat

250 915 388 978 Tendunt
409 916 527 994 quidem
550 914 657 976 collum
680 916 786 988 ctiam,
810 917 859 992 qui
883 921 968 976 acute
991 921 1113 987 canunt,
1141 911 1194 973 sed
1216 931 1274 974 nou
1299 917 1331 976 ut
1352 914 1473 990 longum
1495 913 1604 974 collum

250 1004 375 1078 iaciant,
397 1002 450 1066 sed
473 1013 506 1062 ut
530 1005 638 1064 rectius
662 1004 862 1079 constringant
882 1018 1034 1080 supremos
1057 1000 1181 1062 circulos
1202 1004 1338 1079 gutturis.

321 1083 392 1150 'flia
414 1092 502 1168 igitur
525 1089 561 1150 de
584 1093 682 1152 causis
712 1097 800 1150 natus
823 1100 868 1151 est
894 1091 923 1147 in
947 1089 1123 1150 harmonicis
1151 1097 1310 1167 conceptus
1332 1090 1385 1148 alti
1407 1097 1437 1149 et
1458 1085 1605 1172 profundi,

250 1195 303 1254 pro
326 1195 385 1254 qno
409 1179 509 1240 crebro
533 1195 707 1257 usurpamus
729 1185 847 1238 acutum
860 1185 899 1246 ¹et
921 1193 1019 1253 grave.
1065 1176 1141 1236 cnm
1162 1177 1250 1251 igitur
1273 1175 1363 1237 altum
1387 1183 1415 1241 et
1430 1175 1605 1253 protundum

250 1266 309 1326 sint
330 1263 404 1324 alias
427 1264 574 1326 vocabula
595 1265 662 1339 loci,
686 1265 867 1328 consuetudo
890 1265 1032 1326 sermonis
1053 1263 1128 1324 baec
1150 1281 1204 1324 sua
1226 1265 1370 1340 principia
1397 1275 1499 1324 secuta
1520 1265 1604 1325 voci·

252 1353 306 1412 bus
336 1354 425 1418 encra
456 1351 487 1414 id
510 1351 728 1426 accommodat,
759 1353 840 1429 quod
869 1353 998 1413 locorum
1021 1361 1066 1411 est
1096 1353 1263 1428 proprium,
1293 1351 1406 1412 scilicet
1438 1350 1604 1424 intervalla,

249 1455 353 1515 graece
375 1445 566 1516 διαστηματα.
612 1441 687 1502 Nam
709 1439 776 1500 loca
798 1447 955 1512 tetmarus,
994 1439 1102 1499 distare
1118 1437 1262 1498 dicuntur.
1301 1439 1436 1514 Denique
1451 1437 1607 1516 disciplina

251 1525 421 1588 harmonica
451 1526 528 1588 banc
548 1545 652 1590 vocem
682 1529 770 1588 etiam
800 1530 829 1588 in
857 1531 986 1605 picturas
1014 1543 1065 1586 scu
1097 1525 1312 1600 diagrammata
1336 1543 1391 1586 sua
1420 1521 1605 1609 (dequibus

250 1609 385 1696 inferius)
409 1613 566 1690 transtulit,
590 1633 667 1694 quae
691 1613 757 1674 altis
781 1623 810 1676 et
833 1613 985 1693 profundis
1006 1613 1093 1675 lineis
1108 1621 1252 1686 constant,
1277 1630 1336 1691 quo
1352 1620 1437 1691 pacto
1453 1616 1605 1674 restitutus

251 1710 296 1764 est
318 1701 362 1761 illi
383 1718 486 1764 sensns
509 1705 713 1779 geometricus.
1242 1707 1244 1711 ’
1434 1737 1437 1752 ·

338 1787 423 1865 Quae
451 1791 540 1868 lpitnr
567 1790 710 1852 lractenus
740 1790 912 1852 dicebantur
940 1790 1143 1866 proportiones
1171 1787 1359 1867 chordarum,
1395 1789 1426 1846 in
1456 1793 1605 1864 posterum

250 1875 310 1937 iero
333 1876 465 1936 dicentur
488 1877 644 1940 intervalla
666 1895 787 1954 vocum,
810 1897 885 1956 quas
908 1880 1044 1938 emittunt
1066 1875 1193 1936 obordao
1216 1874 1406 1951 longitudinis
1429 1875 1605 1954 inaequalis

251 1963 326 2024 Nam
358 1981 447 2024 voces
477 1964 554 2026 idem
585 1973 737 2040 sonantes,
767 1968 875 2045 quibus
905 1963 1082 2042 respondent
1112 1962 1238 2024 chordae
1269 1980 1304 2023 ox
1327 1961 1491 2038 acqualiter
1513 1967 1605 2026 tende

253 2067 347 2128 seque
369 2049 499 2126 longae,
529 2053 714 2114 intervallum
743 2071 801 2114 nnn
829 2054 954 2126 faciunt,
984 2069 1051 2112 cum
1080 2051 1141 2110 sint
1169 2049 1333 2111 altitudinis
1355 2047 1496 2128 eiusdem.
1542 2053 1605 2114 Etsi

251 2138 328 2198 libro
350 2133 387 2200 V.
411 2140 615 2201 abstinendum
640 2143 694 2201 erit
716 2144 754 2203 ab
777 2143 834 2202 boe
856 2157 944 2201 seusu
968 2141 1049 2200 vocis
1072 2136 1267 2211 intervallum,
1291 2146 1446 2214 propterea
1461 2139 1545 2214 quod
1567 2141 1607 2200 ibi

254 2225 354 2286 crebro
377 2243 433 2286 usu
455 2228 615 2304 repetenda
636 2232 691 2290 erit
714 2247 771 2290 vox
794 2232 850 2288 ists
873 2232 902 2288 in
925 2244 1012 2288 sensu
1034 2227 1241 2300 asuonomico,
1269 2224 1305 2286 de
1328 2225 1408 2286 linea
1430 2233 1510 2286 recta
1535 2229 1608 2288 iuter

253 2329 358 2390 corpus
381 2312 516 2392 planetae
537 2323 568 2376 et
590 2316 698 2390 Solem,
721 2321 789 2378 item
806 2316 842 2378 de
857 2332 892 2376 eo
908 2317 1014 2392 spatio,
1037 2314 1117 2391 quod
1134 2316 1210 2399 inter
1224 2315 1357 2374 diversos
1375 2311 1461 2374 orbes
1475 2316 1607 2376 interest.

338 2399 428 2461 Porro
451 2409 526 2463 elcut
547 2404 735 2481 praecedenti
758 2407 854 2481 capite
875 2405 1079 2480 proportiones
1103 2403 1239 2464 bilariam
1261 2400 1537 2474 considerabuntur,
1566 2421 1606 2464 sc.

255 2487 301 2548 vel
324 2487 458 2565 singulas
480 2507 532 2567 per
554 2509 586 2552 se
609 2493 698 2568 ipsas,
723 2492 769 2551 vel
792 2493 917 2550 invicem
941 2496 1128 2566 comparatae
1151 2504 1241 2550 cansa
1257 2490 1374 2560 ordinis,
1398 2491 1448 2564 qul
1465 2489 1608 2551 extende·

253 2575 340 2634 batur
362 2593 385 2635 a.
403 2579 584 2654 compositae
606 2577 731 2655 alicujus
754 2579 950 2657 proportionis
972 2580 1095 2636 termino
1118 2595 1171 2638 sen
1194 2575 1302 2661 cbqrda
1323 2575 1426 2636 minori
1449 2575 1486 2635 ad
1509 2579 1608 2654 majo·

254 2678 315 2722 rem
340 2661 388 2720 vel
411 2659 572 2740 longiorem
595 2673 624 2724 et
646 2668 791 2725 vicissim:
824 2666 866 2724 sic
889 2681 965 2724 nunc
994 2667 1082 2726 etiam
1105 2663 1260 2724 intervalla
1291 2662 1338 2727 vel
1362 2662 1479 2738 cingula
1500 2681 1555 2741 per
1577 2681 1607 2725 sc

254 2749 303 2807 vcl
327 2750 450 2811 invicem
475 2760 643 2829 comparata
666 2752 886 2812 considerantur
908 2769 999 2814 cansa
1021 2751 1080 2813 loci
1102 2751 1278 2828 harmonici;
1309 2757 1341 2812 nt
1364 2759 1392 2812 et
1415 2753 1443 2809 in
1468 2755 1608 2812 continua

255 2834 438 2896 ordinatione
461 2840 573 2914 aliquot
597 2839 814 2900 intervallorum
838 2836 897 2922 (sic
926 2849 958 2900 nt
981 2840 1050 2900 bina
1072 2857 1187 2919 semper
1210 2841 1349 2916 contigua
1380 2837 1510 2898 babeant
1534 2858 1607 2900 enn-

256 2919 321 2982 dcm
345 2927 500 2984 terminum
516 2943 707 3002 conrnrunem,
731 2929 781 3004 qui
804 2929 843 2987 sit
857 2929 944 2987 nnius
967 2927 1061 3004 nraJ'or
1084 2930 1233 3002 terminus,
1258 2927 1379 2990 alterins
1399 2930 1548 2998 vertentis
1571 2928 1605 2986 ad

254 3012 404 3086 graviores
428 3029 516 3073 voces
546 3011 674 3096 minor),
692 3032 820 3092 ‚semper
846 3013 920 3074 illud
947 3014 1133 3074 intervallum
1163 3016 1276 3078 dicatur
1302 3014 1435 3083 inferius,
1460 3015 1540 3090 qnod
1565 3025 1609 3076 est

253 3099 328 3157 inter
351 3113 439 3158 voces
460 3093 626 3176 gravibres,
655 3101 728 3162 illud
759 3105 907 3179 superius,
940 3102 1020 3178 qnod
1047 3112 1092 3163 est
1115 3105 1189 3167 inter
1216 3105 1370 3164 acutiores.
1416 3101 1453 3160 itt
1481 3103 1511 3160 in
1535 3121 1607 3180 geo·
1641 3131 1650 3142 ·

253 3185 357 3245 metris
379 3184 496 3262 quidem
517 3191 720 3266 proportiones
741 3197 941 3267 agnoscuntur
962 3190 1111 3266 aequales,
1135 3192 1204 3252 licet
1226 3193 1284 3250 sint
1300 3188 1470 3264 inaequales
1492 3192 1608 3250 termini

253 3273 339 3332 unlus
353 3275 484 3333 terminis
496 3275 627 3357 alterins,
650 3286 679 3337 et
689 3295 825 3338 excessus
836 3280 1024 3338 terminorum
1040 3280 1126 3338 unius
1142 3277 1305 3357 inaequalis
1318 3279 1450 3339 excessui
1466 3281 1607 3338 termino·

252 3376 316 3420 rum
330 3357 468 3438 attenua,
491 3371 524 3422 ut
544 3365 570 3422 si
592 3365 651 3424 sint
673 3373 730 3424 tres
754 3364 880 3426 chordae
896 3367 924 3422 in
939 3368 1127 3444 proportione
1141 3382 1325 3428 numerorum
1342 3367 1373 3442 4,
1397 3365 1426 3437 6,
1451 3367 1479 3438 9,
1504 3367 1607 3427 eadem

254 3452 568 3531 censetnrpropcrtio
591 3447 633 3534 ⁴l,
661 3469 738 3528 quae
762 3447 819 3534 Ἃ,
848 3467 907 3512 non
936 3454 1087 3527 obstante,
1117 3453 1196 3531 quod
1219 3469 1285 3516 cnm
1308 3455 1365 3530 ipsi
1388 3453 1521 3525 termini,
1536 3462 1608 3522 ,tum

254 3537 344 3596 etiam
367 3552 505 3596 excessus
529 3539 547 3598 2
572 3546 602 3599 ct
624 3540 643 3598 3
667 3539 837 3618 inaequales
864 3547 942 3601 sunt.
987 3540 1021 3600 In
1044 3541 1212 3604 harmonica
1239 3541 1372 3600 similiter
1395 3540 1493 3600 omnis
1517 3543 1608 3602 inter-

253 3621 333 3682 valla
354 3639 461 3682 vocum
483 3642 502 3684 a
524 3624 649 3700 chordis,
672 3644 749 3704 quae
773 3627 986 3704 snntejusdem
1000 3631 1206 3704 proportionis,
1231 3629 1410 3706 venientium
1432 3636 1461 3686 et
1482 3643 1608 3698 cerasen-

254 3719 300 3768 tur
322 3709 461 3786 aequalia
492 3720 522 3772 et
543 3715 708 3776 scribuntur
730 3717 819 3775 etiam
841 3721 913 3776 uota
934 3717 1084 3775 numerica
1107 3715 1226 3786 eadem,
1257 3718 1328 3792 quin
1353 3717 1441 3775 etiarn
1464 3707 1608 3776 linearum

253 3796 417 3858 intervallis
438 3799 612 3874 aequalibus
635 3803 796 3881 pinguntur
826 3803 854 3860 in
879 3801 1104 3878 diagrammate3
1134 3806 1176 3864 sic
1197 3812 1232 3865 ut
1254 3793 1380 3885 penitus
1397 3801 1608 3864 obliviscamur

252 3885 316 3962 ejus
340 3886 574 3962 inaequalitatis,
605 3899 748 3966 quaeest
771 3889 845 3949 inter
868 3883 1005 3950 excessus
1028 3889 1208 3951 diversarum
1239 3891 1421 3952 chordarum.
1467 3889 1608 3966 Sequitur

252 3975 349 4050 igitur,
373 3980 406 4032 ut
427 3976 621 4052 proportionis
645 3979 764 4037 minoris
787 3977 943 4038 intervalla
958 3977 1072 4038 minora
1094 3976 1234 4050 dicemus,
1255 3979 1378 4055 majoris
1398 3977 1520 4052 majora,
1545 3981 1607 4039 sine

253 4069 385 4138 respectu
408 4061 617 4136 magnitudinis
640 4072 692 4124 aut
713 4067 868 4142 parvitatis
890 4064 1127 4141 respondentium
1150 4069 1286 4144 utrinque
1309 4067 1506 4126 terminorum.

339 4147 395 4208 His
418 4149 506 4226 igitur
529 4148 731 4212 definitionum
761 4151 828 4212 loco
849 4153 1018 4230 praemissis
1048 4170 1125 4212 nnnc
1147 4171 1234 4231 porro
1260 4153 1473 4231 dispiciendum
1503 4162 1549 4214 eet
1571 4151 1607 4212 de

189 4239 194 4248 '
253 4233 421 4296 differentiis
450 4237 678 4300 intervallorum.
724 4239 875 4300 Hactenus
904 4237 1022 4316 quidem
1049 4245 1253 4321 proportiones
1278 4259 1398 4320 omncs,
1429 4257 1503 4316 quas
1534 4258 1606 4300 cou-

187 4350 191 4368 ›
252 4337 339 4382 sonas
362 4339 426 4390 esse
450 4323 730 4400 demonstravimus,
760 4343 819 4386 una
841 4327 1029 4404 aequalitatis
1052 4340 1189 4407 excepta,
1220 4348 1274 4408 pro
1296 4329 1418 4390 totidem
1442 4327 1605 4388 intervallis

254 4405 355 4467 itidem
377 4415 513 4474 consonis
537 4421 605 4472 sunt
628 4413 791 4490 habendae,
814 4417 1017 4493 proportiones
1040 4433 1120 4490 vero,
1145 4435 1218 4495 ques
1237 4419 1370 4478 dissonas
1393 4416 1529 4486 diximus,
1554 4433 1605 4492 pro

253 4494 416 4556 intervallis
440 4497 541 4560 itidem
564 4501 700 4564 dissonis.
747 4501 821 4564 Cum
844 4513 912 4564 vero
936 4505 1011 4562 inter
1034 4503 1154 4566 dissona
1176 4505 1333 4568 intervalla
1356 4521 1463 4580 magna
1486 4507 1524 4564 eit
1548 4503 1605 4562 dii·
1675 4575 1680 4592 Ι

253 4583 385 4656 serentis,
409 4584 451 4642 sic
474 4593 585 4647 utnon
610 4599 723 4650 mutum
745 4608 875 4653 consona
896 4601 916 4652 d
937 4597 1043 4652 ustura
1065 4591 1225 4654 doceantur
1251 4600 1281 4653 et
1303 4593 1381 4652 illius
1404 4593 1543 4650 instinctu
1567 4590 1604 4649 ab

203 4734 207 4743 ,
254 4669 356 4730 auditu
380 4670 547 4750 probentur,
570 4675 622 4736 sed
646 4678 735 4738 etiam
757 4679 817 4740 alia
839 4681 951 4740 minora
973 4679 1129 4740 intervalla
1150 4681 1188 4740 ab
1212 4671 1316 4742 eodem
1338 4695 1426 4738 sensu
1449 4675 1605 4738 stabilian-

254 4769 317 4827 tnr,
346 4775 422 4838 quse
445 4756 514 4818 licet
535 4761 655 4824 dissona
676 4768 751 4840 sint,
780 4775 851 4846 apta
873 4777 979 4848 tannen¹
994 4775 1079 4838 snut,
1107 4783 1159 4842 per
1182 4783 1258 4842 qnae
1289 4775 1392 4828 cantus
1415 4765 1603 4825 traducatur:

255 4843 422 4910 barmoniae
456 4854 589 4911 naturam
619 4859 720 4914 secuta
749 4869 855 4916 nomeu
879 4857 914 4914 iis
941 4856 1066 4930 imponit
1086 4855 1292 4914 concinnatum
1326 4871 1421 4934 esque
1452 4851 1604 4930 distinguit
