3732 5528
274 352 276 360 ¹
306 339 368 398 440
729 297 737 308 ¹
773 327 939 398 Appendicis
957 328 1183 384 Harmonicnrum

306 511 396 571 bilivi.
441 509 539 568 Etiam
560 507 705 568 medicum
727 513 756 567 te
780 502 972 582 oblivisceris,
996 509 1047 584 qui
1070 508 1167 568 nullos
1190 510 1306 570 morbos
1329 510 1386 568 nisi
1409 509 1448 568 ab
1471 509 1568 570 anima
1583 527 1655 586 pesff

306 601 380 656 sima
403 606 432 656 et
455 597 603 657 malevola
625 597 739 656 causari
767 597 875 672 garris,
900 597 983 670 quasi
1007 613 1066 655 non
1081 598 1253 658 creberrima
1274 599 1311 656 sit
1333 597 1537 657 alimentorum
1556 597 1651 674 culpa.

307 686 386 744 Dum
409 685 479 743 re'ro
504 683 635 761 explodis
659 700 778 744 causam
801 669 896 740 flu'xus
927 691 957 740 et
978 683 1105 742 refluxus
1127 687 1229 759 maris,
1260 687 1480 760 respirationem
1502 702 1555 744 scu
1578 686 1652 744 reci-

305 775 504 848 procationem
527 772 651 842 Terrae,
675 769 771 846 qualis
795 773 823 828 in
847 771 987 845 piscibus,
1011 771 1109 848 prodis
1140 783 1168 830 te
1192 789 1248 832 non
1273 790 1337 832 esse
1359 781 1548 860 geometram:
1591 771 1652 832 Ne·
1719 781 1722 789 ⁴

308 877 457 936 quoquam
487 859 581 934 maior
610 857 643 916 lit
669 857 762 916 moles
790 865 933 916 attractae
961 876 1070 933 aquae,
1104 878 1192 935 quarn
1222 869 1267 919 est
1288 859 1395 919 Terrae
1426 877 1539 936 corpus.
1582 859 1653 920 Esto

306 949 401 1019 enim,
430 954 463 1004 ut
484 955 548 1005 tota
571 949 648 1006 intus
671 943 758 1022 plena
780 947 818 1002 sit
841 961 928 1021 aqua,
963 963 1021 1005 uon
1046 947 1263 1023 opushahebit
1294 947 1331 1006 ad
1356 947 1503 1008 detiorum
1527 964 1652 1006 musan-

303 1034 373 1092 durn
409 1033 475 1110 plus
505 1033 651 1092 attrahere
689 1050 739 1108 per
770 1035 996 1091 contractionem
1034 1037 1159 1109 partium
1190 1036 1355 1110 aliquarum
1384 1033 1533 1107 mollium,
1567 1052 1654 1111 quam

306 1129 449 1197 quantum
479 1121 567 1180 elficit
598 1137 756 1197 paucorum
787 1119 894 1196 pedum
922 1120 1062 1195 altitudo,
1096 1140 1161 1181 cum
1194 1123 1306 1197 reliqua
1335 1122 1518 1199 profunditas
1548 1129 1655 1198 aequet

308 1210 371 1268 900
394 1208 539 1268 milliaria.
586 1208 616 1266 Si
649 1216 753 1266 testam
785 1214 846 1266 tute
880 1209 943 1282 ipse
976 1209 1047 1268 lacis
1070 1208 1190 1268 Terram
1223 1218 1275 1269 aut
1306 1209 1395 1270 ollam
1427 1229 1506 1288 aqua
1527 1209 1653 1286 plenem,

291 1295 448 1372 'quantulo
473 1297 568 1354 minus
591 1296 644 1354 erit
667 1295 719 1352 illa
742 1294 795 1352 tibi
818 1294 1006 1366 miraculosa,
1036 1312 1123 1372 quam
1147 1300 1172 1356 si
1195 1296 1328 1357 cochlear
1356 1316 1447 1362 unum
1468 1306 1556 1373 atque
1579 1296 1655 1356 alte·

307 1383 511 1454 rumhauriat
533 1381 668 1459 amplius.
714 1381 757 1438 Ex
780 1398 844 1440 meo
868 1381 917 1439 tol.
942 1385 1014 1441 255.
1047 1392 1081 1444 ut
1101 1385 1272 1462 plerumque
1295 1401 1447 1462 perperam
1468 1385 1580 1460 allegas
1603 1402 1655 1444 srr·

306 1472 420 1545 misque
444 1470 500 1530 hoc
522 1472 703 1546 potissimum
728 1468 966 1544 impugnandum,
991 1471 1070 1545 quod
1093 1475 1219 1532 animam
1236 1472 1343 1532 Terrae
1362 1473 1482 1532 dixerim
1498 1473 1654 1546 flammam,

306 1559 466 1617 sorbitione
489 1559 612 1616 marium
635 1555 806 1628 terendam,
831 1573 896 1616 curn
925 1575 979 1632 ego
1002 1560 1181 1636 scripserim,
1201 1561 1328 1638 tiammo
1351 1559 1502 1637 qwedam
1528 1578 1586 1620 esec
1609 1564 1656 1620 ci·

279 1640 281 1646 ’
305 1645 402 1718 detur,
427 1648 470 1704 ita
491 1661 561 1704 vero
584 1643 731 1720 loquimur
753 1642 789 1702 de
812 1661 857 1714 eo,
881 1644 959 1720 quod
983 1656 1026 1704 est
1048 1646 1142 1728 simile
1163 1648 1307 1707 flammae.
1352 1648 1400 1706 Sic
1423 1650 1522 1711 anima
1536 1647 1656 1724 plantae

197 1793 199 1804 ,
307 1743 352 1792 est
375 1733 492 1792 flamma
515 1729 674 1807 quaedam,
707 1731 800 1790 tendit
832 1735 908 1790 enim
930 1751 1059 1808 sursum,
1093 1737 1135 1794 sic
1157 1737 1187 1793 in
1209 1735 1334 1794 hominis
1357 1735 1443 1794 corde
1470 1720 1657 1795 est'lucerna

307 1820 467 1897 quaedam,
502 1818 658 1878 ventilatur
686 1821 762 1878 enim
793 1828 822 1877 et
851 1819 970 1878 effumat
1003 1829 1057 1878 etc.
1103 1820 1288 1898 Quamquam
1321 1840 1379 1880 non
1411 1821 1497 1882 valde
1531 1841 1655 1900 pugnas,

307 1906 475 1966 recordatus
498 1905 623 1964 Archaei
647 1908 689 1965 tui
711 1905 897 1965 Paraeclsiei.
940 1907 1014 1983 Ego,
1039 1910 1077 1966 nri
1093 1909 1230 1980 lieberte,
1255 1909 1290 1970 de
1307 1910 1458 1970 vocabulis
1473 1927 1530 1969 non
1546 1927 1655 1986 pugno.

307 1993 339 2052 Si
367 1995 421 2053 tihi
451 2011 509 2053 non
538 1993 635 2071 placet
662 2010 719 2053 rox
748 1995 845 2052 anima
868 1993 992 2062 Terrae,
1025 2012 1077 2072 per
1099 2015 1145 2060 me
1175 1998 1227 2056 tibi
1257 1997 1356 2056 licebit
1386 1997 1466 2058 illam
1492 1997 1657 2058 Arclraeum

309 2080 416 2141 Terrae
439 2080 552 2154 dicere,
585 2097 672 2156 quem
694 2082 797 2139 mirum
829 2097 887 2140 non
911 2080 1020 2141 dudum
1052 2084 1105 2142 ahs
1129 2090 1157 2143 te
1180 2083 1351 2160 productum
1385 2087 1412 2142 in
1445 2087 1655 2162 superioribus,

309 2185 374 2228 cum
398 2172 457 2228 a'e'ri
482 2169 678 2229 circumstanti
703 2170 801 2226 omnia
823 2169 980 2242 tribueres,
1013 2188 1087 2244 quae
1111 2170 1158 2230 vel
1181 2171 1230 2230 hic
1251 2174 1315 2248 ipse
1340 2173 1488 2232 hrchaeus
1515 2173 1657 2234 aThco-

307 2255 427 2332 phrasto
459 2273 513 2316 suo
537 2255 705 2333 peragenda
727 2257 849 2331 accepit.
895 2255 940 2314 De
963 2261 1123 2330 geometria
1148 2260 1177 2316 in
1200 2270 1297 2318 mente
1322 2261 1376 2319 Dei
1406 2277 1517 2320 mecum
1541 2269 1572 2318 tu
1596 2279 1656 2320 non

307 2361 432 2420 pugnas,
455 2346 504 2420 qui
528 2361 602 2420 pene
626 2361 662 2403 ex
684 2359 750 2402 meo
774 2360 822 2403 ore
844 2341 982 2418 loqueris,
1007 2353 1086 2404 ratus
1111 2354 1139 2406 te
1163 2355 1263 2405 contra
1278 2366 1324 2406 rne
1341 2351 1483 2425 excipere.
1528 2347 1656 2408 Senten-

307 2433 378 2488 tiam
400 2447 495 2490 meam
518 2431 650 2490 ultimam
674 2430 709 2491 de
733 2430 899 2490 charactere
923 2429 1036 2490 zodiaci
1059 2431 1162 2491 laudas
1185 2442 1214 2493 ct
1227 2427 1389 2510 approbas,
1414 2435 1506 2494 solum
1530 2438 1656 2510 priorem

209 2526 212 2540 ¹
308 2517 401 2577 habes
425 2517 489 2593 ejus
512 2519 731 2593 impressionem
764 2519 790 2574 in
816 2521 912 2579 adrem
940 2526 969 2576 et
992 2527 1088 2580 cetera
1113 2529 1164 2578 tuo
1187 2537 1276 2580 more.
1324 2522 1465 2600 Adeoque
1494 2526 1544 2598 qui
1567 2541 1658 2598 supra

308 2604 432 2677 dixeras,
455 2610 552 2683 ae'rem
576 2604 644 2665 dare
667 2605 774 2664 Terrae
799 2608 903 2678 vitam,
938 2623 1015 2666 nunc
1038 2609 1155 2684 insuper
1178 2607 1275 2668 locum
1306 2611 1331 2667 ei
1355 2607 1408 2667 das
1440 2611 1515 2668 intre
1536 2609 1657 2670 Terram

307 2695 395 2751 etiam
418 2699 448 2751 et
470 2692 550 2750 illum
575 2711 640 2752 erun
663 2710 728 2751 mea
751 2691 857 2752 Terrae
881 2694 978 2751 anima
1001 2695 1056 2754 sub
1079 2694 1155 2754 idem
1179 2713 1287 2771 genus,
1309 2698 1384 2770 ignis
1408 2696 1533 2769 scilieet,
1557 2699 1656 2772 refers,

308 2784 404 2838 adrem
428 2774 560 2840 asserens
584 2782 659 2838 intra
682 2779 801 2839 Terram
824 2798 888 2839 esse
914 2782 1010 2855 ignem
1037 2791 1227 2841 contractum.
1273 2783 1404 2862 Benigne
1426 2785 1562 2856 dimittor,
1586 2805 1656 2862 gra·

307 2869 458 2942 tias'ago,
492 2866 563 2925 nihil
587 2867 657 2926 mihi
680 2884 765 2944 porro
798 2870 884 2943 eripis
907 2870 961 2926 nisi
986 2872 1117 2941 nomina,
1150 2887 1209 2928 rem
1232 2871 1382 2946 relinquis.
1429 2873 1486 2932 Cur
1515 2875 1604 2948 igitur
1628 2875 1656 2929 in

310 2954 499 3013 conclusione
523 2955 609 3031 hujus
632 2953 688 3012 loci
712 2973 826 3030 paeana
850 2959 929 3014 canis
959 2973 1113 3034 superma
1137 2958 1330 3034 triumphato,
1366 2957 1498 3034 adeoque
1522 2969 1551 3017 et
1574 2960 1656 3019 falsis

310 3058 357 3099 me
381 3043 547 3102 criminibus
572 3059 691 3100 oneras:
726 3060 828 3102 omnes
849 3061 897 3102 me
924 3052 1048 3117 praeter
1077 3062 1124 3105 noe
1146 3047 1246 3118 ipsum
1276 3047 1497 3106 condemnaret
1529 3046 1656 3123 denique

309 3129 399 3187 verba
429 3146 494 3187 mea
525 3129 560 3188 de
591 3131 712 3192 materia
742 3131 809 3189 libri
831 3129 886 3188 111.
914 3134 1049 3192 sonantia
1082 3140 1134 3192 tuo
1163 3133 1315 3192 commodo
1342 3132 1421 3192 velut
1445 3134 1480 3193 de
1504 3133 1578 3193 libro
1603 3134 1655 3194 IV.

309 3215 387 3274 diota
410 3219 517 3291 repetis
541 3224 570 3276 et
592 3216 749 3293 explodis?

398 3303 487 3362 Libro
510 3320 576 3364 meo
599 3304 636 3366 V.
660 3307 784 3381 primum
807 3322 864 3364 non
889 3322 990 3366 censes
1013 3305 1189 3366 audiendam
1211 3309 1379 3366 suasionem
1403 3325 1511 3380 means,
1546 3316 1578 3367 nt
1602 3325 1655 3366 re·

309 3395 384 3448 teres
408 3389 585 3467 hypotheses
610 3394 707 3450 animo
731 3393 890 3468 ejiciamus.
934 3393 1086 3453 Neminem
1109 3411 1192 3470 cogo,
1215 3393 1267 3454 sed
1289 3394 1347 3454 hoc
1362 3405 1471 3454 certum
1486 3395 1580 3455 hahe:
1605 3396 1655 3471 qui

255 3488 259 3496 '
309 3476 358 3534 hic
381 3476 452 3535 mihi
482 3488 659 3556 conparet,
690 3483 717 3539 is
741 3479 892 3556 voluptate
923 3481 976 3540 illa
1002 3498 1060 3540 non
1083 3485 1225 3558 potietur,
1259 3499 1335 3559 quae
1363 3484 1470 3542 haurriri
1492 3491 1591 3559 potest
1620 3501 1655 3541 ex

308 3563 559 3639 speculationibus
586 3566 652 3625 libri
678 3567 713 3626 V.
758 3567 872 3644 Negas,
905 3571 977 3628 meis
1007 3571 1121 3645 scriptis
1150 3568 1292 3629 hactenus
1316 3571 1464 3638 effectum,
1498 3578 1530 3630 ut
1552 3570 1655 3629 Ptole·

309 3669 423 3710 maeum
446 3652 565 3728 rejicere
587 3657 691 3731 possis.
737 3654 869 3731 Ignosce,
894 3659 919 3715 si
942 3663 971 3716 ta
993 3674 1050 3715 non
1070 3657 1155 3732 juvo,
1178 3673 1237 3715 non
1260 3658 1389 3734 explicas
1408 3660 1492 3732 enim,
1517 3676 1577 3734 qua
1599 3676 1655 3733 po·

309 3740 452 3797 tissimum
483 3742 511 3797 in
540 3758 570 3800 re
602 3742 730 3802 haereas.
776 3741 919 3819 Nuspiam
948 3760 1017 3802 vero
1050 3743 1155 3802 clarius
1186 3745 1293 3821 probas
1315 3749 1409 3824 coetui
1437 3753 1482 3804 tot
1504 3745 1655 3804 doctorum

309 3826 591 3898 mathematicorum,
615 3829 874 3908 te'astronomiapr
889 3833 1032 3907 ignorare,
1057 3849 1145 3907 quam
1160 3831 1215 3905 hie,
1240 3833 1289 3891 ubi
1306 3840 1432 3892 veterem
1447 3836 1655 3893 astronomiam

310 3921 412 3973 contra
427 3931 527 3974 omnes
542 3914 696 3974 modernos
719 3917 844 3993 extollis,
867 3937 886 3978 a
908 3918 1079 3978 certitudine
1095 3919 1303 3994 praedictionis
1322 3931 1454 3979 motuum
1477 3923 1567 3997 (quae
1591 3939 1655 3980 ere·

309 4001 362 4060 bro
386 4003 421 4076 2,
453 4004 487 4080 3,
511 4004 546 4075 4,
571 4003 589 4060 5
612 4002 725 4078 gradus·
742 4021 863 4080 peccare
885 4005 977 4065 oeulis
1000 4005 1237 4084 deprehenditur)
1260 4016 1349 4083 atque
1375 4008 1545 4068 certitudine
1570 4027 1654 4084 prae-

310 4087 451 4148 dictorum
481 4088 734 4166 astrologicorum,
769 4109 844 4166 quae
872 4101 939 4152 sunt
970 4093 1006 4152 de
1038 4093 1141 4152 tuturis
1174 4096 1423 4171 contingentibus,
1458 4096 1653 4163 commendas.

309 4175 411 4251 Neque
434 4185 530 4236 tamen
555 4177 625 4235 mihi
648 4181 706 4236 tuis
729 4179 863 4256 epithetis
887 4197 960 4257 opus
983 4188 1043 4254 est,
1070 4189 1103 4240 ut
1125 4180 1284 4242 doctrinam
1299 4181 1461 4243 Ptolemaei
1475 4201 1525 4243 ore
1548 4187 1653 4242 imme·

310 4261 392 4322 desto
419 4267 558 4339 spuriam
588 4265 741 4344 appellem.
787 4266 892 4342 Itaque
922 4270 991 4344 quia
1014 4271 1043 4325 in
1067 4271 1235 4328 suasionum
1266 4273 1478 4330 contentionem
1502 4271 1654 4332 descendi-

309 4366 390 4424 mus,
423 4351 532 4410 suadeo
563 4370 617 4428 ego
650 4352 821 4427 lectoribus,
852 4353 985 4414 Clarium
1009 4357 1106 4432 potius
1129 4356 1263 4428 audiant,
1288 4361 1476 4420 exercitatum
1500 4360 1528 4416 in
1552 4359 1652 4418 Ptole-

310 4438 404 4496 maica
433 4442 610 4499 astronomia
643 4441 878 4501 mathematicum
908 4439 970 4522 (qui
1000 4443 1118 4516 suadet,
1153 4444 1226 4504 alias
1249 4461 1424 4518 quaeramus
1455 4445 1651 4524 hypotheses),

310 4538 398 4597 quam
420 4533 449 4584 te
472 4525 641 4601 Robertum,
665 4528 843 4588 mathemata
865 4531 938 4589 inter
967 4531 1083 4590 umbras
1106 4531 1351 4609 etphantasmata
1367 4534 1561 4609 abjicientem,
1586 4533 1652 4591 dum

310 4609 416 4670 suades
439 4612 619 4674 Ptolemaios
651 4619 782 4677 retinere.
828 4617 874 4676 De
906 4620 1003 4693 quiete
1032 4618 1079 4678 rel
1102 4628 1182 4679 motu
1203 4619 1281 4680 Solis
1309 4638 1367 4678 non
1390 4630 1453 4682 erat
1485 4619 1567 4681 locus
1591 4621 1651 4678 dis·

200 4751 202 4758 ,
310 4698 432 4770 putandi
458 4700 488 4756 in
510 4699 710 4772 Harmonieis,
739 4703 830 4763 labet
860 4705 932 4764 haec
954 4723 999 4765 res
1026 4705 1162 4766 idoneum
1193 4725 1278 4766 suurn
1306 4708 1403 4768 locum
1431 4709 1508 4786 Epit.
1534 4710 1649 4768 Astron.

310 4779 385 4842 libro
412 4785 475 4861 Ν,
507 4787 557 4852 ubi
584 4788 716 4854 invenies
748 4791 827 4870 quod
857 4810 942 4872 agas,
977 4795 1003 4854 si
1033 4793 1157 4857 refutare
1187 4794 1375 4856 fundamenta
1402 4797 1456 4856 illa
1485 4799 1649 4887 tentareris
