3676 5536
679 367 680 372 κ
727 345 810 441 nina
826 345 872 400 rv.
891 345 978 416 opu
994 345 1055 400 vn.
1502 345 1565 407 ano

302 523 379 599 Quid
402 524 481 600 quod
504 533 534 583 et
555 541 659 591 sensns
681 523 799 600 quidam
821 523 869 584 vel
892 531 988 584 tactus
1010 523 1058 582 vel
1081 521 1199 582 auditus
1213 522 1341 583 Telluris
1360 523 1451 600 globo
1474 503 1569 582 ine'sse

216 611 347 684 videtur,
382 621 552 689 argumento
582 612 653 686 hoc,
685 612 764 688 quod
791 615 936 690 constanti
959 611 1145 689 plurimarum
1169 614 1390 686 provinciarum
1414 609 1572 693 traditione

216 698 418 774 confirmatur,
446 703 470 758 si
501 703 566 777 quis
596 702 624 757 in
648 699 854 758 altissimorum
884 703 1025 759 montium
1054 700 1205 758 cacumine
1228 702 1349 773 enisus,
1381 697 1512 776 lapillum
1540 698 1568 753 in

214 786 329 860 hiatus,
360 804 434 862 quos
457 789 567 846 babent
589 787 631 845 illi
654 787 909 862 profundissimos,
934 785 1080 862 conjiciat,
1103 785 1180 844 unda
1202 787 1279 845 solet
1301 789 1424 846 excitari
1445 787 1567 856 sonitus,
1638 787 1640 798 “

216 883 267 932 aut
290 876 314 932 si
338 876 366 930 in
389 875 487 933 lacum
508 881 678 934 montanuni
701 878 766 949 (qui
789 874 891 952 procul
910 873 1001 933 dubio
1025 883 1055 932 et
1077 875 1133 949 ipsi
1156 873 1246 932 fundo
1263 871 1387 956 carent),
1411 873 1568 947 evestigio

216 970 405 1036 tempestates
428 965 558 1020 excitari.
603 961 652 1022 Sic
681 965 757 1020 enim
782 971 811 1020 et
833 961 989 1032 animalia,
1019 964 1043 1018 si
1074 963 1140 1037 qnis
1173 963 1201 1017 in
1232 968 1346 1020 teneros
1377 963 1491 1020 aurium
1514 976 1569 1018 na·

216 1051 328 1108 rinmre
350 1056 464 1108 meatus
497 1049 617 1108 titillans
654 1049 765 1126 aliquid
789 1053 913 1121 inserat,
946 1048 1064 1107 horrore
1089 1056 1221 1124 correpta
1245 1057 1332 1125 caput
1354 1057 1496 1124 quassant
1518 1053 1570 1106 aut

217 1138 247 1194 in
271 1152 371 1195 cursus
394 1153 425 1196 se
448 1138 650 1212 praecipitant.

305 1224 379 1282 Sunt
401 1230 430 1282 et
452 1225 497 1282 sui
519 1226 604 1283 certis
625 1223 752 1282 Telluris
775 1224 916 1281 tractibus
939 1223 1095 1296 languores
1112 1228 1140 1280 et
1156 1223 1287 1282 internae
1310 1225 1455 1281 viscerum
1479 1223 1569 1280 vicis·

217 1309 375 1386 situdines3
398 1311 543 1370 interdum
566 1313 643 1370 enim
658 1311 778 1369 humore
801 1313 889 1368 nimio
906 1310 1065 1381 abundant,
1089 1308 1233 1368 interdum
1257 1309 1399 1369 cruditate
1422 1317 1473 1368 aut
1497 1325 1569 1368 con·

213 1401 358 1457 coctionis
380 1399 598 1476 imperfectione
621 1398 770 1470 laborant,
799 1397 916 1473 quando
947 1396 1013 1456 loco
1047 1396 1213 1472 pluviarum
1236 1401 1476 1473 tempestivarum
1497 1398 1569 1456 meri

219 1488 298 1544 venti
320 1489 513 1561 proveniunt,
538 1486 682 1544 interdum
704 1485 795 1545 veluti
829 1501 919 1544 causa
949 1492 1082 1560 correpta
1113 1484 1184 1542 nibil
1208 1485 1351 1560 humoris,
1383 1485 1435 1544 aed
1459 1500 1510 1560 pro
1533 1499 1569 1542 eo

219 1573 392 1648 sulphureos
413 1572 522 1632 halitus
545 1582 597 1632 aut
619 1573 752 1634 madores
781 1573 952 1649 pestilentes
986 1571 1138 1630 exsudant.
1184 1572 1289 1648 Itaque
1317 1589 1376 1632 non
1411 1572 1517 1648 injuria
1538 1573 1568 1627 in

219 1660 293 1720 libro
316 1659 351 1718 de
373 1660 460 1718 Nova
481 1659 574 1719 Stella
596 1660 645 1720 iol.
673 1663 742 1718 173.
770 1663 898 1730 (initi.)
924 1653 1024 1718 omnes
1048 1662 1243 1724 concoctionis
1266 1659 1435 1733 facultates,
1460 1667 1571 1736 attrac-

220 1749 329 1821 tricem,
353 1751 543 1820 retentricem,
567 1747 746 1823 epultricem,
771 1749 799 1804 in
823 1747 875 1806 illa
890 1746 1073 1822 quaerendas
1095 1746 1242 1822 admonui,
1267 1750 1376 1824 quippe
1399 1747 1501 1806 barum
1525 1746 1570 1806 al·

220 1835 361 1894 lectiones
383 1842 452 1892 sunt
472 1835 565 1894 morbi
586 1835 640 1892 illi.

308 1920 384 1995 Quid
408 1933 484 1980 'vero
515 1921 637 1980 similius
666 1929 711 1980 est
738 1922 937 1996 respirationis
953 1918 1139 1978 ‘animalium
1165 1922 1341 1980 terrestrium
1372 1929 1402 1980 et
1430 1923 1571 1997 imprimis

220 2007 456 2085 reciprocationis
480 2008 558 2067 illius
582 2011 719 2086 piscium,
751 2007 820 2065 dum
849 2008 967 2066 sorbent
997 2023 1090 2082 aquas
1119 2023 1167 2066 ore
1196 2010 1418 2085 exprimuntque
1443 2011 1569 2068 vicissim

219 2112 271 2171 per
295 2095 575 2171 branchiamquam
599 2095 647 2155 ille
670 2095 812 2154 mirabilis
834 2094 930 2152 fluxus
952 2103 981 2152 et
1004 2093 1130 2152 refluxus
1154 2098 1256 2154 oceani
1278 2096 1489 2170 semidinrnus,
1519 2097 1569 2171 qui

221 2184 275 2242 ets'i
299 2183 337 2241 ad
353 2183 454 2242 Lunae
476 2193 572 2242 motus
587 2200 619 2242 se
641 2180 852 2254 accommodat,
875 2185 917 2240 sic
939 2189 973 2240 ut
993 2181 1144 2257 probabile
1161 2181 1232 2240 mihi
1254 2185 1292 2242 sit
1313 2185 1409 2242 visum
1432 2185 1460 2240 in
1484 2199 1571 2260 prae·
1664 2173 1666 2178 ’

220 2271 330 2330 latione
353 2269 632 2330 Commentariorum
654 2269 772 2344 Martis,
802 2269 896 2326 undas
920 2287 938 2326 a
960 2268 1045 2327 Luna
1067 2270 1158 2342 trabi,
1187 2278 1220 2328 ut
1248 2271 1353 2329 lenum
1385 2277 1570 2345 amagnete,

221 2360 328 2417 virtute
351 2374 491 2434 corporea
513 2360 653 2432 unitionis
676 2373 840 2433 corporum,
865 2356 943 2431 quod
967 2367 996 2413 et
1018 2373 1110 2432 nuper
1133 2359 1160 2413 in
1183 2356 1399 2432 prolegomenis
1424 2357 1571 2434 preme·

219 2446 324 2516 ridum,
348 2462 406 2520 quo
429 2445 495 2504 loco
519 2445 644 2504 Davidis
666 2445 793 2503 Fabricii
822 2446 988 2520 opinionem
1012 2445 1155 2516 examino,
1177 2447 1280 2520 repetii
1304 2454 1344 2511 (11.
1362 2449 1449 2510 tlon:
1473 2453 1571 2504 tamen

220 2535 245 2591 si
269 2535 335 2606 quis
359 2533 501 2607 disputet,
525 2532 671 2592 Tellurem
694 2531 733 2588 ad
755 2530 833 2591 Solis
857 2540 887 2590 et
908 2530 1010 2590 Lunae
1032 2538 1143 2588 motum
1167 2531 1386 2591 accommodare
1409 2549 1492 2592 suam
1516 2549 1570 2590 ve-

220 2619 274 2678 luti
297 2621 535 2698 respirationem,
561 2622 636 2677 sicut
659 2619 797 2678 animalia
820 2619 916 2676 somni
938 2618 1162 2694 vigiliarumque
1185 2618 1401 2678 vicissitudines
1424 2636 1489 2678 cum
1512 2618 1571 2677 diei

220 2709 374 2782 noctisque
398 2706 508 2766 babent
530 2706 663 2765 easdem:
689 2707 766 2764 hune
788 2721 844 2780 ego
867 2721 925 2764 non
948 2706 1055 2780 iniquis
1078 2707 1195 2764 auribus
1218 2705 1396 2765 audiendum
1418 2709 1447 2763 in
1470 2706 1570 2782 philo-

222 2792 328 2870 sophia
350 2795 520 2867 censuerim,
543 2795 713 2870 praesertim
735 2795 760 2851 si
783 2791 936 2851 accederet
958 2792 1078 2867 aliquod
1094 2793 1231 2852 indicium
1254 2794 1425 2853 flexibilium
1449 2795 1476 2850 in
1501 2811 1571 2870 pro-

221 2880 313 2939 lundo
336 2880 444 2940 Terrae
472 2884 613 2957 partium,
647 2897 723 2955 quae
755 2882 848 2938 vicem
880 2883 1042 2938 sustineant
1073 2880 1325 2955 pulmonumaut
1359 2881 1571 2940 brunchiarum.

158 2975 163 2988 '
221 2967 296 3027 Nam
320 2970 345 3028 si
369 2966 435 3026 talis
458 2969 559 3044 aliqua
582 2975 687 3026 natura
709 2969 748 3026 sit
770 2966 903 3040 illarum,
932 2967 1028 3042 qualis
1058 2976 1103 3026 est
1132 2971 1207 3026 a'e'ris
1231 2970 1330 3040 nostri,
1354 2967 1569 3028 condensabllis

221 3063 252 3115 et
272 3054 430 3126 extensilis,
451 3055 514 3130 jam
537 3071 595 3113 non
615 3071 693 3131 opus
715 3056 769 3113 erit
791 3052 828 3112 ad
842 3054 918 3112 bane
932 3056 1151 3130 respirationem
1173 3064 1254 3114 motu
1276 3056 1439 3132 superficiei
1454 3053 1570 3127 Terrae,

221 3143 349 3218 analogo
371 3142 482 3201 scilicet
505 3144 596 3201 motui
618 3141 816 3201 musculorum
840 3140 1084 3218 diaphragmatis‚
1113 3145 1142 3200 in
1173 3161 1293 3218 corpore
1322 3143 1450 3203 humano
1477 3147 1572 3218 respi-

104 3225 122 3252 “
221 3239 312 3290 terite.
366 3228 449 3303 Quae
479 3247 548 3289 vero
575 3233 667 3306 possit
703 3231 797 3304 aptior
825 3245 889 3287 esse
918 3232 992 3289 ratio
1021 3221 1198 3305 receptionis
1225 3242 1368 3306 aquarum
1396 3232 1572 3290 marinarum

221 3320 376 3376 introrsum
399 3319 428 3374 in
453 3317 579 3375 culinam
601 3317 693 3376 veluti
715 3315 915 3388 metallorum,
949 3319 1006 3374 nisi
1028 3316 1100 3374 haec
1123 3319 1187 3393 ipsa
1215 3334 1267 3393 per
1289 3320 1405 3393 euripos
1428 3321 1501 3377 istos
1524 3335 1573 3376 se-

222 3405 383 3462 midiurnos
405 3403 586 3481 perpetuos?
631 3402 710 3479 Quid
732 3402 813 3462 alind
834 3406 976 3479 suspicari
999 3403 1069 3462 iacit
1091 3421 1176 3462 casus
1199 3403 1431 3478 illuminabilis,
1455 3404 1572 3480 quando

222 3494 323 3570 paucis
346 3495 431 3550 annis
453 3499 521 3550 ante
543 3509 632 3566 quem
653 3492 818 3566 frequentia
846 3501 1039 3550 mercatorum
1062 3491 1252 3566 Antrerpiam
1281 3491 1440 3564 desereret,
1472 3491 1568 3549 durus

222 3592 252 3638 et
273 3578 400 3638 refluxus
423 3595 565 3638 oceanum
588 3578 634 3638 die
657 3579 785 3655 quodam
809 3576 936 3637 deseruit
964 3577 1172 3658 (exterruitque
1205 3575 1354 3637 civitatem
1376 3595 1434 3638 non
1458 3578 1572 3638 medio·

222 3662 335 3747 ariter),
358 3665 443 3724 Luna
465 3683 580 3726 cursum
602 3684 687 3725 sunm
709 3682 767 3724 non
792 3663 942 3724 deseruit?
973 3665 1116 3724 Nimirum
1139 3663 1229 3724 Terra
1252 3667 1317 3742 ipsa
1340 3683 1460 3744 compos
1483 3666 1572 3740 bajus

221 3755 476 3830 reciprocationis,
506 3753 575 3813 licet
596 3753 647 3811 illa
669 3762 749 3812 motu
779 3752 904 3810 naturali
936 3753 1106 3830 participet,
1138 3755 1281 3812 continuit
1303 3769 1391 3812 unam
1413 3753 1491 3812 illius
1515 3751 1573 3812 dloi

223 3843 453 3917 respirationem,
477 3843 553 3900 sicut
574 3843 737 3900 animantes
753 3838 896 3898 interdum
911 3841 1060 3899 continent
1076 3841 1211 3912 animam,
1235 3843 1371 3918 quamvis
1386 3849 1482 3901 motus
1506 3820 1574 3900 dia·

221 3929 403 4006 pbragmatis
433 3931 495 4004 ipse
523 3929 612 3987 etiam
639 3927 767 3988 naturali
797 3929 902 3986 mixtus
932 3930 979 3986 sit.
1025 3925 1201 4003 Quanquam
1222 3931 1328 3988 rectius
1351 3929 1424 3988 iorte
1447 3931 1574 4003 respira·

222 4019 333 4092 tionem
356 4016 501 4091 aliquam,
526 4015 633 4074 Terrae
655 4018 858 4088 neeessariam,
882 4033 917 4075 ex
941 4017 1057 4080 animae
1080 4018 1252 4093 praesentia,
1276 4033 1364 4092 qnam
1387 4018 1515 4074 animam
1537 4031 1573 4074 ex

222 4105 423 4180 respiratione,
446 4103 675 4179 probaverimus.
848 4171 852 4180 ⁴

311 4190 386 4249 Nam
410 4197 441 4248 ut
459 4196 519 4260 lam
543 4188 625 4248 velut
646 4208 677 4248 re
700 4198 794 4264 certa,
826 4190 905 4267 quod
927 4193 965 4250 sit
993 4193 1023 4248 in
1047 4190 1165 4250 Tellure
1189 4193 1299 4264 anima,
1331 4189 1369 4247 nd
1392 4186 1574 4266 contempla-

223 4279 333 4336 tionem
361 4277 425 4353 ejus
456 4279 601 4338 essentiae
631 4279 799 4351 veniamus,
832 4278 967 4354 equidem
996 4279 1047 4336 illa
1081 4294 1140 4337 non
1168 4285 1280 4337 tantum
1311 4276 1411 4352 aliqua
1438 4276 1490 4335 lux
1520 4283 1573 4350 est,

224 4365 321 4440 qualis
343 4375 388 4425 est
405 4367 520 4440 ignium
544 4373 574 4425 et
596 4363 841 4438 cincindularum,
865 4383 884 4423 a
905 4383 938 4424 se
961 4367 1027 4439 ipsa
1048 4365 1192 4441 pendens,
1217 4382 1274 4424 non
1297 4365 1335 4423 ab
1359 4364 1573 4423 illuminatione

224 4470 261 4512 ex
276 4452 353 4528 Sole,
377 4459 547 4528 argumento
570 4451 634 4523 boc,
659 4450 738 4526 quod
759 4451 874 4510 lucidos
896 4452 1077 4526 planetarum
1092 4451 1191 4512 radios
1213 4451 1431 4528 quodammodo
1453 4467 1574 4529 persen·

225 4541 326 4615 tisoat;
349 4540 402 4598 sed
424 4540 511 4616 plane
533 4537 650 4600 flamma
672 4537 818 4614 quaedam
838 4555 902 4597 esse
929 4539 1044 4597 videtur
1067 4534 1274 4619 (respiratione
1299 4541 1411 4599 scilieet
1434 4557 1485 4600 seu
1509 4555 1574 4598 sor·

224 4629 336 4687 bitione
358 4623 518 4708 fovenda),
549 4634 719 4702 argumento
743 4625 847 4685 caloris
870 4627 1050 4684 subterranei
1072 4627 1205 4702 perpetui
1227 4635 1258 4686 at
1279 4627 1441 4706 sensibilis,
1472 4627 1573 4700 cujus·

224 4714 306 4773 modi
327 4716 391 4774 sine
414 4715 513 4772 anima
526 4714 624 4773 nullus
648 4721 715 4774 actu
730 4715 758 4771 in
781 4715 904 4772 materia
918 4712 997 4772 nuda
1019 4721 1173 4788 perennat3
1196 4720 1228 4772 at
1242 4731 1278 4774 ne
1301 4718 1433 4790 potentia
1455 4712 1574 4791 quidem

224 4803 303 4862 inest
323 4803 355 4859 in
375 4801 464 4862 rebus
486 4802 525 4864 eb
547 4801 718 4862 animalium
739 4803 930 4878 stirpiumque
951 4801 1116 4861 substantia
1130 4798 1312 4878 exeuntibus,
1334 4804 1392 4864 nisl
1414 4803 1452 4863 ab
1474 4803 1573 4862 anima
