3698 5534
761 373 845 430 Liber
861 373 908 429 IV.
928 373 1016 444 Caput
1032 373 1093 436 VII.
1506 373 1568 434 267

228 551 381 610 renititur
403 551 534 614 doctrina
557 553 685 628 crisium,
709 549 745 612 de
768 570 828 630 qua
849 554 921 612 satis
944 560 1080 614 accurate
1103 555 1149 630 egi
1179 554 1209 610 in
1231 552 1332 612 Tertio
1356 549 1570 610 interueniente

229 656 307 698 num.
334 639 383 697 70.
409 649 437 698 et
461 635 657 716 sequentibus.
1600 698 1604 706 Ι

314 723 391 784 Satis
414 729 630 805 inpraesentia
653 726 762 786 dictum
791 733 853 792 esto
877 727 913 788 de
934 727 1079 789 humanae
1109 729 1205 788 etiam·
1220 729 1334 787 animae
1361 724 1501 785 facultate
1524 725 1570 780 in-

229 813 331 872 ieriors
354 812 448 890 deque
471 818 608 875 universa
630 815 686 875 hac
708 817 844 876 materia.-

315 899 404 960 Porro
428 901 500 961 baec
523 920 577 978 ego
601 901 636 960 dc
660 905 758 962 anima
779 902 928 980 disputavi
950 903 1102 978 hactenus,
1125 919 1182 962 nou
1208 899 1342 978 equidem
1363 900 1420 959 hoc
1438 896 1569 970 consilio,
1651 899 1683 932 ‘¹

228 994 260 1046 ut
281 987 485 1065 philosophiae
508 989 625 1050 divinae
648 990 796 1050 studiosos
819 993 935 1066 penitus
965 1007 1087 1050 avocem
1117 989 1282 1049 electione
1305 987 1571 1064 metaphysicorum

228 1083 388 1150 auctorum,
413 1085 481 1137 utve
507 1083 549 1135 tot
571 1077 704 1138 Platonis
736 1084 765 1138 at
787 1075 953 1140 Aristotelis
982 1078 1186 1154 interpretibus
1215 1075 1455 1153 profundissimae
1486 1071 1571 1132 inda·

226 1164 312 1240 ginis,
337 1161 472 1237 Graecis,
498 1165 654 1238 Arabibus,
679 1164 807 1239 Latinis,
833 1165 968 1239 l'lotino,
991 1165 1172 1237 Themistic,
1202 1162 1367 1238 Simplicio,
1398 1160 1570 1237 Porphyris,

230 1249 405 1325 Alexandro,
430 1251 553 1312 Avenoi
576 1259 605 1311 et
629 1269 702 1327 quos
726 1252 907 1328 illc‘allegat
928 1271 1000 1313 suae
1022 1255 1119 1330 gentis
1142 1269 1200 1311 nou
1214 1267 1334 1327 paucos,
1357 1249 1520 1322 Boetioque
1543 1255 1573 1306 et

228 1340 424 1398 recentissimo
455 1340 705 1416 subtilissimoque
734 1339 763 1398 J.
789 1340 821 1399 G.
850 1341 1018 1417 Scaligero‚
1051 1340 1087 1400 de
1118 1341 1216 1398 anima
1248 1338 1341 1413 deque
1371 1335 1573 1410 intelligentiis

228 1425 455 1503 disputantibus,
480 1427 580 1487 oculos
597 1426 785 1503 conligerem3
809 1427 860 1487 sed
884 1435 915 1488 ut
937 1428 1009 1488 baec
1025 1445 1061 1488 ex
1075 1445 1141 1486 mea
1155 1427 1333 1506 professione
1356 1441 1449 1500 exque
1471 1423 1572 1482 intime

141 1529 146 1538 ·
228 1513 317 1588 hujus
341 1515 436 1590 operia
460 1513 629 1573 Harmonici
653 1533 730 1591 penu
754 1514 906 1592 depromta
928 1515 1052 1575 necdum
1070 1522 1149 1574 tacta
1166 1515 1203 1572 ab
1218 1515 1262 1586 iis,
1285 1511 1365 1588 quod
1380 1513 1479 1584 sciam,
1503 1525 1574 1569 uon-

224 1600 448 1660 siderationibus
480 1601 594 1660 illorum
624 1601 714 1662 veluti
743 1603 936 1682 supplementi
968 1602 1033 1664 loco
1059 1601 1228 1680 adjicerem,
1261 1599 1338 1659 unde
1373 1599 1411 1658 ab
1433 1599 1488 1671 iis,
1523 1597 1573 1674 qul

227 1695 293 1767 post
314 1707 360 1748 me
382 1707 447 1748 sese
469 1688 538 1748 huic
564 1690 803 1766 contemplationi
824 1690 1045 1768 metaphysicae
1073 1689 1211 1763 dedituri,
1241 1696 1374 1748 auctores
1398 1685 1491 1744 dictos
1512 1683 1573 1745 lec·
1617 1765 1620 1774 ,
1660 1730 1667 1745 ,

160 1803 168 1814 =
227 1778 292 1848 turi,
316 1784 416 1835 nostra
439 1775 512 1836 haec
536 1776 628 1856 veluti
650 1779 850 1854 experimenta
872 1796 938 1839 cum
960 1779 1078 1838 illorum
1093 1776 1365 1837 ratiocinationibus
1389 1773 1521 1833 collaturi
1545 1779 1574 1830 et

228 1872 380 1940 utrumque
413 1864 593 1923 adulterius
623 1863 722 1923 limam
754 1864 904 1926 liberrima
936 1867 1057 1926 rationis
1086 1882 1209 1926 censura
1231 1864 1359 1923 exacturi
1390 1869 1458 1920 suut
1481 1858 1574 1940 (quod

227 1951 320 2010 iatecr
342 1969 360 2010 a
384 1969 430 2010 me
452 1950 509 2011 bac
531 1954 595 2012 vice
619 1951 728 2012 sactum
752 1971 817 2012 esse
842 1949 986 2034 minime),
1010 1953 1084 2013 haec
1106 1949 1326 2030 metaphysicae
1345 1951 1485 2009 scientiae
1508 1965 1575 2025 pars
1674 1965 1677 1972 ·

228 2037 353 2114 denique
377 2039 515 2098 illustrior
538 2047 566 2098 ct
589 2039 764 2117 locupletior
789 2041 983 2117 omnibusque
1006 2043 1132 2101 numeris
1154 2039 1318 2099 absolutior
1344 2038 1481 2096 constitui
1506 2051 1575 2112 pos-

227 2127 277 2200 sit,
301 2125 379 2201 quod
403 2136 434 2184 ut
457 2127 494 2186 ad
516 2125 640 2202 gloriam
663 2127 798 2187 Nominis
821 2126 1071 2205 superbenedicti,
1102 2128 1158 2187 Dei
1183 2125 1329 2186 Creatoris
1364 2123 1523 2182 visibilium
1546 2129 1575 2185 et

230 2215 435 2287 invisibilium,
471 2215 560 2291 inque
583 2223 773 2292 augmentum
796 2218 1009 2276 sanctimoniae
1033 2223 1063 2276 st
1084 2215 1268 2273 innocentiae
1292 2213 1369 2271 vitae
1394 2209 1575 2287 contempla-

230 2307 335 2375 torum,
359 2301 484 2378 denique
508 2304 538 2360 in
560 2301 685 2363 salutem
708 2312 858 2364 aeternam
874 2304 1062 2382 plurimamm
1079 2305 1240 2362 animarum
1256 2300 1350 2368 cedat,
1374 2299 1457 2358 illum
1479 2300 1574 2375 ipsum

234 2389 328 2447 Deum
351 2388 492 2448 Triunum
514 2389 638 2468 supplex
659 2407 772 2468 precor.

746 2687 856 2746 Finis
882 2685 972 2746 libri
1003 2687 1055 2748 lv.
