3564 5540
263 439 326 502 lat
489 431 492 438 ’
793 435 836 493 De
852 433 1080 505 Propertionlbur
1144 497 1146 503 ,

261 611 410 673 iuscibilea
441 615 492 690 (eo
514 631 617 690 sensu,
651 617 701 692 qui
728 613 805 674 libro
833 615 927 694 primo
956 611 1117 692 explicatus
1140 609 1213 688 est),
1243 611 1413 674 mansemrrt
1442 613 1531 690 igitur
1559 613 1629 674 toris

263 708 345 762 extra
379 709 508 762 mentem
540 701 651 781 opificis
692 705 800 763 aeterni
810 748 828 782 ‚.
861 717 916 762 nec
947 700 1095 761 ullatenus
1125 700 1162 761 ad
1193 701 1384 782 archetypum
1413 707 1628 762 concurrerunt

171 839 176 854 .
263 787 321 849 Sed
346 786 381 848 de
404 789 450 848 his
469 791 532 867 jam
556 790 648 868 plura,
672 790 724 847 ubi
747 788 909 850 doctrinam
930 787 1007 849 banc
1029 790 1124 867 ipsam
1146 805 1197 866 per
1219 806 1274 848 sua
1296 791 1393 866 capita
1414 788 1629 865 tradiderimut,

197 895 201 898 ·
264 893 351 954 quam
374 878 548 954 incipiamus
570 894 636 937 cum
659 877 739 951 Deo,
771 876 807 938 de
830 884 919 937 cantu
943 875 1061 953 quidem
1091 877 1202 952 ubique
1224 893 1387 936 sermonem
1406 877 1567 950 babentes,
1599 875 1629 935 id

264 971 309 1024 est
332 963 367 1024 de
390 964 552 1024 intervallis
574 965 750 1025 harmonicis
773 982 830 1025 non
854 966 1025 1039 abstractis,
1054 955 1107 1025 sed
1138 981 1204 1023 cum
1227 981 1300 1024 sono
1332 967 1488 1038 concretis,
1522 965 1629 1024 mentis

263 1069 333 1111 vero
357 1051 477 1112 eruditis
500 1054 619 1111 auribus
642 1054 751 1129 ubique
773 1053 922 1113 abstracta
945 1071 963 1112 a
984 1054 1064 1112 sonis
1095 1046 1250 1115 intervalla
1272 1051 1497 1127 subaudiamus,
1526 1060 1628 1130 utpote

254 1157 340 1216 uuae
363 1156 421 1199 non
445 1147 557 1200 tanturn
580 1141 609 1199 in
632 1142 713 1200 sonis
735 1142 824 1218 inque
847 1147 934 1200 cautu
957 1139 1095 1207 humano.
1119 1138 1171 1200 sed
1194 1141 1283 1200 etiarn
1305 1142 1335 1198 in
1358 1140 1423 1200 aliis
1444 1141 1533 1199 rebus
1556 1155 1628 1200 sono

264 1227 428 1289 carentibus
450 1243 534 1288 suam
556 1231 673 1315 pariunt
693 1230 834 1306 gratiam,
850 1225 891 1287 'ut
913 1233 1017 1304 quarto
1039 1235 1070 1289 et
1091 1229 1194 1304 quinto
1215 1227 1298 1288 libris
1321 1227 1483 1288 audiemus.

792 1413 920 1484 Capita
938 1411 1037 1469 Libri
1054 1411 1103 1468 111.

266 1535 356 1606 Caput
420 1537 441 1590 1.
461 1533 545 1590 Ortus
563 1535 803 1592 consonantiarum
821 1551 855 1592 ex
873 1535 964 1592 causis
982 1535 1039 1590 suis
1056 1534 1184 1605 propriis.

303 1637 315 1664 s
406 1614 442 1669 Π
460 1603 627 1686 Deceptam
651 1611 769 1670 chordae
794 1615 960 1679 sectionibus
984 1615 1148 1672 harmonicis
1170 1612 1340 1682 totidemque
1362 1609 1455 1668 formis
1479 1625 1628 1668 consonen-

474 1691 573 1746 tiarum
591 1691 732 1748 minorum.

303 1792 315 1820 r
394 1770 444 1828 ΠΙ.
461 1771 504 1826 De
521 1770 713 1828 medietatibus
731 1771 907 1840 harmonicis,
926 1777 953 1826 ct
971 1763 1093 1826 triuitate
1112 1769 1315 1826 consonantiae.

304 1869 316 1898 s
392 1849 440 1903 IV.
459 1847 543 1904 Ortus
562 1855 590 1904 et
609 1849 790 1905 denominatio
808 1850 1013 1906 intervallorum
1032 1847 1167 1904 usualium
1186 1864 1235 1905 seu
1254 1849 1453 1906 concinnomn.

303 1947 317 1977 s
404 1928 436 1982 V.
457 1927 546 1983 Sentio
566 1935 594 1983 et
611 1926 795 1983 denominatio
814 1929 1053 1986 consonantiarum
1070 1945 1122 1999 per
1138 1946 1190 1986 sua
1205 1927 1350 1984 intervalla
1368 1928 1482 1983 uenalia.

305 2023 317 2053 ι
386 2006 433 2061 VI.
453 2007 495 2060 De
514 2013 610 2060 cantus
629 2005 788 2076 generibus,
807 2007 875 2062 duro
893 2013 922 2062 et
938 2007 1021 2064 molli.

307 2104 321 2134 s
372 2086 429 2139 Vll.
449 2086 593 2154 Propertio
612 2085 731 2140 omniurn
750 2095 812 2142 octo
831 2103 960 2143 sonorum
978 2091 1113 2147 usualium
1130 2090 1212 2145 unius
1232 2088 1373 2158 diapason

307 2164 427 2219 »an
445 2164 586 2219 abscissio
604 2164 817 2235 semitoniorum,
836 2174 865 2221 et
882 2166 949 2221 ordo
968 2168 1138 2224 minimorum
1155 2168 1363 2222 intervallorum·
1375 2166 1404 2220 in
1422 2165 1562 2236 diapason

306 2262 318 2289 r
377 2241 424 2298 IX.
443 2243 485 2298 De
504 2243 709 2312 diagrammate,
734 2240 826 2315 lineis,
851 2245 924 2302 netis
942 2244 1085 2316 literisque
1102 2263 1231 2304 sonorum
1249 2245 1397 2315 indicibus;
1422 2243 1455 2299 de
1474 2251 1628 2314 systemate,

477 2321 599 2378 claribus
618 2329 645 2376 et
663 2319 738 2377 scala
755 2323 869 2380 musica.

307 2419 319 2448 s
386 2397 420 2453 X.
443 2399 486 2454 De
504 2401 688 2456 tetrachordis
706 2409 735 2454 et
753 2400 866 2472 syllabis
883 2409 927 2462 ut,
945 2420 990 2474 re,
1008 2405 1060 2476 mi,
1078 2404 1121 2471 fa,
1140 2403 1194 2476 sol,
1214 2403 1250 2463 la.

306 2498 320 2528 s
375 2477 423 2540 XI.
442 2479 484 2532 De
502 2479 699 2548 compositione
717 2487 898 2550 systematum
915 2483 1057 2552 majorum.

305 2576 319 2606 s
360 2557 424 2612 xii.
444 2558 486 2613 De
504 2559 689 2614 consonantiis
708 2557 880 2630 adulterinis,
900 2575 935 2616 ex
952 2563 1149 2634 compositione
1167 2565 1243 2622 ortis.

307 2657 319 2687 s
346 2635 423 2692 XIII.
440 2637 482 2692 De
500 2645 582 2692 cantu
600 2635 732 2692 concinno
751 2636 875 2708 simplici.

306 2731 320 2761 s
351 2711 425 2768 XIV.
444 2713 591 2770 Demadis
609 2731 658 2770 seu
676 2717 756 2770 tonis.

308 2813 320 2842 s
364 2792 424 2848 XV.
444 2794 496 2862 Qui
513 2795 587 2850 modi
604 2795 704 2864 quibus
720 2795 841 2852 serviant
858 2793 1010 2852 affectibus.

306 2891 319 2923 s
348 2869 420 2928 XVI.
440 2873 482 2928 De
501 2881 584 2930 cantu
603 2873 718 2942 figurato
737 2890 787 2931 seu
805 2891 856 2945 per
873 2875 1049 2932 lamoniam.

852 3131 995 3206 CAPUT
1022 3133 1045 3205 l.

670 3261 726 3326 ‚De
753 3263 872 3319 causis
900 3263 1217 3320 consonantiarum.

355 3421 557 3484 Definitio.
602 3421 676 3482 (ium
698 3432 813 3484 veteres
834 3425 881 3484 usi
903 3426 962 3485 sint
990 3424 1037 3484 bis
1061 3424 1202 3484 roribus:
1240 3423 1441 3500 Marcentes,
1471 3419 1639 3503 dnspmsas

267 3509 429 3590 dpoporor,
452 3516 608 3588 diapasoa,
629 3531 791 3586 evaporat,
814 3507 1001 3590 desponsos,
1024 3513 1110 3572 nobis
1132 3510 1282 3571 dissonum
1305 3509 1383 3571 idem
1405 3511 1533 3583 sonabit,
1558 3511 1645 3589 quod,

269 3597 456 3677 ἀσιμφωτοι,
482 3614 642 3657 consonum
665 3597 744 3658 idem
767 3600 847 3676 quod
871 3621 1037 3679 uvppmros,
1060 3599 1144 3676 cujus
1167 3604 1236 3657 suut
1258 3597 1452 3659 differentiae:
1476 3597 1644 3675 identieum,

271 3687 349 3768 quod
374 3702 426 3764 pro
449 3679 596 3767 duoporrp
619 3686 843 3767 usurpabimus,
871 3694 902 3747 et
931 3704 990 3748 non
1013 3686 1187 3762 identieum,
1220 3684 1299 3762 quod
1331 3703 1383 3764 pro
1414 3691 1562 3766 ιιιιφωνῳ.
1610 3687 1644 3748 Et

268 3776 389 3837 identici
412 3779 496 3833 erunt
520 3772 595 3833 duae
618 3775 746 3851 speeies:
770 3777 925 3835 unisonum
948 3785 978 3834 et
999 3773 1159 3834 identicum
1181 3789 1217 3833 ex
1241 3774 1387 3852 opposito.

239 3891 241 3898 ι
357 3857 561 3922 Definitio.
607 3859 640 3919 In
664 3864 826 3936 geometria
849 3863 986 3923 differunt
1008 3860 1156 3922 rutabula
1178 3878 1245 3940 pars
1269 3863 1426 3940 et'parted.
1472 3859 1546 3920 Pars
1570 3864 1644 3923 euim

270 3952 383 4024 dicitur,
407 3947 492 4025 cujus
515 3951 566 4007 est
585 3955 679 4007 totum
700 3949 862 4011 secundum
877 3955 985 4013 c'ertam
1002 3951 1219 4029 proportionem
1233 3949 1396 4027 multiplex,
1420 3956 1491 4026 puta
1513 3947 1643 4030 duplum,

270 4039 398 4119 triplum,
423 4034 637 4115 quadruplum3
670 4043 768 4116 partes
791 4056 877 4114 vero,
902 4038 1022 4114 quando
1045 4053 1105 4097 uon
1134 4035 1230 4098 solum
1258 4045 1287 4097 et
1308 4038 1427 4098 unicum
1451 4045 1561 4110 totum,
1593 4036 1644 4098 scd

270 4127 372 4203 aliqua
403 4132 533 4184 totorum
562 4123 719 4184 multitudo
749 4126 836 4185 luerit
864 4125 980 4186 illarum
1008 4123 1172 4202 multiplex.
1224 4123 1265 4186 Ut
1293 4141 1359 4195 una,
1388 4126 1513 4205 septima
1541 4123 1644 4192 dicitur

270 4231 348 4293 pars,
373 4214 442 4289 quia
466 4220 546 4271 totus
570 4210 694 4272 circulus
718 4221 763 4273 eat
784 4213 953 4293 septuplum
968 4213 1056 4288 hujus
1079 4215 1187 4292 partis,
1210 4220 1242 4271 at
1264 4219 1322 4272 tres
1344 4208 1486 4291 septimae
1509 4211 1643 4274 dicuntur

271 4316 329 4358 non
352 4316 419 4378 pars
441 4299 494 4359 sed
518 4305 624 4377 partes,
648 4300 719 4376 quia
741 4318 856 4361 summa
879 4304 966 4362 trium
982 4299 1156 4363 circulorum
1180 4309 1225 4359 est
1246 4298 1413 4378 septuplum
1434 4299 1524 4375 hujus
1548 4318 1640 4361 meus.

270 4385 329 4446 Hic
353 4403 423 4446 vero
445 4403 500 4448 nos
521 4386 579 4447 bac
602 4386 790 4448 distinctione
819 4406 877 4449 uon
902 4396 1033 4461 utemur,
1065 4387 1117 4448 sed
1150 4395 1273 4468 partem
1291 4387 1421 4448 dicemus
1453 4395 1514 4445 tam
1543 4405 1639 4458 unam,

272 4489 361 4551 quam
383 4471 505 4533 alteram
528 4473 671 4536 dictarum
693 4477 875 4555 portionum,
903 4475 961 4536 boe
984 4484 1042 4550 est,
1077 4477 1171 4536 omnis
1193 4477 1288 4552 portio
1310 4471 1494 4552 longitudine
1517 4473 1639 4536 effabilis

272 4559 384 4621 dicetur
405 4561 490 4620 nobis
513 4579 590 4641 pars,
614 4580 678 4622 cum
700 4563 757 4624 hac
771 4571 869 4625 umen
892 4563 1082 4638 restrictione,
1106 4565 1131 4624 si
1147 4563 1230 4623 luerit
1251 4579 1310 4622 non
1332 4563 1428 4640 major
1449 4562 1638 4624 semicirculo.

271 4646 434 4710 Residuum
458 4663 525 4708 vero
547 4648 620 4708 illud
642 4648 760 4726 dicetur,
783 4651 869 4730 qued,
886 4651 987 4714 ablata
1009 4653 1142 4731 portione
1165 4649 1273 4712 effabili
1288 4667 1307 4711 a
1322 4657 1396 4726 toto,
1419 4658 1560 4726 remanet,
1583 4667 1638 4712 nou

272 4739 369 4797 minus
393 4735 521 4794 existens
543 4737 732 4798 semicirculo.

368 4817 455 4876 Valde
478 4821 633 4875 samsona
646 4821 695 4876 est
721 4819 863 4878 Maura
886 4821 992 4880 residui
1009 4827 1139 4896 spaera,
1166 4821 1232 4894 quic
1250 4827 1342 4911 potest
1360 4835 1416 4879 aaa
1432 4820 1502 4894 para
1519 4835 1639 4881 comm

276 4915 386 4973 paucus
402 4897 544 4959 aarum
562 4897 718 4969 detonsus,
736 4907 768 4958 ut
784 4899 940 4959 Mass
