3570 5536
461 381 597 440 Iudicium
615 379 727 454 Kepleri
745 381 779 440 de
796 395 984 440 mensurarum
1001 379 1171 456 aequatione.
1276 375 1278 382 ’
1426 387 1487 456 625

137 556 167 613 h.
186 573 209 613 e.
229 555 263 614 de
280 557 312 613 21
334 557 467 616 undecim.
504 559 632 616 Gorrecto
649 575 713 615 sero
732 557 853 631 cylindro
877 558 1009 628 sphaerae
1032 574 1131 628 corpus
1155 575 1210 614 uua
1231 559 1375 628 corrigitur
1392 567 1489 629 estque

138 635 447 708 20913951023931951-;
466 637 559 708 itaque
579 638 678 694 divisor
695 640 747 693 iste
766 639 801 694 sit
819 638 917 706 prioris
935 638 995 694 hes:
1022 638 1151 708 prodiens
1178 638 1229 694 erit
1255 636 1364 694 dimidio
1390 638 1489 709 prioris

137 715 251 784 eucher,
271 731 308 771 sc.
326 731 455 772 numerus
473 715 540 772 iste:
559 716 844 788 cenomanensium,
873 717 950 788 ιιιιε
968 715 1046 772 radix
1074 717 1169 774 cubica
1196 717 1373 786 5303031ιοοοο
1397 717 1489 789 prodit

138 793 300 852 ιιειιειιιιι
319 795 616 865 quaesitae'sphaaras.

666 976 721 1036 ad
744 976 864 1055 Caput
886 976 954 1042 Vll.

227 1121 467 1197 Jam'respcusum
486 1135 529 1184 eat
546 1129 619 1200 apud
638 1129 703 1197 Cap.
723 1129 756 1184 V.
791 1128 937 1200 Nunquam
955 1127 1023 1183 adeo
1050 1133 1110 1182 tnta
1127 1134 1170 1183 est
1189 1127 1311 1197 operatio
1328 1145 1378 1199 per
1394 1128 1488 1202 luteas,

136 1220 188 1260 nec
206 1213 248 1260 εει
264 1207 434 1276 geometrica,
453 1222 504 1262 nec
522 1215 586 1263 sunt
602 1207 729 1262 quentae
746 1207 833 1262 lineae
855 1209 884 1262 iu
907 1223 940 1264 aa
963 1206 997 1261 ad
1023 1221 1052 1261 se
1075 1213 1169 1262 mutuo
1187 1209 1371 1277 proportione,
1389 1210 1417 1264 iu
1435 1227 1490 1279 qua

137 1291 181 1339 est
198 1283 284 1339 cubus
304 1284 338 1339 ad
357 1283 505 1350 cylindrum
523 1291 571 1340 aut
589 1285 741 1354 sphaeram,
760 1302 794 1340 ne
806 1286 947 1355 proximae
965 1284 1073 1354 quidem
1091 1284 1188 1354 lineae,
1207 1286 1307 1354 quibus
1326 1288 1488 1357 exprimere·

137 1370 185 1417 tur
201 1364 269 1418 haec
286 1365 437 1434 proportio.
474 1365 528 1420 Sed
547 1380 597 1420 nec
617 1371 734 1433 possiunt
750 1364 862 1420 inventri
881 1365 1029 1434 praecisae.
1068 1363 1216 1432 Quodlibet
1234 1365 1304 1420 enim
1321 1365 1394 1422 latus
1412 1365 1489 1435 poly-

136 1442 199 1510 goni
226 1442 327 1497 circulo
351 1441 472 1513 inscripti
499 1443 582 1498 hahet
609 1443 780 1498 remotiorem
809 1443 1035 1500 demonstrandae
1061 1445 1245 1513 proportionis
1273 1459 1339 1500 suae
1366 1445 1489 1514 padum,

138 1527 293 1590 separatum
320 1521 354 1575 ab
374 1521 605 1578 antecedentibus.
640 1521 720 1577 Solus
739 1522 855 1578 circulus
882 1529 946 1591 post
975 1535 1067 1576 omues
1088 1519 1190 1592 figuras
1215 1521 1366 1592 polygonus
1395 1521 1486 1582 adhuc

136 1608 262 1669 superest
279 1618 334 1656 nou
353 1603 552 1658 demonstratus
580 1617 631 1658 uec
655 1601 898 1668 demonstrandos,
926 1600 979 1656 uisi
1004 1601 1080 1670 prins
1109 1602 1294 1659 demonstrata
1318 1603 1373 1658 aiut
1400 1602 1490 1659 omnia

138 1680 283 1750 polygonus,
302 1697 417 1750 quorum
435 1679 547 1737 Infinita.
583 1681 754 1751 Impossibile
773 1681 855 1750 igitur
873 1679 1051 1736 demonstrari
1071 1680 1208 1736 clrculum.
1244 1681 1390 1751 Nunquam
1408 1681 1489 1750 igitur

136 1759 192 1815 ulla
208 1759 340 1815 liucarum
356 1760 524 1830 praecisione
543 1761 688 1816 evitabitur
706 1759 860 1816 errorculua
878 1775 1061 1829 numerorum,
1088 1761 1154 1828 quin
1176 1758 1267 1829 potius
1286 1761 1486 1832 aggravabimus.

137 1838 233 1893 Laudo
252 1845 341 1894 tamen
360 1840 521 1896 industriam
540 1839 669 1896 Schoneri
687 1840 715 1894 in
732 1839 903 1896 mechauIcae
921 1837 1136 1908 investigationis
1160 1838 1302 1894 exercitio:
1331 1839 1381 1894 etsi
1401 1838 1487 1894 laten·

137 1915 200 1970 dum
219 1925 270 1982 est,
290 1916 375 1974 lineas
393 1919 428 1974 ab
445 1919 493 1976 illo
510 1919 605 1978 ductas
632 1917 660 1974 iu
685 1919 862 1990 proportione
889 1917 952 1974 cubi
977 1917 1011 1973 ad
1038 1915 1189 1986 cylindrum
1215 1934 1289 1974 mere
1314 1917 1486 1972 mechanicas

136 2008 197 2048 esse
215 2010 265 2049 uec
284 1997 442 2054 numerandi
459 1998 577 2054 taedium
601 1997 756 2066 sublevare,
783 1998 831 2054 sed
854 2011 1082 2068 praesupponere.
1122 1995 1191 2050 Nam
1211 1995 1393 2066 corpulentias
1412 1996 1487 2066 prius

137 2073 283 2142 explicavit
299 2075 327 2130 ιι
345 2076 471 2146 numeris,
490 2083 587 2145 postea
605 2091 640 2130 ex
657 2075 775 2131 numeris
792 2076 821 2131 iu
838 2073 924 2133 lineas
942 2073 1081 2130 transtulit
1099 2083 1202 2144 quanta
1219 2077 1309 2144 potuit
1326 2075 1486 2146 subtilitate,

137 2154 185 2210 ubi
196 2153 305 2223 quidem
318 2156 409 2210 statim
417 2155 445 2210 in
456 2156 538 2211 tertio
550 2154 635 2224 digito
646 2170 663 2209 a
675 2156 786 2210 amistra
798 2170 971 2210 numerorum
981 2150 1160 2210 subtilitatem
1174 2153 1298 2210 deserere
1312 2161 1421 2210 coactus
1435 2157 1486 2210 est.

614 2350 618 2359 ¹
658 2334 712 2394 Ad
733 2335 851 2413 Caput
872 2333 957 2394 VIII.

223 2485 275 2541 Hic
292 2502 345 2541 non
364 2493 407 2543 sat
426 2491 516 2542 certus
535 2502 601 2552 sum,
621 2503 654 2543 an
674 2502 784 2542 sensum
801 2485 944 2542 uerborum
962 2487 1005 2542 rel
1023 2487 1100 2558 ipse,
1127 2486 1169 2544 vel
1192 2487 1274 2544 etiam
1299 2488 1345 2557 qui
1363 2494 1426 2544 aute
1443 2504 1487 2546 ma

134 2564 308 2633 scripserunt,
326 2567 536 2634 perceperimus.
572 2565 648 2633 Quae
661 2565 743 2633 igitur
761 2565 795 2619 ad
812 2581 926 2636 scopum
944 2567 1103 2636 responderi
1122 2583 1203 2636 posse
1221 2567 1358 2636 existimo,
1385 2566 1487 2622 diserte

135 2657 285 2712 proponam
302 2643 330 2698 in
348 2643 421 2698 hunc
438 2644 555 2699 modum.
570 2647 576 2658 ⁸
592 2645 633 2698 Sit
650 2659 697 2699 raa
716 2643 916 2715 cylindraceum
933 2645 1098 2714 ordinatum,
1127 2646 1207 2715 cujus
1227 2646 1358 2702 diameter
1376 2653 1405 2702 et
1422 2645 1485 2703 alti-

136 2721 202 2776 tudo
220 2727 337 2791 occnpet
353 2729 447 2792 partes
464 2722 576 2777 ducales
594 2723 654 2790 too,
674 2723 814 2792 quaeritur
832 2724 919 2780 inane.
945 2725 1013 2779 Gom
1032 2739 1096 2792 ergo
1113 2732 1206 2794 partes
1224 2725 1273 2780 171
1298 2725 1411 2782 lineales
1429 2741 1489 2780 me.

134 2800 238 2854 tiantur
255 2815 301 2854 vas
320 2801 337 2855 8
355 2816 513 2866 marcarum,
532 2800 629 2856 ducam
646 2802 720 2857 hunc
738 2817 880 2858 numerum
898 2801 940 2856 his
959 2801 986 2856 in
1005 2817 1042 2871 se,
1061 2809 1092 2857 ut
1103 2802 1152 2858 fiat
1164 2803 1258 2870 cubus,
1277 2805 1323 2874 qui
1336 2805 1387 2860 erit
1397 2804 1486 2873 medor

134 2895 216 2948 quam
234 2879 381 2950 82250000,
400 2881 464 2949 quia
482 2898 499 2935 a
516 2881 612 2950 majori
629 2882 733 2937 rodite:
753 2883 850 2938 ducam
869 2883 950 2938 etiam
968 2883 1020 2938 400
1037 2883 1079 2938 bis
1098 2883 1126 2936 in
1139 2897 1177 2950 se,
1190 2890 1324 2951 eruntque
1337 2883 1484 2952 64000000,

134 2957 220 3012 ειιιε
239 2957 343 3013 numeri
362 2959 422 3014 100.
457 2959 496 3014 Ut
512 2974 576 3028 ergo
594 2961 668 3028 prior
686 2960 824 3016 inanitatis
842 2976 970 3014 numerus
998 2960 1032 3015 ad
1049 2961 1066 3015 8
1085 2975 1206 3030 marcas,
1234 2961 1273 3016 sic
1290 2960 1425 3030 posterior
1442 2959 1487 3015 hic

133 3035 168 3090 ad
187 3051 291 3091 marcas
302 3037 461 3106 posterioris
480 3037 650 3107 cylindracei.
687 3039 757 3108 Quia
784 3039 835 3096 etsi
863 3055 912 3109 per
937 3039 1022 3094 cubos
1049 3055 1210 3109 operamur,
1236 3056 1302 3096 rasa
1328 3055 1393 3094 varo
1421 3044 1486 3094 aunt

131 3115 309 3186 cylindracea‚
330 3116 460 3171 cuborum
479 3123 568 3171 tamen
588 3116 874 3186 comprehendentium
891 3118 927 3173 ad
951 3115 1087 3186 'cylindros
1114 3135 1178 3174 suos
1203 3135 1310 3188 semper
1329 3125 1371 3174 est
1390 3118 1485 3174 eadem

130 3194 280 3266 proportio.
316 3193 421 3249 Eadem
440 3194 473 3249 de
498 3195 621 3264 sphaerIs
649 3195 779 3267 dicenda,
808 3196 915 3265 quaudo
943 3195 1042 3252 liueale
1068 3195 1160 3266 prodit
1185 3196 1335 3266 partIculas
1361 3195 1485 3252 diametri

131 3271 340 3328 bombardariae
358 3281 385 3328 et
402 3275 442 3330 sic
460 3274 613 3344 ejaculaodi
631 3275 711 3343 globi.

99 3369 110 3379 ·
221 3352 274 3408 Sed
302 3359 329 3408 et
352 3352 433 3409 latius
460 3355 569 3410 extendi
593 3362 686 3425 potest
712 3355 740 3411 ιι
759 3355 894 3426 cylindris
933 3354 1020 3410 Suuto
1043 3353 1214 3424 cylindracea
1237 3361 1411 3424 quotcunque
1429 3370 1484 3408 nou

135 3431 282 3500 aequantia
301 3431 460 3488 diamemum
478 3432 630 3502 altitudime,
649 3431 699 3487 sed
716 3448 830 3502 qnorum
848 3432 972 3488 diametri
998 3438 1026 3486 et
1049 3432 1206 3488 altitudines
1231 3432 1330 3488 dentur
1347 3431 1485 3500 sigillatIm

132 3526 183 3579 per
200 3511 307 3566 lineale.
343 3512 448 3568 Ducam
467 3511 613 3566 diametros
630 3511 659 3565 in
677 3527 715 3581 se,
734 3510 868 3580 producta
885 3511 913 3566 iu
931 3511 1102 3566 altitudines:
1121 3511 1269 3583 prodibunt
1286 3526 1411 3566 vasorum
1429 3522 1505 3572 nou,

130 3590 192 3659 ipsa
210 3589 319 3681 quidem
335 3589 439 3683 lunula,
464 3589 512 3646 sed
530 3597 621 3645 tamen
638 3589 758 3658 numeri,
786 3589 980 3648 custodIcutes.
995 3589 1109 3646 eandem
1127 3591 1338 3662 proportionem,
1358 3607 1439 3660 qoam
1457 3597 1485 3646 et

129 3745 183 3800 hae
200 3745 287 3803 hucne
300 3748 395 3805 cubice
412 3747 634 3818 muluplicentur.

219 3825 341 3915 Sphacra
353 3827 440 3882 omnis
452 3823 724 3896 comprehendentem
738 3825 837 3880 cubum
850 3823 1055 3893 praesupponit,
1074 3839 1128 3878 nou
1140 3839 1205 3879 uero
1210 3801 1482 3896 parallelepipedon3

131 3902 251 3971 itaque
242 3919 270 3957 ιι
288 3905 411 3974 sphaeris
430 3905 469 3960 ita
485 3904 542 3960 late
559 3903 696 3972 negotium
724 3901 835 3963 extendi
858 3918 912 3956 nou
939 3908 1039 3971 potest
1075 3903 1128 3958 Est
1151 3909 1243 3958 tamen
1269 3903 1323 3959 alia
1351 3905 1484 3973 quaedam

130 3979 218 4048 figura
236 3982 324 4038 solida
342 3984 425 4053 hujus
443 3983 565 4052 generis,
582 3980 672 4037 lettori
690 3979 846 4036 definitione
864 3981 1076 4052 comprehensa,
1105 3997 1175 4052 quae
1197 3983 1224 4037 in
1250 3983 1304 4038 hoc
1329 3981 1483 4060 analogiam
1528 4002 1532 4011 ·

129 4075 191 4114 cum
210 4058 387 4130 cylindraceis
405 4063 510 4155 pariat,
537 4077 633 4131 nempe
661 4059 777 4117 solidum
800 4061 928 4116 conoides
954 4061 1103 4132 elhptIcum
1121 4078 1170 4118 seu
1189 4062 1336 4133 osliorme,
1363 4061 1463 4133 quod'
1455 4075 1484 4116 ιιι

127 4137 223 4194 ultione
242 4145 353 4197 exortus
372 4142 416 4198 aui
434 4143 548 4198 termino
567 4140 686 4197 admittit
704 4141 785 4196 etiam
803 4140 955 4210 sphaeram

670 4301 719 4363 Ad
742 4303 861 4381 Caput
882 4301 941 4364 IX.

214 4455 385 4525 LogistIcam
403 4455 557 4510 octonarius
575 4455 774 4525 progressionis
793 4453 871 4510 video
890 4471 906 4508 a
925 4454 1063 4509 Schonero
1081 4453 1163 4524 plane
1182 4453 1348 4525 absolutam,
1367 4461 1395 4510 et
1412 4454 1483 4512 tuest

127 4531 155 4590 iu
173 4533 390 4590 consideratione
406 4533 509 4591 iuranti
527 4533 609 4602 hujus
626 4533 772 4603 plurimum
791 4533 985 4590 delectationis.
1021 4533 1092 4601 Quid
1111 4535 1183 4589 euim
1200 4551 1254 4590 non
1266 4539 1358 4604 potest
1369 4531 1483 4590 humani

129 4613 375 4749 1118811ιιιιιιιθιεῗιε
392 4689 531 4762 prouisum
549 4707 565 4748 a
584 4691 731 4758 bobonem,
751 4697 783 4746 ut
800 4689 961 4759 scripturam
980 4655 1137 4746 emendaret
1154 4707 1204 4761 per
1215 4696 1330 4762 puncta;
1350 4706 1400 4745 nec
1412 4687 1483 4746 enim

125 4771 255 4828 sufficere
274 4779 402 4842 poteraut
419 4770 519 4841 apices.
556 4770 740 4840 Cogitabam
732 4784 791 4840 rpse
810 4769 980 4824 characteres
999 4767 1067 4822 allos
1085 4767 1266 4841 deligendum
1285 4785 1347 4824 nam
1360 4767 1483 4826 contusio

128 4851 277 4908 metuenda
294 4851 346 4908 fuit
363 4857 512 4923 perpetua,
541 4851 668 4908 euntibus
691 4866 708 4906 a
730 4847 747 4906 7
765 4848 857 4907 statim
874 4847 904 4903 ιι
923 4847 962 4903 10
996 4845 1145 4918 Postquam
1170 4863 1235 4906 vero
1262 4855 1291 4909 et
1317 4847 1483 4907 Schoueruru

179 4957 429 5014 &pronepos-r.
1284 4942 1326 5004 to
