<?xml version="1.0" encoding="UTF-8"?>
<!DOCTYPE html PUBLIC "-//W3C//DTD XHTML 1.0 Transitional//EN"
    "http://www.w3.org/TR/xhtml1/DTD/xhtml1-transitional.dtd">
<html xmlns="http://www.w3.org/1999/xhtml" xml:lang="en" lang="en">
 <head>
  <title>
</title>
<meta http-equiv="Content-Type" content="text/html;charset=utf-8" />
  <meta name='ocr-system' content='tesseract 3.04.00' />
  <meta name='ocr-capabilities' content='ocr_page ocr_carea ocr_par ocr_line ocrx_word'/>
</head>
<body>
  <div class='ocr_page' id='page_1' title='image "./joanniskepleria26frisgoog_0035.png"; bbox 0 0 3480 5548; ppageno 0'>
   <div class='ocr_carea' id='block_1_1' title="bbox 246 387 1226 482">
    <p class='ocr_par' dir='ltr' id='par_1_1' title="bbox 246 387 1226 482">
     <span class='ocr_line' id='line_1_1' title="bbox 246 387 1226 482; baseline -0.007 -26"><span class='ocrx_word' id='word_1_1' title='bbox 246 395 310 482; x_wconf 51' lang='grc' dir='ltr'><strong>ς11</strong></span> <span class='ocrx_word' id='word_1_2' title='bbox 645 389 788 463; x_wconf 85' lang='grc'><strong>1151515155</strong></span> <span class='ocrx_word' id='word_1_3' title='bbox 804 389 915 462; x_wconf 80' lang='grc'><strong>11551551</strong></span> <span class='ocrx_word' id='word_1_4' title='bbox 932 387 1100 463; x_wconf 85' lang='lat' dir='ltr'><strong>aliorumque</strong></span> <span class='ocrx_word' id='word_1_5' title='bbox 1116 395 1226 449; x_wconf 83' lang='grc'><strong>5551555</strong></span> 
     </span>
    </p>
   </div>
   <div class='ocr_carea' id='block_1_2' title="bbox 267 565 1617 1617">
    <p class='ocr_par' dir='ltr' id='par_1_2' title="bbox 268 565 1616 1176">
     <span class='ocr_line' id='line_1_2' title="bbox 268 565 1613 654; baseline 0.001 -22"><span class='ocrx_word' id='word_1_6' title='bbox 268 565 393 632; x_wconf 85' lang='lat' dir='ltr'><strong>eundem</strong></span> <span class='ocrx_word' id='word_1_7' title='bbox 415 567 568 648; x_wconf 71' lang='grc'><strong>5155515555</strong></span> <span class='ocrx_word' id='word_1_8' title='bbox 591 569 634 632; x_wconf 89' lang='grc'><strong>515</strong></span> <span class='ocrx_word' id='word_1_9' title='bbox 658 569 698 634; x_wconf 90' lang='grc'><strong>15</strong></span> <span class='ocrx_word' id='word_1_10' title='bbox 721 586 757 632; x_wconf 77' lang='lat' dir='ltr'><strong>ex</strong></span> <span class='ocrx_word' id='word_1_11' title='bbox 779 569 798 630; x_wconf 81' lang='grc'><strong>1</strong></span> <span class='ocrx_word' id='word_1_12' title='bbox 822 576 852 632; x_wconf 91' lang='grc'><strong>51</strong></span> <span class='ocrx_word' id='word_1_13' title='bbox 875 569 905 652; x_wconf 98' lang='grc'><strong>5,</strong></span> <span class='ocrx_word' id='word_1_14' title='bbox 928 570 1030 634; x_wconf 75' lang='lat' dir='ltr'><strong>foex</strong></span> <span class='ocrx_word' id='word_1_15' title='bbox 1052 573 1072 630; x_wconf 80' lang='lat' dir='ltr'><strong>t</strong></span> <span class='ocrx_word' id='word_1_16' title='bbox 1094 576 1124 634; x_wconf 90' lang='lat' dir='ltr'><strong>ot</strong></span> <span class='ocrx_word' id='word_1_17' title='bbox 1147 571 1177 653; x_wconf 82' lang='lat'><strong>5,</strong></span> <span class='ocrx_word' id='word_1_18' title='bbox 1200 573 1301 633; x_wconf 77' lang='grc'><strong>1155</strong></span> <span class='ocrx_word' id='word_1_19' title='bbox 1323 571 1341 632; x_wconf 81' lang='grc'>3</span> <span class='ocrx_word' id='word_1_20' title='bbox 1365 577 1395 634; x_wconf 89' lang='grc'><strong>51</strong></span> <span class='ocrx_word' id='word_1_21' title='bbox 1417 571 1512 654; x_wconf 84' lang='lat' dir='ltr'><strong>8,th</strong></span> <span class='ocrx_word' id='word_1_22' title='bbox 1535 571 1613 634; x_wconf 77' lang='lat' dir='ltr'><strong>ext</strong></span> 
     </span>
     <span class='ocr_line' id='line_1_3' title="bbox 269 657 1612 741; baseline 0.004 -22"><span class='ocrx_word' id='word_1_23' title='bbox 269 659 359 738; x_wconf 87' lang='grc'><strong>515,</strong></span> <span class='ocrx_word' id='word_1_24' title='bbox 400 659 442 719; x_wconf 80' lang='lat'><strong>40</strong></span> <span class='ocrx_word' id='word_1_25' title='bbox 464 659 598 720; x_wconf 81' lang='grc'><strong>551151</strong></span> <span class='ocrx_word' id='word_1_26' title='bbox 621 659 654 735; x_wconf 90' lang='grc'><strong>8,</strong></span> <span class='ocrx_word' id='word_1_27' title='bbox 691 657 966 740; x_wconf 81' lang='grc'><strong>5055555111,</strong></span> <span class='ocrx_word' id='word_1_28' title='bbox 1010 659 1286 741; x_wconf 76' lang='grc'><strong>1105565115,</strong></span> <span class='ocrx_word' id='word_1_29' title='bbox 1325 659 1612 725; x_wconf 76' lang='grc'><strong>1105585115.</strong></span> 
     </span>
     <span class='ocr_line' id='line_1_4' title="bbox 268 745 1615 828; baseline 0.001 -21"><span class='ocrx_word' id='word_1_30' title='bbox 268 746 404 823; x_wconf 88' lang='lat' dir='ltr'><strong>Denique</strong></span> <span class='ocrx_word' id='word_1_31' title='bbox 424 748 455 806; x_wconf 89' lang='lat' dir='ltr'><strong>in</strong></span> <span class='ocrx_word' id='word_1_32' title='bbox 477 745 621 808; x_wconf 86' lang='lat' dir='ltr'><strong>infinitum</strong></span> <span class='ocrx_word' id='word_1_33' title='bbox 644 745 832 808; x_wconf 86' lang='lat' dir='ltr'><strong>demonstrari</strong></span> <span class='ocrx_word' id='word_1_34' title='bbox 854 752 978 827; x_wconf 76' lang='lat' dir='ltr'><strong>possunt</strong></span> <span class='ocrx_word' id='word_1_35' title='bbox 993 748 1091 809; x_wconf 89' lang='lat' dir='ltr'><strong>omnia</strong></span> <span class='ocrx_word' id='word_1_36' title='bbox 1106 747 1261 828; x_wconf 78' lang='lat' dir='ltr'><strong>regularia,</strong></span> <span class='ocrx_word' id='word_1_37' title='bbox 1283 761 1359 826; x_wconf 90' lang='lat' dir='ltr'><strong>quae</strong></span> <span class='ocrx_word' id='word_1_38' title='bbox 1372 747 1482 808; x_wconf 87' lang='lat' dir='ltr'><strong>habent</strong></span> <span class='ocrx_word' id='word_1_39' title='bbox 1496 747 1615 826; x_wconf 91' lang='lat' dir='ltr'><strong>duplam</strong></span> 
     </span>
     <span class='ocr_line' id='line_1_5' title="bbox 270 832 1615 916; baseline 0.001 -22"><span class='ocrx_word' id='word_1_40' title='bbox 270 832 536 916; x_wconf 58' lang='lat' dir='ltr'><strong>denominationem</strong></span> <span class='ocrx_word' id='word_1_41' title='bbox 572 835 610 896; x_wconf 90' lang='grc'><strong>51</strong></span> <span class='ocrx_word' id='word_1_42' title='bbox 645 837 756 914; x_wconf 86' lang='grc'><strong>551555,</strong></span> <span class='ocrx_word' id='word_1_43' title='bbox 786 834 943 912; x_wconf 82' lang='lat' dir='ltr'><strong>‘quomodo</strong></span> <span class='ocrx_word' id='word_1_44' title='bbox 980 838 1068 898; x_wconf 86' lang='lat' dir='ltr'><strong>etiam</strong></span> <span class='ocrx_word' id='word_1_45' title='bbox 1106 835 1294 913; x_wconf 87' lang='lat' dir='ltr'><strong>octangulum</strong></span> <span class='ocrx_word' id='word_1_46' title='bbox 1330 835 1544 896; x_wconf 86' lang='lat' dir='ltr'><strong>demonstratur</strong></span> <span class='ocrx_word' id='word_1_47' title='bbox 1580 853 1615 896; x_wconf 85' lang='lat' dir='ltr'><strong>ex</strong></span> 
     </span>
     <span class='ocr_line' id='line_1_6' title="bbox 269 921 1616 1003; baseline 0 -20"><span class='ocrx_word' id='word_1_48' title='bbox 269 921 487 1000; x_wconf 79' lang='lat' dir='ltr'><strong>quadrangulo,</strong></span> <span class='ocrx_word' id='word_1_49' title='bbox 508 925 616 1000; x_wconf 90' lang='lat' dir='ltr'><strong>&#39;itaque</strong></span> <span class='ocrx_word' id='word_1_50' title='bbox 645 923 814 1003; x_wconf 80' lang='lat' dir='ltr'><strong>etiamid,</strong></span> <span class='ocrx_word' id='word_1_51' title='bbox 845 925 885 984; x_wconf 78' lang='grc'><strong>31</strong></span> <span class='ocrx_word' id='word_1_52' title='bbox 909 929 963 984; x_wconf 88' lang='lat' dir='ltr'><strong>etc.</strong></span> <span class='ocrx_word' id='word_1_53' title='bbox 986 924 1152 1002; x_wconf 69' lang='grc'><strong>-55551555,</strong></span> <span class='ocrx_word' id='word_1_54' title='bbox 1197 923 1324 1002; x_wconf 80' lang='lat' dir='ltr'><strong>Jamque</strong></span> <span class='ocrx_word' id='word_1_55' title='bbox 1353 941 1466 984; x_wconf 88' lang='lat' dir='ltr'><strong>rursum</strong></span> <span class='ocrx_word' id='word_1_56' title='bbox 1493 931 1616 1003; x_wconf 85' lang='lat' dir='ltr'><strong>possunt</strong></span> 
     </span>
     <span class='ocr_line' id='line_1_7' title="bbox 269 1009 1616 1093; baseline 0.001 -21"><span class='ocrx_word' id='word_1_57' title='bbox 269 1013 432 1089; x_wconf 88' lang='lat' dir='ltr'><strong>comparari</strong></span> <span class='ocrx_word' id='word_1_58' title='bbox 463 1009 537 1072; x_wconf 88' lang='lat' dir='ltr'><strong>hacc</strong></span> <span class='ocrx_word' id='word_1_59' title='bbox 558 1009 647 1090; x_wconf 91' lang='lat' dir='ltr'><strong>dupla</strong></span> <span class='ocrx_word' id='word_1_60' title='bbox 668 1026 734 1072; x_wconf 89' lang='lat' dir='ltr'><strong>eum</strong></span> <span class='ocrx_word' id='word_1_61' title='bbox 755 1011 807 1090; x_wconf 91' lang='lat' dir='ltr'><strong>iis,</strong></span> <span class='ocrx_word' id='word_1_62' title='bbox 838 1013 1013 1089; x_wconf 79' lang='lat' dir='ltr'><strong>quibuscum</strong></span> <span class='ocrx_word' id='word_1_63' title='bbox 1035 1014 1120 1091; x_wconf 87' lang='lat' dir='ltr'><strong>primi</strong></span> <span class='ocrx_word' id='word_1_64' title='bbox 1141 1017 1223 1093; x_wconf 87' lang='lat' dir='ltr'><strong>sunt,</strong></span> <span class='ocrx_word' id='word_1_65' title='bbox 1252 1019 1286 1073; x_wconf 87' lang='lat' dir='ltr'><strong>ut</strong></span> <span class='ocrx_word' id='word_1_66' title='bbox 1310 1011 1348 1074; x_wconf 90' lang='grc'><strong>15</strong></span> <span class='ocrx_word' id='word_1_67' title='bbox 1372 1029 1437 1074; x_wconf 90' lang='lat' dir='ltr'><strong>cum</strong></span> <span class='ocrx_word' id='word_1_68' title='bbox 1463 1011 1519 1092; x_wconf 88' lang='grc'><strong>15,</strong></span> <span class='ocrx_word' id='word_1_69' title='bbox 1549 1011 1616 1073; x_wconf 81' lang='grc'><strong>15155</strong></span> 
     </span>
     <span class='ocr_line' id='line_1_8' title="bbox 269 1097 898 1176; baseline -0.008 -16"><span class='ocrx_word' id='word_1_70' title='bbox 269 1101 347 1160; x_wconf 86' lang='lat' dir='ltr'><strong>enim</strong></span> <span class='ocrx_word' id='word_1_71' title='bbox 370 1097 582 1159; x_wconf 86' lang='lat' dir='ltr'><strong>demonstratur</strong></span> <span class='ocrx_word' id='word_1_72' title='bbox 604 1097 836 1176; x_wconf 68' lang='lat' dir='ltr'><strong>ild-angulum.</strong></span> <span class='ocrx_word' id='word_1_73' title='bbox 895 1131 898 1145; x_wconf 86' lang='lat'><em>·</em></span> 
     </span>
    </p>

    <p class='ocr_par' dir='ltr' id='par_1_3' title="bbox 267 1183 1617 1617">
     <span class='ocr_line' id='line_1_9' title="bbox 377 1183 1615 1268; baseline -0.001 -21"><span class='ocrx_word' id='word_1_74' title='bbox 377 1184 461 1247; x_wconf 77' lang='lat' dir='ltr'><strong>Haec</strong></span> <span class='ocrx_word' id='word_1_75' title='bbox 482 1189 570 1264; x_wconf 77' lang='lat' dir='ltr'><strong>igitur</strong></span> <span class='ocrx_word' id='word_1_76' title='bbox 591 1186 813 1265; x_wconf 77' lang='lat' dir='ltr'><strong>generalissima</strong></span> <span class='ocrx_word' id='word_1_77' title='bbox 828 1183 987 1268; x_wconf 74' lang='lat' dir='ltr'><strong>este&#39;adqu</strong></span> <span class='ocrx_word' id='word_1_78' title='bbox 1002 1191 1200 1267; x_wconf 74' lang='grc'><strong>5551555555,</strong></span> <span class='ocrx_word' id='word_1_79' title='bbox 1221 1185 1318 1248; x_wconf 84' lang='lat' dir='ltr'><strong>adhue</strong></span> <span class='ocrx_word' id='word_1_80' title='bbox 1340 1187 1467 1249; x_wconf 77' lang='lat' dir='ltr'><strong>existam</strong></span> <span class='ocrx_word' id='word_1_81' title='bbox 1489 1185 1615 1262; x_wconf 78' lang='lat' dir='ltr'><strong>lnfinlta3</strong></span> 
     </span>
     <span class='ocr_line' id='line_1_10' title="bbox 269 1273 1615 1354; baseline -0.002 -17"><span class='ocrx_word' id='word_1_82' title='bbox 269 1279 371 1352; x_wconf 86' lang='lat' dir='ltr'><strong>estque</strong></span> <span class='ocrx_word' id='word_1_83' title='bbox 393 1273 600 1336; x_wconf 75' lang='lat' dir='ltr'><strong>demonstratio</strong></span> <span class='ocrx_word' id='word_1_84' title='bbox 630 1281 712 1336; x_wconf 87' lang='lat' dir='ltr'><strong>tanto</strong></span> <span class='ocrx_word' id='word_1_85' title='bbox 735 1274 942 1354; x_wconf 82' lang='lat' dir='ltr'><strong>imperfectior,</strong></span> <span class='ocrx_word' id='word_1_86' title='bbox 972 1279 1086 1352; x_wconf 84' lang='lat' dir='ltr'><strong>quanto</strong></span> <span class='ocrx_word' id='word_1_87' title='bbox 1115 1274 1231 1352; x_wconf 78' lang='lat' dir='ltr'><strong>longius</strong></span> <span class='ocrx_word' id='word_1_88' title='bbox 1259 1275 1296 1337; x_wconf 90' lang='lat' dir='ltr'><strong>ab</strong></span> <span class='ocrx_word' id='word_1_89' title='bbox 1324 1277 1436 1336; x_wconf 86' lang='lat' dir='ltr'><strong>unitate</strong></span> <span class='ocrx_word' id='word_1_90' title='bbox 1463 1273 1615 1336; x_wconf 85' lang='lat' dir='ltr'><strong>receditur.</strong></span> 
     </span>
     <span class='ocr_line' id='line_1_11' title="bbox 267 1360 1616 1444; baseline 0.001 -22"><span class='ocrx_word' id='word_1_91' title='bbox 267 1360 373 1440; x_wconf 84' lang='lat' dir='ltr'><strong>Itaque</strong></span> <span class='ocrx_word' id='word_1_92' title='bbox 394 1361 453 1423; x_wconf 92' lang='lat' dir='ltr'><strong>alia</strong></span> <span class='ocrx_word' id='word_1_93' title='bbox 474 1361 527 1423; x_wconf 88' lang='lat' dir='ltr'><strong>fiat</strong></span> <span class='ocrx_word' id='word_1_94' title='bbox 548 1360 650 1444; x_wconf 75' lang='lat' dir='ltr'><strong>a&#39;aiqu·</strong></span> <span class='ocrx_word' id='word_1_95' title='bbox 671 1379 787 1443; x_wconf 89' lang='lat' dir='ltr'><strong>earum,</strong></span> <span class='ocrx_word' id='word_1_96' title='bbox 817 1379 894 1439; x_wconf 89' lang='lat' dir='ltr'><strong>quae</strong></span> <span class='ocrx_word' id='word_1_97' title='bbox 916 1380 968 1441; x_wconf 89' lang='grc'><strong>555</strong></span> <span class='ocrx_word' id='word_1_98' title='bbox 990 1379 1022 1423; x_wconf 90' lang='grc'><strong>55</strong></span> <span class='ocrx_word' id='word_1_99' title='bbox 1045 1361 1293 1444; x_wconf 81' lang='lat' dir='ltr'><strong>demonstrentur,</strong></span> <span class='ocrx_word' id='word_1_100' title='bbox 1321 1380 1381 1424; x_wconf 88' lang='lat' dir='ltr'><strong>uon</strong></span> <span class='ocrx_word' id='word_1_101' title='bbox 1403 1361 1442 1425; x_wconf 90' lang='lat' dir='ltr'><strong>ad</strong></span> <span class='ocrx_word' id='word_1_102' title='bbox 1463 1377 1616 1442; x_wconf 85' lang='lat' dir='ltr'><strong>compara-</strong></span> 
     </span>
     <span class='ocr_line' id='line_1_12' title="bbox 269 1448 1617 1532; baseline 0.001 -22"><span class='ocrx_word' id='word_1_103' title='bbox 269 1453 377 1511; x_wconf 90' lang='lat' dir='ltr'><strong>tionem</strong></span> <span class='ocrx_word' id='word_1_104' title='bbox 407 1448 529 1510; x_wconf 88' lang='lat' dir='ltr'><strong>duarum</strong></span> <span class='ocrx_word' id='word_1_105' title='bbox 558 1450 742 1529; x_wconf 92' lang='lat' dir='ltr'><strong>simplicium.</strong></span> <span class='ocrx_word' id='word_1_106' title='bbox 787 1448 1048 1528; x_wconf 86' lang='lat' dir='ltr'><strong>Retinebimusque</strong></span> <span class='ocrx_word' id='word_1_107' title='bbox 1076 1451 1106 1530; x_wconf 84' lang='grc'><strong>3,</strong></span> <span class='ocrx_word' id='word_1_108' title='bbox 1137 1453 1168 1531; x_wconf 83' lang='grc'><strong>1,</strong></span> <span class='ocrx_word' id='word_1_109' title='bbox 1198 1449 1228 1530; x_wconf 87' lang='grc'><strong>5,</strong></span> <span class='ocrx_word' id='word_1_110' title='bbox 1258 1451 1286 1526; x_wconf 87' lang='grc'><strong>5,</strong></span> <span class='ocrx_word' id='word_1_111' title='bbox 1323 1451 1352 1532; x_wconf 87' lang='lat'><strong>8,</strong></span> <span class='ocrx_word' id='word_1_112' title='bbox 1383 1448 1427 1514; x_wconf 88' lang='lat'><strong>10</strong></span> <span class='ocrx_word' id='word_1_113' title='bbox 1455 1456 1485 1511; x_wconf 89' lang='grc'><strong>51</strong></span> <span class='ocrx_word' id='word_1_114' title='bbox 1516 1467 1617 1512; x_wconf 86' lang='lat' dir='ltr'><strong>omnes</strong></span> 
     </span>
     <span class='ocr_line' id='line_1_13' title="bbox 268 1535 1616 1617; baseline -0.001 -18"><span class='ocrx_word' id='word_1_115' title='bbox 268 1555 367 1599; x_wconf 88' lang='lat' dir='ltr'><strong>earum</strong></span> <span class='ocrx_word' id='word_1_116' title='bbox 391 1537 724 1615; x_wconf 82' lang='grc'><strong>155155151511511555.</strong></span> <span class='ocrx_word' id='word_1_117' title='bbox 764 1535 892 1598; x_wconf 89' lang='lat' dir='ltr'><strong>Rursum</strong></span> <span class='ocrx_word' id='word_1_118' title='bbox 915 1538 1047 1600; x_wconf 88' lang='grc'><strong>51151151</strong></span> <span class='ocrx_word' id='word_1_119' title='bbox 1069 1535 1169 1617; x_wconf 79' lang='lat' dir='ltr'><strong>c&#39;aiqu</strong></span> <span class='ocrx_word' id='word_1_120' title='bbox 1193 1553 1300 1612; x_wconf 87' lang='lat' dir='ltr'><strong>earum,</strong></span> <span class='ocrx_word' id='word_1_121' title='bbox 1324 1555 1400 1615; x_wconf 90' lang='lat' dir='ltr'><strong>quae</strong></span> <span class='ocrx_word' id='word_1_122' title='bbox 1421 1555 1481 1600; x_wconf 88' lang='lat' dir='ltr'><strong>non</strong></span> <span class='ocrx_word' id='word_1_123' title='bbox 1503 1545 1616 1598; x_wconf 89' lang='lat' dir='ltr'><strong>tantum</strong></span> 
     </span>
    </p>
   </div>
   <div class='ocr_carea' id='block_1_3' title="bbox 170 1623 1618 1706">
    <p class='ocr_par' dir='ltr' id='par_1_4' title="bbox 170 1623 1618 1706">
     <span class='ocr_line' id='line_1_14' title="bbox 170 1623 1618 1706; baseline 0.001 -22"><span class='ocrx_word' id='word_1_124' title='bbox 170 1637 175 1642; x_wconf 86' lang='lat'>·</span> <span class='ocrx_word' id='word_1_125' title='bbox 267 1643 326 1687; x_wconf 88' lang='lat' dir='ltr'><strong>non</strong></span> <span class='ocrx_word' id='word_1_126' title='bbox 349 1624 480 1702; x_wconf 80' lang='grc'><strong>15115551</strong></span> <span class='ocrx_word' id='word_1_127' title='bbox 500 1624 627 1688; x_wconf 88' lang='lat' dir='ltr'><strong>duarum</strong></span> <span class='ocrx_word' id='word_1_128' title='bbox 648 1625 771 1686; x_wconf 89' lang='lat' dir='ltr'><strong>aliarum</strong></span> <span class='ocrx_word' id='word_1_129' title='bbox 794 1625 950 1704; x_wconf 85' lang='lat' dir='ltr'><strong>figurarum</strong></span> <span class='ocrx_word' id='word_1_130' title='bbox 974 1627 1190 1704; x_wconf 87' lang='lat' dir='ltr'><strong>comparatione</strong></span> <span class='ocrx_word' id='word_1_131' title='bbox 1213 1623 1251 1686; x_wconf 91' lang='lat' dir='ltr'><strong>ad</strong></span> <span class='ocrx_word' id='word_1_132' title='bbox 1271 1628 1323 1688; x_wconf 84' lang='grc'><strong>551</strong></span> <span class='ocrx_word' id='word_1_133' title='bbox 1332 1626 1618 1706; x_wconf 87' lang='lat' dir='ltr'><strong>demonstrationem,</strong></span> 
     </span>
    </p>
   </div>
   <div class='ocr_carea' id='block_1_4' title="bbox 190 1711 1634 3728">
    <p class='ocr_par' dir='ltr' id='par_1_5' title="bbox 190 1711 1634 3197">
     <span class='ocr_line' id='line_1_15' title="bbox 267 1711 1618 1792; baseline 0.001 -17"><span class='ocrx_word' id='word_1_134' title='bbox 267 1713 379 1775; x_wconf 85' lang='grc'><strong>55155</strong></span> <span class='ocrx_word' id='word_1_135' title='bbox 401 1731 462 1774; x_wconf 91' lang='lat' dir='ltr'><strong>una</strong></span> <span class='ocrx_word' id='word_1_136' title='bbox 484 1712 611 1791; x_wconf 89' lang='lat' dir='ltr'><strong>quidem.</strong></span> <span class='ocrx_word' id='word_1_137' title='bbox 655 1713 713 1774; x_wconf 93' lang='lat' dir='ltr'><strong>Hic</strong></span> <span class='ocrx_word' id='word_1_138' title='bbox 734 1713 858 1792; x_wconf 89' lang='lat' dir='ltr'><strong>primum</strong></span> <span class='ocrx_word' id='word_1_139' title='bbox 882 1713 918 1775; x_wconf 88' lang='lat' dir='ltr'><strong>ad</strong></span> <span class='ocrx_word' id='word_1_140' title='bbox 942 1711 1082 1774; x_wconf 85' lang='lat' dir='ltr'><strong>finitatem</strong></span> <span class='ocrx_word' id='word_1_141' title='bbox 1104 1716 1284 1792; x_wconf 87' lang='lat' dir='ltr'><strong>pervenitur,</strong></span> <span class='ocrx_word' id='word_1_142' title='bbox 1315 1713 1367 1776; x_wconf 90' lang='lat' dir='ltr'><strong>sed</strong></span> <span class='ocrx_word' id='word_1_143' title='bbox 1393 1721 1503 1775; x_wconf 82' lang='lat' dir='ltr'><strong>restent</strong></span> <span class='ocrx_word' id='word_1_144' title='bbox 1532 1713 1618 1776; x_wconf 84' lang='lat' dir='ltr'><strong>valde</strong></span> 
     </span>
     <span class='ocr_line' id='line_1_16' title="bbox 268 1800 1619 1883; baseline 0 -20"><span class='ocrx_word' id='word_1_145' title='bbox 268 1819 389 1882; x_wconf 89' lang='lat' dir='ltr'><strong>paucae.</strong></span> <span class='ocrx_word' id='word_1_146' title='bbox 419 1801 495 1862; x_wconf 86' lang='lat' dir='ltr'><strong>Nam</strong></span> <span class='ocrx_word' id='word_1_147' title='bbox 518 1801 627 1863; x_wconf 90' lang='lat' dir='ltr'><strong>cadunt</strong></span> <span class='ocrx_word' id='word_1_148' title='bbox 648 1817 749 1863; x_wconf 90' lang='lat' dir='ltr'><strong>omues</strong></span> <span class='ocrx_word' id='word_1_149' title='bbox 772 1800 879 1880; x_wconf 89' lang='lat' dir='ltr'><strong>duplae</strong></span> <span class='ocrx_word' id='word_1_150' title='bbox 901 1803 960 1863; x_wconf 82' lang='grc'><strong>551</strong></span> <span class='ocrx_word' id='word_1_151' title='bbox 982 1819 1048 1862; x_wconf 89' lang='lat' dir='ltr'><strong>cum</strong></span> <span class='ocrx_word' id='word_1_152' title='bbox 1071 1800 1239 1883; x_wconf 81' lang='lat' dir='ltr'><strong>octangulo,</strong></span> <span class='ocrx_word' id='word_1_153' title='bbox 1261 1800 1341 1879; x_wconf 90' lang='lat' dir='ltr'><strong>quod</strong></span> <span class='ocrx_word' id='word_1_154' title='bbox 1362 1801 1449 1864; x_wconf 93' lang='lat' dir='ltr'><strong>modo</strong></span> <span class='ocrx_word' id='word_1_155' title='bbox 1466 1801 1619 1882; x_wconf 87' lang='lat' dir='ltr'><strong>duplarum</strong></span> 
     </span>
     <span class='ocr_line' id='line_1_17' title="bbox 268 1888 1619 1972; baseline 0 -22"><span class='ocrx_word' id='word_1_156' title='bbox 268 1889 495 1950; x_wconf 89' lang='lat' dir='ltr'><strong>demonstratur.</strong></span> <span class='ocrx_word' id='word_1_157' title='bbox 540 1888 800 1967; x_wconf 82' lang='lat' dir='ltr'><strong>Quinquangulum</strong></span> <span class='ocrx_word' id='word_1_158' title='bbox 821 1907 892 1950; x_wconf 88' lang='lat' dir='ltr'><strong>vero</strong></span> <span class='ocrx_word' id='word_1_159' title='bbox 915 1898 944 1951; x_wconf 91' lang='lat' dir='ltr'><strong>et</strong></span> <span class='ocrx_word' id='word_1_160' title='bbox 967 1889 1162 1967; x_wconf 69' lang='grc'><strong>1555555155</strong></span> <span class='ocrx_word' id='word_1_161' title='bbox 1182 1889 1278 1950; x_wconf 88' lang='grc'><strong>511555</strong></span> <span class='ocrx_word' id='word_1_162' title='bbox 1299 1897 1434 1972; x_wconf 86' lang='lat' dir='ltr'><strong>manent,</strong></span> <span class='ocrx_word' id='word_1_163' title='bbox 1455 1893 1527 1969; x_wconf 88' lang='lat' dir='ltr'><strong>quia</strong></span> <span class='ocrx_word' id='word_1_164' title='bbox 1550 1891 1619 1950; x_wconf 90' lang='lat' dir='ltr'><strong>dec·</strong></span> 
     </span>
     <span class='ocr_line' id='line_1_18' title="bbox 270 1965 1619 2058; baseline -0.003 -18"><span class='ocrx_word' id='word_1_165' title='bbox 270 1971 410 2054; x_wconf 79' lang='lat' dir='ltr'><strong>angulum</strong></span> <span class='ocrx_word' id='word_1_166' title='bbox 433 1977 489 2037; x_wconf 92' lang='lat' dir='ltr'><strong>etsi</strong></span> <span class='ocrx_word' id='word_1_167' title='bbox 510 1993 569 2038; x_wconf 88' lang='lat' dir='ltr'><strong>non</strong></span> <span class='ocrx_word' id='word_1_168' title='bbox 592 1977 773 2056; x_wconf 76' lang='lat' dir='ltr'><strong>quadratura</strong></span> <span class='ocrx_word' id='word_1_169' title='bbox 794 1973 1022 2058; x_wconf 79' lang='lat' dir='ltr'><strong>demonstratur,</strong></span> <span class='ocrx_word' id='word_1_170' title='bbox 1051 1965 1326 2058; x_wconf 58' lang='lat' dir='ltr'><strong>alfdemonstratur</strong></span> <span class='ocrx_word' id='word_1_171' title='bbox 1344 1981 1473 2040; x_wconf 89' lang='lat' dir='ltr'><strong>sectione</strong></span> <span class='ocrx_word' id='word_1_172' title='bbox 1495 1996 1619 2058; x_wconf 90' lang='lat' dir='ltr'><strong>propor-</strong></span> 
     </span>
     <span class='ocr_line' id='line_1_19' title="bbox 269 2065 1634 2146; baseline -0.001 -19"><span class='ocrx_word' id='word_1_173' title='bbox 269 2065 381 2127; x_wconf 87' lang='lat' dir='ltr'><strong>tionali.</strong></span> <span class='ocrx_word' id='word_1_174' title='bbox 428 2065 504 2126; x_wconf 86' lang='lat' dir='ltr'><strong>Nam</strong></span> <span class='ocrx_word' id='word_1_175' title='bbox 525 2067 552 2126; x_wconf 91' lang='lat' dir='ltr'><strong>si</strong></span> <span class='ocrx_word' id='word_1_176' title='bbox 581 2065 795 2128; x_wconf 85' lang='lat' dir='ltr'><strong>semidiameter</strong></span> <span class='ocrx_word' id='word_1_177' title='bbox 823 2075 937 2127; x_wconf 90' lang='lat' dir='ltr'><strong>secetur</strong></span> <span class='ocrx_word' id='word_1_178' title='bbox 968 2065 1237 2146; x_wconf 84' lang='lat' dir='ltr'><strong>proportionaliter,</strong></span> <span class='ocrx_word' id='word_1_179' title='bbox 1266 2083 1334 2144; x_wconf 91' lang='lat' dir='ltr'><strong>pars</strong></span> <span class='ocrx_word' id='word_1_180' title='bbox 1360 2067 1454 2146; x_wconf 88' lang='lat' dir='ltr'><strong>major</strong></span> <span class='ocrx_word' id='word_1_181' title='bbox 1476 2073 1520 2127; x_wconf 92' lang='lat' dir='ltr'><strong>est</strong></span> <span class='ocrx_word' id='word_1_182' title='bbox 1542 2066 1634 2127; x_wconf 77' lang='grc'><strong>15155</strong></span> 
     </span>
     <span class='ocr_line' id='line_1_20' title="bbox 269 2151 1619 2233; baseline 0.001 -19"><span class='ocrx_word' id='word_1_183' title='bbox 269 2151 432 2232; x_wconf 71' lang='grc'><strong>1555155511.</strong></span> <span class='ocrx_word' id='word_1_184' title='bbox 479 2153 523 2214; x_wconf 80' lang='lat' dir='ltr'><strong>Aa</strong></span> <span class='ocrx_word' id='word_1_185' title='bbox 546 2156 601 2215; x_wconf 90' lang='grc'><strong>5151</strong></span> <span class='ocrx_word' id='word_1_186' title='bbox 624 2153 877 2233; x_wconf 71' lang='grc'><strong>55155555551555</strong></span> <span class='ocrx_word' id='word_1_187' title='bbox 906 2155 1115 2233; x_wconf 87' lang='lat' dir='ltr'><strong>praesupponit</strong></span> <span class='ocrx_word' id='word_1_188' title='bbox 1138 2152 1345 2230; x_wconf 81' lang='lat' dir='ltr'><strong>dacangulum,</strong></span> <span class='ocrx_word' id='word_1_189' title='bbox 1376 2155 1447 2215; x_wconf 91' lang='lat' dir='ltr'><strong>faclt</strong></span> <span class='ocrx_word' id='word_1_190' title='bbox 1468 2152 1500 2213; x_wconf 92' lang='grc'><strong>11</strong></span> <span class='ocrx_word' id='word_1_191' title='bbox 1522 2161 1619 2215; x_wconf 91' lang='lat' dir='ltr'><strong>tamen</strong></span> 
     </span>
     <span class='ocr_line' id='line_1_21' title="bbox 267 2240 1619 2320; baseline 0.001 -18"><span class='ocrx_word' id='word_1_192' title='bbox 267 2241 358 2320; x_wconf 84' lang='lat' dir='ltr'><strong>longo</strong></span> <span class='ocrx_word' id='word_1_193' title='bbox 381 2241 440 2302; x_wconf 90' lang='lat' dir='ltr'><strong>alio</strong></span> <span class='ocrx_word' id='word_1_194' title='bbox 462 2240 562 2320; x_wconf 92' lang='lat' dir='ltr'><strong>modo,</strong></span> <span class='ocrx_word' id='word_1_195' title='bbox 586 2261 674 2320; x_wconf 91' lang='lat' dir='ltr'><strong>quam</strong></span> <span class='ocrx_word' id='word_1_196' title='bbox 697 2245 727 2303; x_wconf 91' lang='lat' dir='ltr'><strong>in</strong></span> <span class='ocrx_word' id='word_1_197' title='bbox 750 2241 837 2302; x_wconf 90' lang='lat' dir='ltr'><strong>modo</strong></span> <span class='ocrx_word' id='word_1_198' title='bbox 860 2241 985 2318; x_wconf 87' lang='lat' dir='ltr'><strong>rejectis,</strong></span> <span class='ocrx_word' id='word_1_199' title='bbox 1008 2249 1038 2302; x_wconf 90' lang='lat' dir='ltr'><strong>et</strong></span> <span class='ocrx_word' id='word_1_200' title='bbox 1060 2240 1268 2302; x_wconf 87' lang='lat' dir='ltr'><strong>demonstratio</strong></span> <span class='ocrx_word' id='word_1_201' title='bbox 1291 2249 1341 2312; x_wconf 83' lang='lat' dir='ltr'><strong>est</strong></span> <span class='ocrx_word' id='word_1_202' title='bbox 1351 2242 1512 2320; x_wconf 90' lang='lat' dir='ltr'><strong>perfectior.</strong></span> <span class='ocrx_word' id='word_1_203' title='bbox 1545 2243 1619 2304; x_wconf 85' lang='lat' dir='ltr'><strong>llam</strong></span> 
     </span>
     <span class='ocr_line' id='line_1_22' title="bbox 270 2328 1617 2411; baseline -0.004 -18"><span class='ocrx_word' id='word_1_204' title='bbox 270 2338 438 2411; x_wconf 81' lang='lat' dir='ltr'><strong>geometra,</strong></span> <span class='ocrx_word' id='word_1_205' title='bbox 461 2330 560 2392; x_wconf 88' lang='lat' dir='ltr'><strong>diceus</strong></span> <span class='ocrx_word' id='word_1_206' title='bbox 582 2330 660 2391; x_wconf 92' lang='lat' dir='ltr'><strong>latus</strong></span> <span class='ocrx_word' id='word_1_207' title='bbox 683 2329 897 2409; x_wconf 83' lang='lat' dir='ltr'><strong>quinquangnli</strong></span> <span class='ocrx_word' id='word_1_208' title='bbox 920 2329 1106 2408; x_wconf 90' lang='grc'><strong>5555515155</strong></span> <span class='ocrx_word' id='word_1_209' title='bbox 1129 2329 1282 2407; x_wconf 77' lang='lat' dir='ltr'><strong>sexanguli</strong></span> <span class='ocrx_word' id='word_1_210' title='bbox 1304 2335 1333 2390; x_wconf 92' lang='lat' dir='ltr'><strong>et</strong></span> <span class='ocrx_word' id='word_1_211' title='bbox 1355 2328 1432 2391; x_wconf 89' lang='lat' dir='ltr'><strong>latus</strong></span> <span class='ocrx_word' id='word_1_212' title='bbox 1456 2330 1617 2408; x_wconf 73' lang='lat' dir='ltr'><strong>decangnll,</strong></span> 
     </span>
     <span class='ocr_line' id='line_1_23' title="bbox 190 2416 1618 2499; baseline 0.001 -20"><span class='ocrx_word' id='word_1_213' title='bbox 190 2433 191 2438; x_wconf 72' lang='grc'>’</span> <span class='ocrx_word' id='word_1_214' title='bbox 267 2418 398 2497; x_wconf 91' lang='lat' dir='ltr'><strong>loquitur</strong></span> <span class='ocrx_word' id='word_1_215' title='bbox 419 2421 462 2480; x_wconf 91' lang='grc'><strong>515</strong></span> <span class='ocrx_word' id='word_1_216' title='bbox 484 2435 537 2496; x_wconf 90' lang='grc'><strong>555</strong></span> <span class='ocrx_word' id='word_1_217' title='bbox 558 2419 703 2481; x_wconf 89' lang='lat' dir='ltr'><strong>accidens.</strong></span> <span class='ocrx_word' id='word_1_218' title='bbox 741 2419 807 2479; x_wconf 87' lang='lat' dir='ltr'><strong>Non</strong></span> <span class='ocrx_word' id='word_1_219' title='bbox 831 2417 1050 2478; x_wconf 88' lang='lat' dir='ltr'><strong>considerantur</strong></span> <span class='ocrx_word' id='word_1_220' title='bbox 1072 2419 1148 2477; x_wconf 84' lang='lat' dir='ltr'><strong>enim</strong></span> <span class='ocrx_word' id='word_1_221' title='bbox 1170 2416 1227 2477; x_wconf 87' lang='lat' dir='ltr'><strong>hae</strong></span> <span class='ocrx_word' id='word_1_222' title='bbox 1249 2417 1325 2479; x_wconf 90' lang='lat' dir='ltr'><strong>duae</strong></span> <span class='ocrx_word' id='word_1_223' title='bbox 1347 2417 1452 2499; x_wconf 87' lang='grc'><strong>115555,</strong></span> <span class='ocrx_word' id='word_1_224' title='bbox 1474 2426 1618 2496; x_wconf 86' lang='lat' dir='ltr'><strong>quatenus</strong></span> 
     </span>
     <span class='ocr_line' id='line_1_24' title="bbox 268 2502 1615 2584; baseline -0.003 -14"><span class='ocrx_word' id='word_1_225' title='bbox 268 2511 450 2570; x_wconf 89' lang='lat' dir='ltr'><strong>constituunt</strong></span> <span class='ocrx_word' id='word_1_226' title='bbox 478 2506 587 2584; x_wconf 82' lang='lat' dir='ltr'><strong>ligruas</strong></span> <span class='ocrx_word' id='word_1_227' title='bbox 616 2504 810 2583; x_wconf 69' lang='lat' dir='ltr'><strong>sexangulum</strong></span> <span class='ocrx_word' id='word_1_228' title='bbox 843 2511 872 2564; x_wconf 90' lang='lat' dir='ltr'><strong>et</strong></span> <span class='ocrx_word' id='word_1_229' title='bbox 905 2502 1106 2581; x_wconf 82' lang='lat' dir='ltr'><strong>decaogulum.</strong></span> <span class='ocrx_word' id='word_1_230' title='bbox 1161 2504 1333 2566; x_wconf 85' lang='lat' dir='ltr'><strong>Rectissime</strong></span> <span class='ocrx_word' id='word_1_231' title='bbox 1364 2508 1408 2567; x_wconf 92' lang='lat' dir='ltr'><strong>sic</strong></span> <span class='ocrx_word' id='word_1_232' title='bbox 1441 2505 1615 2568; x_wconf 87' lang='lat' dir='ltr'><strong>diceremus:</strong></span> 
     </span>
     <span class='ocr_line' id='line_1_25' title="bbox 266 2591 1616 2674; baseline 0.001 -19"><span class='ocrx_word' id='word_1_233' title='bbox 266 2596 347 2655; x_wconf 89' lang='grc'><strong>15155</strong></span> <span class='ocrx_word' id='word_1_234' title='bbox 369 2595 582 2674; x_wconf 84' lang='lat' dir='ltr'><strong>quinquanguli</strong></span> <span class='ocrx_word' id='word_1_235' title='bbox 604 2600 703 2673; x_wconf 91' lang='lat' dir='ltr'><strong>potest</strong></span> <span class='ocrx_word' id='word_1_236' title='bbox 724 2591 1020 2653; x_wconf 87' lang='lat' dir='ltr'><strong>semidiametrum&#39;et</strong></span> <span class='ocrx_word' id='word_1_237' title='bbox 1042 2591 1106 2669; x_wconf 87' lang='lat' dir='ltr'><strong>ejus</strong></span> <span class='ocrx_word' id='word_1_238' title='bbox 1121 2593 1376 2671; x_wconf 88' lang='lat' dir='ltr'><strong>proportionaliter</strong></span> <span class='ocrx_word' id='word_1_239' title='bbox 1393 2600 1490 2656; x_wconf 88' lang='lat' dir='ltr'><strong>sectae</strong></span> <span class='ocrx_word' id='word_1_240' title='bbox 1505 2603 1616 2673; x_wconf 88' lang='lat' dir='ltr'><strong>partem</strong></span> 
     </span>
     <span class='ocr_line' id='line_1_26' title="bbox 268 2679 1617 2762; baseline 0.002 -20"><span class='ocrx_word' id='word_1_241' title='bbox 268 2684 420 2761; x_wconf 87' lang='lat' dir='ltr'><strong>majorem.</strong></span> <span class='ocrx_word' id='word_1_242' title='bbox 448 2679 581 2762; x_wconf 84' lang='lat' dir='ltr'><strong>Rursum</strong></span> <span class='ocrx_word' id='word_1_243' title='bbox 599 2699 635 2741; x_wconf 87' lang='lat' dir='ltr'><strong>ex</strong></span> <span class='ocrx_word' id='word_1_244' title='bbox 656 2681 702 2741; x_wconf 88' lang='lat' dir='ltr'><strong>his</strong></span> <span class='ocrx_word' id='word_1_245' title='bbox 725 2680 925 2760; x_wconf 84' lang='lat' dir='ltr'><strong>perfectiores,</strong></span> <span class='ocrx_word' id='word_1_246' title='bbox 949 2695 1072 2759; x_wconf 88' lang='lat' dir='ltr'><strong>quarum</strong></span> <span class='ocrx_word' id='word_1_247' title='bbox 1091 2681 1389 2762; x_wconf 77' lang='grc'><strong>151555555115555,</strong></span> <span class='ocrx_word' id='word_1_248' title='bbox 1411 2681 1617 2758; x_wconf 73' lang='grc'><strong>1551555555</strong></span> 
     </span>
     <span class='ocr_line' id='line_1_27' title="bbox 269 2763 1617 2860; baseline 0.003 -30"><span class='ocrx_word' id='word_1_249' title='bbox 269 2763 355 2852; x_wconf 70' lang='grc'><strong>5555,</strong></span> <span class='ocrx_word' id='word_1_250' title='bbox 383 2777 560 2846; x_wconf 89' lang='lat' dir='ltr'><strong>manentque</strong></span> <span class='ocrx_word' id='word_1_251' title='bbox 585 2769 619 2844; x_wconf 83' lang='lat'><strong>3,</strong></span> <span class='ocrx_word' id='word_1_252' title='bbox 651 2770 685 2860; x_wconf 68' lang='grc'><strong>1,</strong></span> <span class='ocrx_word' id='word_1_253' title='bbox 712 2769 740 2829; x_wconf 84' lang='grc'><strong>6.</strong></span> <span class='ocrx_word' id='word_1_254' title='bbox 795 2763 1093 2846; x_wconf 74' lang='lat' dir='ltr'><strong>Ncm‘uecengulum</strong></span> <span class='ocrx_word' id='word_1_255' title='bbox 1125 2775 1154 2829; x_wconf 91' lang='lat' dir='ltr'><strong>et</strong></span> <span class='ocrx_word' id='word_1_256' title='bbox 1182 2771 1279 2830; x_wconf 89' lang='lat' dir='ltr'><strong>omnia</strong></span> <span class='ocrx_word' id='word_1_257' title='bbox 1306 2769 1531 2847; x_wconf 78' lang='grc'><strong>5515515151555</strong></span> <span class='ocrx_word' id='word_1_258' title='bbox 1553 2789 1617 2834; x_wconf 86' lang='lat' dir='ltr'><strong>cum</strong></span> 
     </span>
     <span class='ocr_line' id='line_1_28' title="bbox 269 2853 1616 2939; baseline -0.001 -19"><span class='ocrx_word' id='word_1_259' title='bbox 269 2856 513 2920; x_wconf 89' lang='lat' dir='ltr'><strong>subtendentibus</strong></span> <span class='ocrx_word' id='word_1_260' title='bbox 540 2857 714 2935; x_wconf 84' lang='lat' dir='ltr'><strong>angulorum</strong></span> <span class='ocrx_word' id='word_1_261' title='bbox 743 2853 936 2936; x_wconf 77' lang='grc'><strong>5551511555,</strong></span> <span class='ocrx_word' id='word_1_262' title='bbox 961 2873 1026 2916; x_wconf 89' lang='lat' dir='ltr'><strong>cum</strong></span> <span class='ocrx_word' id='word_1_263' title='bbox 1055 2872 1155 2918; x_wconf 90' lang='lat' dir='ltr'><strong>eorum</strong></span> <span class='ocrx_word' id='word_1_264' title='bbox 1185 2857 1328 2935; x_wconf 89' lang='lat' dir='ltr'><strong>quadrata</strong></span> <span class='ocrx_word' id='word_1_265' title='bbox 1355 2874 1415 2918; x_wconf 88' lang='lat' dir='ltr'><strong>nou</strong></span> <span class='ocrx_word' id='word_1_266' title='bbox 1445 2859 1503 2918; x_wconf 92' lang='lat' dir='ltr'><strong>sint</strong></span> <span class='ocrx_word' id='word_1_267' title='bbox 1533 2854 1616 2939; x_wconf 77' lang='lat' dir='ltr'><strong>p‘qso.</strong></span> 
     </span>
     <span class='ocr_line' id='line_1_29' title="bbox 269 2943 1619 3024; baseline 0.001 -17"><span class='ocrx_word' id='word_1_268' title='bbox 269 2947 361 3007; x_wconf 86' lang='lat' dir='ltr'><strong>Latus</strong></span> <span class='ocrx_word' id='word_1_269' title='bbox 384 2951 482 3006; x_wconf 88' lang='lat' dir='ltr'><strong>tamen</strong></span> <span class='ocrx_word' id='word_1_270' title='bbox 504 2943 717 3023; x_wconf 87' lang='lat' dir='ltr'><strong>quinquanguli</strong></span> <span class='ocrx_word' id='word_1_271' title='bbox 739 2961 805 3006; x_wconf 89' lang='lat' dir='ltr'><strong>cum</strong></span> <span class='ocrx_word' id='word_1_272' title='bbox 827 2943 1019 3006; x_wconf 89' lang='lat' dir='ltr'><strong>subtendente</strong></span> <span class='ocrx_word' id='word_1_273' title='bbox 1048 2943 1186 3024; x_wconf 79' lang='lat' dir='ltr'><strong>angulum</strong></span> <span class='ocrx_word' id='word_1_274' title='bbox 1208 2945 1242 3006; x_wconf 87' lang='lat' dir='ltr'><strong>fit</strong></span> <span class='ocrx_word' id='word_1_275' title='bbox 1263 2943 1478 3024; x_wconf 90' lang='lat' dir='ltr'><strong>quodammodo</strong></span> <span class='ocrx_word' id='word_1_276' title='bbox 1502 2951 1619 3020; x_wconf 81' lang='grc'><strong>155555</strong></span> 
     </span>
     <span class='ocr_line' id='line_1_30' title="bbox 271 3030 1617 3114; baseline 0.001 -20"><span class='ocrx_word' id='word_1_277' title='bbox 271 3030 361 3114; x_wconf 61' lang='lat' dir='ltr'><strong>(ipsos</strong></span> <span class='ocrx_word' id='word_1_278' title='bbox 391 3039 420 3094; x_wconf 91' lang='grc'><strong>51</strong></span> <span class='ocrx_word' id='word_1_279' title='bbox 449 3033 493 3092; x_wconf 90' lang='grc'><strong>515</strong></span> <span class='ocrx_word' id='word_1_280' title='bbox 521 3035 642 3113; x_wconf 76' lang='lat' dir='ltr'><strong>iopam,</strong></span> <span class='ocrx_word' id='word_1_281' title='bbox 673 3039 704 3094; x_wconf 89' lang='lat' dir='ltr'><strong>at</strong></span> <span class='ocrx_word' id='word_1_282' title='bbox 733 3049 792 3094; x_wconf 89' lang='lat' dir='ltr'><strong>uon</strong></span> <span class='ocrx_word' id='word_1_283' title='bbox 823 3034 952 3093; x_wconf 90' lang='lat' dir='ltr'><strong>seorsim.</strong></span> <span class='ocrx_word' id='word_1_284' title='bbox 997 3033 1072 3094; x_wconf 89' lang='lat' dir='ltr'><strong>Nam</strong></span> <span class='ocrx_word' id='word_1_285' title='bbox 1102 3036 1127 3094; x_wconf 93' lang='lat' dir='ltr'><strong>si</strong></span> <span class='ocrx_word' id='word_1_286' title='bbox 1158 3049 1257 3095; x_wconf 89' lang='lat' dir='ltr'><strong>eorum</strong></span> <span class='ocrx_word' id='word_1_287' title='bbox 1288 3033 1431 3112; x_wconf 89' lang='lat' dir='ltr'><strong>quadrata</strong></span> <span class='ocrx_word' id='word_1_288' title='bbox 1448 3033 1617 3113; x_wconf 79' lang='lat' dir='ltr'><strong>jmganmr,</strong></span> 
     </span>
     <span class='ocr_line' id='line_1_31' title="bbox 269 3118 968 3197; baseline -0.006 -13"><span class='ocrx_word' id='word_1_289' title='bbox 269 3118 403 3186; x_wconf 86' lang='grc'><strong>1155151</strong></span> <span class='ocrx_word' id='word_1_290' title='bbox 426 3119 600 3197; x_wconf 87' lang='lat' dir='ltr'><strong>quadratum</strong></span> <span class='ocrx_word' id='word_1_291' title='bbox 623 3120 756 3181; x_wconf 86' lang='lat' dir='ltr'><strong>diametri</strong></span> <span class='ocrx_word' id='word_1_292' title='bbox 778 3126 812 3180; x_wconf 92' lang='lat' dir='ltr'><strong>ut</strong></span> <span class='ocrx_word' id='word_1_293' title='bbox 835 3121 853 3181; x_wconf 83' lang='lat'><strong>5</strong></span> <span class='ocrx_word' id='word_1_294' title='bbox 876 3121 914 3181; x_wconf 88' lang='lat' dir='ltr'><strong>ad</strong></span> <span class='ocrx_word' id='word_1_295' title='bbox 938 3123 968 3180; x_wconf 83' lang='lat'><strong>4.</strong></span> 
     </span>
    </p>

    <p class='ocr_par' dir='ltr' id='par_1_6' title="bbox 269 3202 1620 3536">
     <span class='ocr_line' id='line_1_32' title="bbox 365 3202 1616 3290; baseline 0 -22"><span class='ocrx_word' id='word_1_296' title='bbox 365 3208 514 3285; x_wconf 48' lang='lat' dir='ltr'><strong>¹Denique</strong></span> <span class='ocrx_word' id='word_1_297' title='bbox 537 3227 573 3270; x_wconf 86' lang='lat' dir='ltr'><strong>ex</strong></span> <span class='ocrx_word' id='word_1_298' title='bbox 589 3211 711 3290; x_wconf 76' lang='grc' dir='ltr'><strong><em>λογικαις</em></strong></span> <span class='ocrx_word' id='word_1_299' title='bbox 724 3209 909 3287; x_wconf 79' lang='lat' dir='ltr'><strong>perfectiores</strong></span> <span class='ocrx_word' id='word_1_300' title='bbox 924 3214 992 3269; x_wconf 89' lang='lat' dir='ltr'><strong>sunt</strong></span> <span class='ocrx_word' id='word_1_301' title='bbox 1008 3202 1094 3288; x_wconf 77' lang='grc' dir='ltr'><em>ῥηται</em></span> <span class='ocrx_word' id='word_1_302' title='bbox 1108 3213 1176 3269; x_wconf 89' lang='grc'><strong>5515</strong></span> <span class='ocrx_word' id='word_1_303' title='bbox 1191 3215 1294 3286; x_wconf 88' lang='lat' dir='ltr'><strong>estque</strong></span> <span class='ocrx_word' id='word_1_304' title='bbox 1309 3225 1400 3270; x_wconf 89' lang='lat' dir='ltr'><strong>unum</strong></span> <span class='ocrx_word' id='word_1_305' title='bbox 1415 3207 1616 3287; x_wconf 76' lang='lat' dir='ltr'><strong>sexangulum.</strong></span> 
     </span>
     <span class='ocr_line' id='line_1_33' title="bbox 269 3291 1619 3377; baseline -0.002 -16"><span class='ocrx_word' id='word_1_306' title='bbox 269 3299 346 3362; x_wconf 81' lang='lat' dir='ltr'><strong>Nam</strong></span> <span class='ocrx_word' id='word_1_307' title='bbox 374 3291 565 3377; x_wconf 85' lang='lat' dir='ltr'><strong>triangulum,</strong></span> <span class='ocrx_word' id='word_1_308' title='bbox 594 3295 829 3376; x_wconf 80' lang='lat' dir='ltr'><strong>quadrangulum</strong></span> <span class='ocrx_word' id='word_1_309' title='bbox 858 3315 918 3357; x_wconf 89' lang='lat' dir='ltr'><strong>non</strong></span> <span class='ocrx_word' id='word_1_310' title='bbox 949 3303 1017 3359; x_wconf 91' lang='lat' dir='ltr'><strong>sunt</strong></span> <span class='ocrx_word' id='word_1_311' title='bbox 1046 3291 1122 3377; x_wconf 80' lang='grc' dir='ltr'><strong><em>ῥητα</em></strong></span> <span class='ocrx_word' id='word_1_312' title='bbox 1153 3303 1230 3358; x_wconf 86' lang='grc'><strong>5515.</strong></span> <span class='ocrx_word' id='word_1_313' title='bbox 1274 3297 1427 3358; x_wconf 90' lang='lat' dir='ltr'><strong>Diameter</strong></span> <span class='ocrx_word' id='word_1_314' title='bbox 1454 3315 1526 3359; x_wconf 86' lang='lat' dir='ltr'><strong>vero</strong></span> <span class='ocrx_word' id='word_1_315' title='bbox 1556 3301 1619 3377; x_wconf 89' lang='grc'><strong>1555</strong></span> 
     </span>
     <span class='ocr_line' id='line_1_34' title="bbox 270 3381 1620 3467; baseline -0.002 -19"><span class='ocrx_word' id='word_1_316' title='bbox 270 3387 327 3448; x_wconf 82' lang='grc'><strong>51151</strong></span> <span class='ocrx_word' id='word_1_317' title='bbox 358 3384 491 3462; x_wconf 90' lang='lat' dir='ltr'><strong>aequalis</strong></span> <span class='ocrx_word' id='word_1_318' title='bbox 518 3395 573 3467; x_wconf 90' lang='lat' dir='ltr'><strong>est,</strong></span> <span class='ocrx_word' id='word_1_319' title='bbox 603 3385 778 3463; x_wconf 79' lang='grc'><strong>5551551551</strong></span> <span class='ocrx_word' id='word_1_320' title='bbox 809 3381 882 3464; x_wconf 79' lang='grc' dir='ltr'><strong><em>ῥητη</em></strong></span> <span class='ocrx_word' id='word_1_321' title='bbox 913 3392 942 3446; x_wconf 90' lang='grc'><strong>51</strong></span> <span class='ocrx_word' id='word_1_322' title='bbox 974 3388 1068 3465; x_wconf 74' lang='grc'><strong>155555</strong></span> <span class='ocrx_word' id='word_1_323' title='bbox 1090 3389 1119 3446; x_wconf 89' lang='grc'><strong>51</strong></span> <span class='ocrx_word' id='word_1_324' title='bbox 1140 3381 1322 3466; x_wconf 70' lang='lat' dir='ltr'><strong>ducissarum</strong></span> <span class='ocrx_word' id='word_1_325' title='bbox 1343 3392 1411 3467; x_wconf 83' lang='grc'><strong>515,</strong></span> <span class='ocrx_word' id='word_1_326' title='bbox 1441 3391 1543 3466; x_wconf 90' lang='lat' dir='ltr'><strong>utpote</strong></span> <span class='ocrx_word' id='word_1_327' title='bbox 1569 3403 1620 3466; x_wconf 90' lang='lat' dir='ltr'><strong>per</strong></span> 
     </span>
     <span class='ocr_line' id='line_1_35' title="bbox 270 3472 1018 3536; baseline 0 -3"><span class='ocrx_word' id='word_1_328' title='bbox 270 3473 451 3536; x_wconf 87' lang='lat' dir='ltr'><strong>identitatem</strong></span> <span class='ocrx_word' id='word_1_329' title='bbox 474 3472 656 3534; x_wconf 87' lang='grc'><strong>55155551115</strong></span> <span class='ocrx_word' id='word_1_330' title='bbox 679 3475 742 3535; x_wconf 88' lang='grc'><strong>5155</strong></span> <span class='ocrx_word' id='word_1_331' title='bbox 765 3472 1018 3536; x_wconf 85' lang='lat' dir='ltr'><strong>demonstratione.</strong></span> 
     </span>
    </p>

    <p class='ocr_par' dir='ltr' id='par_1_7' title="bbox 271 3557 1619 3728">
     <span class='ocr_line' id='line_1_36' title="bbox 378 3557 1617 3642; baseline 0.002 -22"><span class='ocrx_word' id='word_1_332' title='bbox 378 3561 530 3622; x_wconf 84' lang='lat' dir='ltr'><strong>Habemus</strong></span> <span class='ocrx_word' id='word_1_333' title='bbox 562 3578 663 3621; x_wconf 89' lang='lat' dir='ltr'><strong>omues</strong></span> <span class='ocrx_word' id='word_1_334' title='bbox 692 3559 810 3642; x_wconf 60' lang='grc'><strong>1515555</strong></span> <span class='ocrx_word' id='word_1_335' title='bbox 838 3561 991 3640; x_wconf 90' lang='lat' dir='ltr'><strong>planorum</strong></span> <span class='ocrx_word' id='word_1_336' title='bbox 1018 3559 1210 3642; x_wconf 80' lang='lat' dir='ltr'><strong>regularium,</strong></span> <span class='ocrx_word' id='word_1_337' title='bbox 1240 3577 1316 3637; x_wconf 89' lang='lat' dir='ltr'><strong>quae</strong></span> <span class='ocrx_word' id='word_1_338' title='bbox 1339 3557 1452 3621; x_wconf 82' lang='grc' dir='ltr'><strong>555515Ι</strong></span> <span class='ocrx_word' id='word_1_339' title='bbox 1471 3562 1561 3624; x_wconf 86' lang='lat' dir='ltr'><strong>etiam</strong></span> <span class='ocrx_word' id='word_1_340' title='bbox 1583 3559 1617 3622; x_wconf 89' lang='lat' dir='ltr'><strong>de</strong></span> 
     </span>
     <span class='ocr_line' id='line_1_37' title="bbox 271 3647 1619 3728; baseline 0.001 -18"><span class='ocrx_word' id='word_1_341' title='bbox 271 3647 514 3710; x_wconf 89' lang='lat' dir='ltr'><strong>subtendentibus</strong></span> <span class='ocrx_word' id='word_1_342' title='bbox 536 3649 652 3726; x_wconf 81' lang='lat' dir='ltr'><strong>angulis</strong></span> <span class='ocrx_word' id='word_1_343' title='bbox 674 3657 742 3712; x_wconf 88' lang='lat' dir='ltr'><strong>sunt</strong></span> <span class='ocrx_word' id='word_1_344' title='bbox 764 3648 962 3726; x_wconf 83' lang='lat' dir='ltr'><strong>intelligenda</strong></span> <span class='ocrx_word' id='word_1_345' title='bbox 1012 3648 1088 3710; x_wconf 86' lang='lat' dir='ltr'><strong>Nam</strong></span> <span class='ocrx_word' id='word_1_346' title='bbox 1109 3649 1139 3706; x_wconf 91' lang='grc'><strong>15</strong></span> <span class='ocrx_word' id='word_1_347' title='bbox 1162 3649 1308 3726; x_wconf 80' lang='lat' dir='ltr'><strong>triangulo</strong></span> <span class='ocrx_word' id='word_1_348' title='bbox 1330 3647 1408 3710; x_wconf 90' lang='grc'><strong>15155</strong></span> <span class='ocrx_word' id='word_1_349' title='bbox 1430 3651 1526 3728; x_wconf 87' lang='lat' dir='ltr'><strong>ipsum</strong></span> <span class='ocrx_word' id='word_1_350' title='bbox 1549 3650 1619 3711; x_wconf 88' lang='lat' dir='ltr'><strong>sub·</strong></span> 
     </span>
    </p>
   </div>
   <div class='ocr_carea' id='block_1_5' title="bbox 138 3734 1619 3825">
    <p class='ocr_par' dir='ltr' id='par_1_8' title="bbox 138 3734 1619 3825">
     <span class='ocr_line' id='line_1_38' title="bbox 138 3734 1619 3825; baseline -0.001 -28"><span class='ocrx_word' id='word_1_351' title='bbox 138 3757 146 3768; x_wconf 87' lang='lat'>·</span> <span class='ocrx_word' id='word_1_352' title='bbox 270 3734 365 3799; x_wconf 88' lang='lat' dir='ltr'><strong>tendit</strong></span> <span class='ocrx_word' id='word_1_353' title='bbox 385 3736 536 3818; x_wconf 81' lang='lat' dir='ltr'><strong>angulum,</strong></span> <span class='ocrx_word' id='word_1_354' title='bbox 558 3739 589 3796; x_wconf 92' lang='lat' dir='ltr'><strong>in</strong></span> <span class='ocrx_word' id='word_1_355' title='bbox 611 3737 814 3825; x_wconf 75' lang='lat' dir='ltr'><strong>quadrangulo</strong></span> <span class='ocrx_word' id='word_1_356' title='bbox 837 3737 985 3814; x_wconf 90' lang='lat' dir='ltr'><strong>diameter,</strong></span> <span class='ocrx_word' id='word_1_357' title='bbox 1014 3739 1043 3796; x_wconf 89' lang='lat' dir='ltr'><strong>in</strong></span> <span class='ocrx_word' id='word_1_358' title='bbox 1066 3737 1286 3817; x_wconf 82' lang='lat' dir='ltr'><strong>quinquangulo</strong></span> <span class='ocrx_word' id='word_1_359' title='bbox 1307 3734 1385 3798; x_wconf 89' lang='lat' dir='ltr'><strong>latus</strong></span> <span class='ocrx_word' id='word_1_360' title='bbox 1407 3736 1509 3798; x_wconf 88' lang='lat' dir='ltr'><strong>stellae</strong></span> <span class='ocrx_word' id='word_1_361' title='bbox 1533 3741 1619 3816; x_wconf 91' lang='lat' dir='ltr'><strong>quin·</strong></span> 
     </span>
    </p>
   </div>
   <div class='ocr_carea' id='block_1_6' title="bbox 271 3821 1620 4085">
    <p class='ocr_par' dir='ltr' id='par_1_9' title="bbox 271 3821 1620 4085">
     <span class='ocr_line' id='line_1_39' title="bbox 272 3821 1618 3974; baseline 0.001 -91"><span class='ocrx_word' id='word_1_362' title='bbox 272 3824 472 3907; x_wconf 83' lang='lat' dir='ltr'><strong>quangularis,</strong></span> <span class='ocrx_word' id='word_1_363' title='bbox 494 3827 523 3882; x_wconf 91' lang='lat' dir='ltr'><strong>in</strong></span> <span class='ocrx_word' id='word_1_364' title='bbox 539 3826 701 3904; x_wconf 81' lang='lat' dir='ltr'><strong>sexangulo</strong></span> <span class='ocrx_word' id='word_1_365' title='bbox 717 3827 795 3888; x_wconf 90' lang='lat' dir='ltr'><strong>latus</strong></span> <span class='ocrx_word' id='word_1_366' title='bbox 810 3824 926 3903; x_wconf 81' lang='lat' dir='ltr'><strong>trigoni,</strong></span> <span class='ocrx_word' id='word_1_367' title='bbox 943 3827 971 3885; x_wconf 92' lang='lat' dir='ltr'><strong>in</strong></span> <span class='ocrx_word' id='word_1_368' title='bbox 988 3823 1143 3902; x_wconf 85' lang='lat' dir='ltr'><strong>octaugulo</strong></span> <span class='ocrx_word' id='word_1_369' title='bbox 1158 3821 1236 3885; x_wconf 91' lang='lat' dir='ltr'><strong>latus</strong></span> <span class='ocrx_word' id='word_1_370' title='bbox 1252 3822 1395 3902; x_wconf 84' lang='lat' dir='ltr'><strong>quadrati,</strong></span> <span class='ocrx_word' id='word_1_371' title='bbox 1412 3825 1441 3882; x_wconf 89' lang='lat' dir='ltr'><strong>in</strong></span> <span class='ocrx_word' id='word_1_372' title='bbox 1458 3824 1618 3974; x_wconf 65' lang='lat' dir='ltr'><strong>decanpalo</strong></span> 
     </span>
     <span class='ocr_line' id='line_1_40' title="bbox 272 3910 1619 3994; baseline 0.001 -22"><span class='ocrx_word' id='word_1_373' title='bbox 272 3913 349 3974; x_wconf 86' lang='lat' dir='ltr'><strong>latua</strong></span> <span class='ocrx_word' id='word_1_374' title='bbox 364 3915 468 3975; x_wconf 89' lang='lat' dir='ltr'><strong>stellae</strong></span> <span class='ocrx_word' id='word_1_375' title='bbox 485 3913 704 3992; x_wconf 84' lang='lat' dir='ltr'><strong>decangularia:</strong></span> <span class='ocrx_word' id='word_1_376' title='bbox 729 3933 804 3994; x_wconf 88' lang='lat' dir='ltr'><strong>quae</strong></span> <span class='ocrx_word' id='word_1_377' title='bbox 819 3917 962 3993; x_wconf 86' lang='lat' dir='ltr'><strong>recipiunt</strong></span> <span class='ocrx_word' id='word_1_378' title='bbox 977 3914 1096 3976; x_wconf 87' lang='lat' dir='ltr'><strong>easdem</strong></span> <span class='ocrx_word' id='word_1_379' title='bbox 1113 3910 1374 3988; x_wconf 86' lang='lat' dir='ltr'><strong>demonstrationes</strong></span> <span class='ocrx_word' id='word_1_380' title='bbox 1389 3929 1456 3973; x_wconf 90' lang='lat' dir='ltr'><strong>cum</strong></span> <span class='ocrx_word' id='word_1_381' title='bbox 1469 3913 1553 3974; x_wconf 84' lang='lat' dir='ltr'><strong>lateri</strong></span> <span class='ocrx_word' id='word_1_382' title='bbox 1575 3931 1619 3975; x_wconf 91' lang='grc'><strong>55.</strong></span> 
     </span>
     <span class='ocr_line' id='line_1_41' title="bbox 271 3998 1620 4085; baseline 0 -23"><span class='ocrx_word' id='word_1_383' title='bbox 271 4001 346 4062; x_wconf 83' lang='lat' dir='ltr'><strong>Nam</strong></span> <span class='ocrx_word' id='word_1_384' title='bbox 369 4001 548 4063; x_wconf 87' lang='lat' dir='ltr'><strong>subtendens</strong></span> <span class='ocrx_word' id='word_1_385' title='bbox 564 3998 620 4085; x_wconf 53' lang='grc' dir='ltr'><strong>ΒΛ,</strong></span> <span class='ocrx_word' id='word_1_386' title='bbox 636 4011 744 4080; x_wconf 89' lang='lat' dir='ltr'><strong>aequat</strong></span> <span class='ocrx_word' id='word_1_387' title='bbox 757 4003 940 4083; x_wconf 79' lang='lat' dir='ltr'><strong>longitudine</strong></span> <span class='ocrx_word' id='word_1_388' title='bbox 955 4002 1198 4065; x_wconf 86' lang='lat' dir='ltr'><strong>semidiametrum</strong></span> <span class='ocrx_word' id='word_1_389' title='bbox 1214 4001 1337 4080; x_wconf 85' lang='lat' dir='ltr'><strong>ejusque</strong></span> <span class='ocrx_word' id='word_1_390' title='bbox 1354 4009 1465 4080; x_wconf 90' lang='lat' dir='ltr'><strong>partem</strong></span> <span class='ocrx_word' id='word_1_391' title='bbox 1479 4002 1620 4080; x_wconf 87' lang='lat' dir='ltr'><strong>majorem</strong></span> 
     </span>
    </p>
   </div>
   <div class='ocr_carea' id='block_1_7' title="bbox 161 4089 1620 4170">
    <p class='ocr_par' dir='ltr' id='par_1_10' title="bbox 161 4089 1620 4170">
     <span class='ocr_line' id='line_1_42' title="bbox 161 4089 1620 4170; baseline 0.003 -24"><span class='ocrx_word' id='word_1_392' title='bbox 161 4089 169 4108; x_wconf 90' lang='lat'><em>&#39;</em></span> <span class='ocrx_word' id='word_1_393' title='bbox 272 4091 529 4168; x_wconf 77' lang='lat' dir='ltr'><strong>proportionaliter,</strong></span> <span class='ocrx_word' id='word_1_394' title='bbox 547 4098 660 4153; x_wconf 86' lang='lat' dir='ltr'><strong>sectae:</strong></span> <span class='ocrx_word' id='word_1_395' title='bbox 684 4094 727 4153; x_wconf 93' lang='lat' dir='ltr'><strong>sic</strong></span> <span class='ocrx_word' id='word_1_396' title='bbox 749 4094 836 4170; x_wconf 83' lang='lat' dir='ltr'><strong>igitur</strong></span> <span class='ocrx_word' id='word_1_397' title='bbox 858 4095 969 4153; x_wconf 90' lang='lat' dir='ltr'><strong>minore</strong></span> <span class='ocrx_word' id='word_1_398' title='bbox 991 4099 1072 4170; x_wconf 89' lang='lat' dir='ltr'><strong>parte</strong></span> <span class='ocrx_word' id='word_1_399' title='bbox 1087 4089 1296 4169; x_wconf 87' lang='lat' dir='ltr'><strong>proportionali</strong></span> <span class='ocrx_word' id='word_1_400' title='bbox 1311 4096 1419 4168; x_wconf 89' lang='lat' dir='ltr'><strong>aequat</strong></span> <span class='ocrx_word' id='word_1_401' title='bbox 1433 4107 1518 4150; x_wconf 87' lang='lat' dir='ltr'><strong>suum</strong></span> <span class='ocrx_word' id='word_1_402' title='bbox 1533 4090 1620 4165; x_wconf 88' lang='grc'><strong>15155,</strong></span> 
     </span>
    </p>
   </div>
   <div class='ocr_carea' id='block_1_8' title="bbox 270 4175 1622 4967">
    <p class='ocr_par' dir='ltr' id='par_1_11' title="bbox 272 4175 1620 4346">
     <span class='ocr_line' id='line_1_43' title="bbox 272 4175 1620 4261; baseline 0.002 -25"><span class='ocrx_word' id='word_1_403' title='bbox 272 4179 347 4236; x_wconf 91' lang='grc'><strong>51551</strong></span> <span class='ocrx_word' id='word_1_404' title='bbox 368 4175 454 4240; x_wconf 90' lang='grc'><strong>515115</strong></span> <span class='ocrx_word' id='word_1_405' title='bbox 476 4179 737 4257; x_wconf 81' lang='lat' dir='ltr'><strong>quinquangularis</strong></span> <span class='ocrx_word' id='word_1_406' title='bbox 758 4181 870 4259; x_wconf 83' lang='lat' dir='ltr'><strong>maJ‘ora</strong></span> <span class='ocrx_word' id='word_1_407' title='bbox 892 4187 973 4261; x_wconf 89' lang='lat' dir='ltr'><strong>parte</strong></span> <span class='ocrx_word' id='word_1_408' title='bbox 996 4179 1210 4258; x_wconf 85' lang='lat' dir='ltr'><strong>proportionali¹</strong></span> <span class='ocrx_word' id='word_1_409' title='bbox 1227 4187 1334 4258; x_wconf 90' lang='lat' dir='ltr'><strong>aequat</strong></span> <span class='ocrx_word' id='word_1_410' title='bbox 1350 4188 1442 4238; x_wconf 89' lang='lat' dir='ltr'><strong>&#39;suum</strong></span> <span class='ocrx_word' id='word_1_411' title='bbox 1463 4177 1556 4254; x_wconf 89' lang='lat' dir='ltr'><strong>latus;</strong></span> <span class='ocrx_word' id='word_1_412' title='bbox 1585 4175 1620 4239; x_wconf 87' lang='lat' dir='ltr'><strong>de</strong></span> 
     </span>
     <span class='ocr_line' id='line_1_44' title="bbox 272 4266 615 4346; baseline 0.015 -22"><span class='ocrx_word' id='word_1_413' title='bbox 272 4266 375 4325; x_wconf 89' lang='lat' dir='ltr'><strong>ceteris</strong></span> <span class='ocrx_word' id='word_1_414' title='bbox 398 4285 449 4344; x_wconf 89' lang='lat' dir='ltr'><strong>per</strong></span> <span class='ocrx_word' id='word_1_415' title='bbox 471 4284 503 4328; x_wconf 92' lang='lat' dir='ltr'><strong>se</strong></span> <span class='ocrx_word' id='word_1_416' title='bbox 525 4273 615 4346; x_wconf 81' lang='lat' dir='ltr'><strong>patet</strong></span> 
     </span>
    </p>

    <p class='ocr_par' dir='ltr' id='par_1_12' title="bbox 270 4349 1622 4967">
     <span class='ocr_line' id='line_1_45' title="bbox 376 4349 1622 4437; baseline 0 -25"><span class='ocrx_word' id='word_1_417' title='bbox 376 4349 446 4413; x_wconf 82' lang='grc'><strong>1555</strong></span> <span class='ocrx_word' id='word_1_418' title='bbox 463 4364 505 4424; x_wconf 77' lang='lat' dir='ltr'><strong>et</strong></span> <span class='ocrx_word' id='word_1_419' title='bbox 537 4356 594 4418; x_wconf 91' lang='lat' dir='ltr'><strong>boc</strong></span> <span class='ocrx_word' id='word_1_420' title='bbox 616 4353 768 4434; x_wconf 78' lang='lat' dir='ltr'><strong>probabile</strong></span> <span class='ocrx_word' id='word_1_421' title='bbox 800 4351 855 4437; x_wconf 84' lang='lat' dir='ltr'><strong>est,</strong></span> <span class='ocrx_word' id='word_1_422' title='bbox 889 4351 1135 4432; x_wconf 88' lang='lat' dir='ltr'><strong>quemadmodum</strong></span> <span class='ocrx_word' id='word_1_423' title='bbox 1166 4353 1184 4413; x_wconf 82' lang='lat'><strong>5</strong></span> <span class='ocrx_word' id='word_1_424' title='bbox 1213 4369 1334 4432; x_wconf 88' lang='lat' dir='ltr'><strong>corpora</strong></span> <span class='ocrx_word' id='word_1_425' title='bbox 1363 4369 1421 4412; x_wconf 92' lang='lat' dir='ltr'><strong>non</strong></span> <span class='ocrx_word' id='word_1_426' title='bbox 1455 4349 1526 4412; x_wconf 92' lang='lat' dir='ltr'><strong>dant</strong></span> <span class='ocrx_word' id='word_1_427' title='bbox 1558 4353 1622 4431; x_wconf 87' lang='grc'><strong>1555</strong></span> 
     </span>
     <span class='ocr_line' id='line_1_46' title="bbox 270 4435 1622 4523; baseline 0 -23"><span class='ocrx_word' id='word_1_428' title='bbox 270 4441 393 4500; x_wconf 90' lang='lat' dir='ltr'><strong>formam</strong></span> <span class='ocrx_word' id='word_1_429' title='bbox 416 4442 522 4523; x_wconf 89' lang='lat' dir='ltr'><strong>coelis,</strong></span> <span class='ocrx_word' id='word_1_430' title='bbox 550 4443 604 4507; x_wconf 89' lang='lat' dir='ltr'><strong>sed</strong></span> <span class='ocrx_word' id='word_1_431' title='bbox 626 4460 662 4503; x_wconf 87' lang='lat' dir='ltr'><strong>ex</strong></span> <span class='ocrx_word' id='word_1_432' title='bbox 684 4443 884 4523; x_wconf 80' lang='lat' dir='ltr'><strong>magnitudine</strong></span> <span class='ocrx_word' id='word_1_433' title='bbox 908 4444 985 4503; x_wconf 90' lang='lat' dir='ltr'><strong>orbis</strong></span> <span class='ocrx_word' id='word_1_434' title='bbox 1008 4443 1138 4520; x_wconf 86' lang='lat' dir='ltr'><strong>inscripti</strong></span> <span class='ocrx_word' id='word_1_435' title='bbox 1159 4435 1198 4502; x_wconf 91' lang='lat' dir='ltr'><strong>ad</strong></span> <span class='ocrx_word' id='word_1_436' title='bbox 1220 4441 1468 4519; x_wconf 87' lang='lat' dir='ltr'><strong>circumscriptum</strong></span> <span class='ocrx_word' id='word_1_437' title='bbox 1491 4445 1556 4500; x_wconf 89' lang='lat' dir='ltr'><strong>orta</strong></span> <span class='ocrx_word' id='word_1_438' title='bbox 1579 4445 1622 4500; x_wconf 92' lang='lat' dir='ltr'><strong>est</strong></span> 
     </span>
     <span class='ocr_line' id='line_1_47' title="bbox 272 4527 1620 4611; baseline -0.002 -21"><span class='ocrx_word' id='word_1_439' title='bbox 272 4527 419 4606; x_wconf 84' lang='lat' dir='ltr'><strong>coelorum</strong></span> <span class='ocrx_word' id='word_1_440' title='bbox 442 4534 602 4607; x_wconf 86' lang='lat' dir='ltr'><strong>quantitas:</strong></span> <span class='ocrx_word' id='word_1_441' title='bbox 625 4534 668 4592; x_wconf 91' lang='grc'><strong>515</strong></span> <span class='ocrx_word' id='word_1_442' title='bbox 689 4550 725 4594; x_wconf 92' lang='grc'><strong>55</strong></span> <span class='ocrx_word' id='word_1_443' title='bbox 748 4533 837 4611; x_wconf 87' lang='grc'><strong>51555</strong></span> <span class='ocrx_word' id='word_1_444' title='bbox 852 4529 970 4608; x_wconf 89' lang='lat' dir='ltr'><strong>quidem</strong></span> <span class='ocrx_word' id='word_1_445' title='bbox 985 4532 1049 4609; x_wconf 89' lang='lat' dir='ltr'><strong>ipsa</strong></span> <span class='ocrx_word' id='word_1_446' title='bbox 1063 4547 1115 4608; x_wconf 89' lang='grc'><strong>555</strong></span> <span class='ocrx_word' id='word_1_447' title='bbox 1129 4547 1161 4590; x_wconf 90' lang='grc'><strong>55</strong></span> <span class='ocrx_word' id='word_1_448' title='bbox 1178 4527 1361 4590; x_wconf 87' lang='grc'><strong>55551155515</strong></span> <span class='ocrx_word' id='word_1_449' title='bbox 1374 4527 1472 4604; x_wconf 81' lang='lat' dir='ltr'><strong>largiri</strong></span> <span class='ocrx_word' id='word_1_450' title='bbox 1491 4529 1620 4588; x_wconf 90' lang='lat' dir='ltr'><strong>motibus</strong></span> 
     </span>
     <span class='ocr_line' id='line_1_48' title="bbox 272 4614 1620 4699; baseline -0.001 -24"><span class='ocrx_word' id='word_1_451' title='bbox 272 4617 421 4695; x_wconf 89' lang='lat' dir='ltr'><strong>quaesitos</strong></span> <span class='ocrx_word' id='word_1_452' title='bbox 446 4614 558 4698; x_wconf 74' lang='grc'><strong>155555,</strong></span> <span class='ocrx_word' id='word_1_453' title='bbox 581 4617 633 4680; x_wconf 93' lang='grc'><strong>551</strong></span> <span class='ocrx_word' id='word_1_454' title='bbox 656 4623 815 4699; x_wconf 89' lang='lat' dir='ltr'><strong>comparati</strong></span> <span class='ocrx_word' id='word_1_455' title='bbox 838 4619 877 4680; x_wconf 88' lang='lat' dir='ltr'><strong>ad</strong></span> <span class='ocrx_word' id='word_1_456' title='bbox 899 4616 1053 4693; x_wconf 89' lang='lat' dir='ltr'><strong>circulum,</strong></span> <span class='ocrx_word' id='word_1_457' title='bbox 1082 4619 1158 4678; x_wconf 89' lang='lat' dir='ltr'><strong>sicut</strong></span> <span class='ocrx_word' id='word_1_458' title='bbox 1180 4615 1275 4677; x_wconf 89' lang='lat' dir='ltr'><strong>solida</strong></span> <span class='ocrx_word' id='word_1_459' title='bbox 1297 4615 1335 4677; x_wconf 91' lang='lat' dir='ltr'><strong>ad</strong></span> <span class='ocrx_word' id='word_1_460' title='bbox 1357 4615 1557 4695; x_wconf 85' lang='lat' dir='ltr'><strong>sphaericum,</strong></span> <span class='ocrx_word' id='word_1_461' title='bbox 1588 4619 1620 4674; x_wconf 91' lang='grc'><strong>51</strong></span> 
     </span>
     <span class='ocr_line' id='line_1_49' title="bbox 271 4703 1620 4787; baseline -0.002 -22"><span class='ocrx_word' id='word_1_462' title='bbox 271 4705 329 4766; x_wconf 87' lang='lat' dir='ltr'><strong>hoc</strong></span> <span class='ocrx_word' id='word_1_463' title='bbox 350 4705 390 4765; x_wconf 91' lang='lat' dir='ltr'><strong>sit</strong></span> <span class='ocrx_word' id='word_1_464' title='bbox 413 4707 503 4786; x_wconf 70' lang='grc'><strong>15555,</strong></span> <span class='ocrx_word' id='word_1_465' title='bbox 526 4707 553 4766; x_wconf 91' lang='lat' dir='ltr'><strong>si</strong></span> <span class='ocrx_word' id='word_1_466' title='bbox 574 4723 642 4784; x_wconf 91' lang='lat' dir='ltr'><strong>pars</strong></span> <span class='ocrx_word' id='word_1_467' title='bbox 663 4711 763 4787; x_wconf 86' lang='lat' dir='ltr'><strong>aliqua</strong></span> <span class='ocrx_word' id='word_1_468' title='bbox 786 4707 959 4787; x_wconf 82' lang='grc'><strong>5155511555</strong></span> <span class='ocrx_word' id='word_1_469' title='bbox 980 4705 1057 4767; x_wconf 89' lang='grc'><strong>15155</strong></span> <span class='ocrx_word' id='word_1_470' title='bbox 1079 4711 1190 4768; x_wconf 84' lang='lat' dir='ltr'><strong>resecta</strong></span> <span class='ocrx_word' id='word_1_471' title='bbox 1211 4703 1249 4764; x_wconf 93' lang='lat' dir='ltr'><strong>ad</strong></span> <span class='ocrx_word' id='word_1_472' title='bbox 1264 4703 1403 4766; x_wconf 87' lang='lat' dir='ltr'><strong>circulum</strong></span> <span class='ocrx_word' id='word_1_473' title='bbox 1423 4710 1517 4765; x_wconf 91' lang='lat' dir='ltr'><strong>totum</strong></span> <span class='ocrx_word' id='word_1_474' title='bbox 1540 4721 1620 4764; x_wconf 88' lang='lat' dir='ltr'><strong>com·</strong></span> 
     </span>
     <span class='ocr_line' id='line_1_50' title="bbox 274 4791 1620 4876; baseline -0.002 -24"><span class='ocrx_word' id='word_1_475' title='bbox 274 4799 400 4874; x_wconf 89' lang='lat' dir='ltr'><strong>paretur.</strong></span> <span class='ocrx_word' id='word_1_476' title='bbox 431 4792 498 4855; x_wconf 89' lang='lat' dir='ltr'><strong>Hoc</strong></span> <span class='ocrx_word' id='word_1_477' title='bbox 519 4795 546 4854; x_wconf 91' lang='lat' dir='ltr'><strong>si</strong></span> <span class='ocrx_word' id='word_1_478' title='bbox 569 4793 708 4856; x_wconf 87' lang='lat' dir='ltr'><strong>faciamus</strong></span> <span class='ocrx_word' id='word_1_479' title='bbox 730 4795 884 4876; x_wconf 81' lang='lat' dir='ltr'><strong>infigaris</strong></span> <span class='ocrx_word' id='word_1_480' title='bbox 907 4803 936 4857; x_wconf 89' lang='grc'><strong>51</strong></span> <span class='ocrx_word' id='word_1_481' title='bbox 958 4796 1104 4857; x_wconf 82' lang='lat' dir='ltr'><strong>subterreis</strong></span> <span class='ocrx_word' id='word_1_482' title='bbox 1125 4792 1213 4856; x_wconf 90' lang='lat' dir='ltr'><strong>modo</strong></span> <span class='ocrx_word' id='word_1_483' title='bbox 1236 4794 1372 4868; x_wconf 82' lang='lat' dir='ltr'><strong>inventis,</strong></span> <span class='ocrx_word' id='word_1_484' title='bbox 1395 4799 1462 4871; x_wconf 92' lang='lat' dir='ltr'><strong>post</strong></span> <span class='ocrx_word' id='word_1_485' title='bbox 1485 4791 1620 4869; x_wconf 76' lang='lat' dir='ltr'><strong>reJectam</strong></span> 
     </span>
     <span class='ocr_line' id='line_1_51' title="bbox 272 4876 1619 4967; baseline -0.004 -21"><span class='ocrx_word' id='word_1_486' title='bbox 272 4880 465 4966; x_wconf 85' lang='lat' dir='ltr'><strong>infinitatem,</strong></span> <span class='ocrx_word' id='word_1_487' title='bbox 495 4882 568 4944; x_wconf 89' lang='lat' dir='ltr'><strong>talia</strong></span> <span class='ocrx_word' id='word_1_488' title='bbox 589 4881 660 4943; x_wconf 87' lang='lat' dir='ltr'><strong>fient</strong></span> <span class='ocrx_word' id='word_1_489' title='bbox 682 4887 800 4946; x_wconf 89' lang='lat' dir='ltr'><strong>uomina</strong></span> <span class='ocrx_word' id='word_1_490' title='bbox 822 4885 1055 4966; x_wconf 83' lang='lat' dir='ltr'><strong>proportionum:</strong></span> <span class='ocrx_word' id='word_1_491' title='bbox 1089 4877 1122 4967; x_wconf 76' lang='lat' dir='ltr'><strong>¹s,</strong></span> <span class='ocrx_word' id='word_1_492' title='bbox 1151 4876 1196 4964; x_wconf 86' lang='lat' dir='ltr'><strong>(in</strong></span> <span class='ocrx_word' id='word_1_493' title='bbox 1219 4881 1326 4945; x_wconf 88' lang='lat' dir='ltr'><strong>circulo</strong></span> <span class='ocrx_word' id='word_1_494' title='bbox 1348 4882 1426 4944; x_wconf 87' lang='lat' dir='ltr'><strong>enim</strong></span> <span class='ocrx_word' id='word_1_495' title='bbox 1447 4895 1506 4942; x_wconf 88' lang='lat' dir='ltr'><strong>non</strong></span> <span class='ocrx_word' id='word_1_496' title='bbox 1527 4877 1619 4942; x_wconf 84' lang='grc'><strong>115155</strong></span> 
     </span>
    </p>
   </div>
   <div class='ocr_carea' id='block_1_9' title="bbox 0 0 1750 5540">
    <p class='ocr_par' dir='ltr' id='par_1_13' title="bbox 0 0 1750 5540">
     <span class='ocr_line' id='line_1_52' title="bbox 0 0 1750 5540; baseline 0 0"><span class='ocrx_word' id='word_1_497' title='bbox 0 0 1750 5540; x_wconf 95' lang='lat' dir='ltr'><strong> </strong></span> 
     </span>
    </p>
   </div>
  </div>
 </body>
</html>
