3668 5526
751 344 840 403 coeo
856 318 994 402 necem
1476 347 1537 408 ιιι

195 519 302 584 alieuius
318 522 487 589 ιιιιιιιιιιι,
513 528 538 574 et
554 535 588 572 an
605 524 786 574 adnumerum
804 525 1025 574 consonantiarum
1042 523 1080 572 ato
1097 519 1266 572 contimtum·
1278 525 1416 588 sequatur
1433 520 1538 588 ulique,

195 605 259 654 quae
276 593 363 640 insuat
379 594 407 641 iu
424 601 499 642 centu
516 593 641 644 artitciaii
658 595 804 644 naturalia?
1300 615 1304 630 ·
1471 653 1476 660 ,

281 661 321 710 Ad
345 659 389 712 hae
411 665 571 728 quaestiones
597 665 748 729 respondens
772 661 893 713 i'iuddius
917 665 1041 712 consumit
1066 665 1184 724 majorem
1211 667 1307 725 partem
1336 661 1538 723 „replicatieuie“

194 745 253 780 sues
272 729 349 796 (feliis
368 735 401 783 80
419 735 602 801 sequentibus),
617 737 730 787 mamma
746 749 776 784 ex
793 738 865 802 perte
883 733 915 785 ed
933 739 1026 782 veteres
1039 733 1202 798 philosophos
1215 731 1352 796 Platonem,
1372 732 1539 796 Aristotelem,

193 799 375 867 Pythagoram,
397 803 565 864 lamblichum
587 820 633 855 use
655 819 705 854 neu
728 804 761 854 ad
784 804 931 865 scripturam
955 817 1050 854 sacram
1073 807 1099 851 et
1115 803 1248 863 scriptores
1271 801 1444 864 theosophiae!
1463 803 1540 864 rsepi·
1633 822 1636 828 ·

194 871 269 920 ciens.
305 871 346 922 Sic
369 887 394 924 v.
412 887 436 935 g.
456 875 562 930 collecte
584 874 788 938 philosophorum
813 871 881 922 dicta
906 873 939 922 od
963 873 1068 935 primam
1090 873 1260 937 quaestionem
1277 872 1362 920 rsiert:
1390 869 1473 932 Imago
1492 871 1541 921 Dei

194 955 243 990 nou
262 945 300 992 eet
318 956 373 1004 pars
391 943 497 1006 alicujus
515 946 558 1006 rei,
576 949 601 994 at
621 959 678 992 vere
695 945 779 997 enims
796 943 907 992 humana
925 949 964 992 cst
978 945 1062 1004 image
1074 943 1134 991 Dei:
1153 955 1211 1010 erge
1230 955 1280 989 nen
1299 935 1336 990 eet
1353 954 1408 1003 pers
1427 946 1540 990 naturae.

194 1011 233 1059 Ad
252 1013 423 1076 quaestionum
441 1014 584 1065 secundam:
610 1012 684 1076 Quod
707 1028 750 1076 per
769 1018 921 1062 resumtum
939 1027 989 1060 nou
1012 1019 1049 1061 set
1067 1025 1182 1061 numerus
1206 1025 1251 1059 nec
1268 1011 1432 1076 quantitatem
1455 1011 1540 1064 habet.

195 1083 301 1142 figuram
318 1085 511 1146 quantitativum
529 1085 555 1132 in
575 1099 600 1133 se
619 1099 670 1134 nen
689 1085 790 1149 recipit;
809 1088 836 1132 ot
854 1083 937 1130 anima
955 1089 1071 1145 superata
1089 1098 1102 1130 a
1120 1082 1217 1142 legibus
1236 1081 1346 1142 corporis
1368 1093 1418 1129 neu
1438 1087 1478 1136 est
1492 1093 1541 1128 nu-

193 1165 275 1201 merus
293 1166 338 1201 uec
356 1155 521 1218 quantitatem
540 1154 627 1203 habete
646 1167 703 1216 ergo
722 1159 766 1204 ete.
803 1191 809 1203 .
829 1189 836 1204 .
856 1187 862 1202 .
882 1151 928 1201 Eis
942 1153 984 1214 ,its
1001 1165 1028 1201 se
1045 1152 1207 1217 habentibus,
1232 1152 1325 1216 pergit,
1343 1163 1394 1199 neu
1413 1163 1475 1212 epue
1494 1156 1538 1204 est.

193 1221 266 1270 ad‘i·
280 1223 455 1284 quaestionum
473 1226 629 1288 sequentium
648 1222 840 1287 explicationem
857 1222 903 1270 vel
918 1221 1095 1272 retentionem
1118 1233 1231 1282 pergeret
1255 1233 1311 1270 uem
1335 1234 1390 1268 oum
1412 1220 1477 1282 lepis
1494 1218 1541 1268 sli-

194 1295 264 1353 cujus
282 1297 418 1342 structuras
441 1293 568 1354 angularis
586 1295 620 1343 eit
635 1295 748 1349 iuiirrnns
772 1297 816 1342 aut
838 1305 868 1340 ex
887 1289 974 1340 sabulo
993 1293 1137 1353 transitorio
1162 1292 1298 1354 conflatus,
1325 1291 1354 1338 iu
1372 1290 1479 1338 nibilum
1497 1303 1543 1353 per

193 1375 220 1410 se
237 1360 362 1426 liquescat
385 1369 410 1410 et
432 1363 564 1412 reducatur
587 1377 687 1414 neceam
710 1367 749 1412 eet
771 1368 797 1412 et
820 1369 847 1410 ut
864 1367 945 1411 totum
962 1361 1104 1412 sedliicium
1129 1375 1173 1423 per
1196 1374 1223 1409 ee
1249 1358 1322 1408 uuile
1351 1361 1376 1408 vl
1398 1359 1542 1423 impellente

193 1437 293 1480 corruet
319 1445 349 1481 ac
374 1434 400 1480 in
427 1431 535 1482 nihilum
562 1433 693 1495 redigatur,
728 1421 829 1482 Deinde
851 1431 975 1482 riudoiue
1001 1432 1034 1481 ad
1051 1431 1181 1482 reiutauda
1199 1431 1301 1493 liepleri
1319 1430 1444 1479 axiomata
1461 1429 1542 1478 uode·

192 1515 291 1566 quaque
322 1503 418 1564 colligit
449 1504 593 1552 testimonia
623 1509 648 1552 et
673 1517 743 1552 suam
775 1503 856 1566 ipsius
882 1501 1040 1551 hermeniam
1064 1501 1210 1550 defensurus
1238 1499 1434 1550 Monecherdum
1468 1511 1541 1548 auum

193 1571 319 1635 describit,
337 1574 444 1633 eiiigiem
462 1573 572 1634 eiusdem
591 1575 711 1623 exhibens
728 1585 790 1622 saue
807 1574 910 1636 miram,
933 1573 961 1620 in
979 1583 1029 1636 qua
1048 1571 1254 1634 deprehdemus
1272 1583 1323 1620 nen
1341 1575 1439 1618 tautum
1455 1583 1543 1618 nume-

192 1655 233 1692 ιιι
251 1657 369 1698 seuerum
387 1643 585 1694 harmonicorum
604 1649 629 1692 et
646 1644 678 1692 ed
697 1643 804 1693 cherdse
821 1643 944 1691 sectiones
962 1641 1088 1704 adscripta
1103 1643 1176 1691 haecz
1201 1636 1235 1706 0,
1253 1636 1299 1705 D,
1316 1635 1357 1691 E:
1382 1639 1542 1688 literarehiae

194 1725 221 1786 ι,
240 1721 270 1784 ι,
289 1723 319 1784 ι;
336 1721 368 1770 cc
386 1717 426 1772 F:
445 1722 542 1771 coelom
560 1719 795 1784 sucronemne
812 1707 851 1793 ἦ,
874 1715 907 1768 ιι
929 1707 1043 1795 eit,
1067 1719 1099 1768 ec
1122 1716 1151 1771 e:
1182 1717 1228 1791 d,
1250 1717 1282 1765 ιι
1304 1729 1332 1770 e:
1361 1710 1415 1786 Θ,
1449 1717 1484 1766 ιι
1510 1712 1541 1769 ιι

192 1796 236 1880 Q,
260 1806 290 1855 cd
313 1819 338 1860 t:
368 1796 412 1884 Q,
436 1809 535 1862 aduc:
554 1797 612 1884 Q,
636 1811 719 1864 edcc:
737 1810 809 1861 elem.
824 1811 914 1870 ignem
933 1807 966 1856 ad
983 1805 1017 1876 ff:
1036 1809 1124 1874 ciuem,
1143 1806 1177 1855 ad
1195 1819 1266 1860 cccc:
1285 1815 1388 1872 aquom,
1406 1805 1439 1854 ad
1458 1817 1543 1858 ccccc:

190 1893 294 1951 terram;
314 1900 364 1938 uon
383 1889 443 1938 haec
461 1894 559 1938 tuntum
578 1889 794 1956 deprehendimus,
813 1889 857 1940 sed
870 1890 945 1937 etiam
963 1889 1065 1951 iusuper
1082 1887 1115 1936 ad
1126 1887 1278 1951 principium
1299 1886 1404 1936 eberdee
1415 1902 1445 1944 q:
1461 1883 1541 1950 Deus,

191 1957 225 2006 ad
237 1959 312 2006 tinem
329 1974 360 2008 e:
380 1957 456 2019 Deus,
476 1964 501 2008 et
518 1960 553 2008 ad
567 1955 657 2014 c-e:
676 1959 794 2010 Sanctum
806 1963 956 2019 sanctorum,
975 1972 1052 2022 mens,
1071 1958 1145 2022 ratio,
1157 1958 1240 2006 anima
1251 1955 1347 2020 lucida,
1364 1971 1380 2004 a
1392 1969 1541 2010 c·cceccc:

189 2027 237 2076 iux
261 2027 421 2148 qeriquionis
444 2044 490 2082 seu
513 2030 616 2093 spiritus
639 2035 753 2096 sanetus,
779 2045 796 2080 e
818 2025 841 2083 0
848 2042 905 2082 -a
928 2042 1018 2078 novem
1035 2025 1181 2090 augelorum
1200 2025 1298 2076 ordines
1323 2028 1350 2076 in
1369 2027 1437 2076 coeio
1456 2039 1543 2089 empy-

189 2111 233 2146 ιιι
250 2111 296 2148 ee.
315 2111 329 2146 e
355 2135 361 2149 .

278 2202 320 2258 te)
337 2213 396 2264 pag.
414 2205 474 2255 iti.
510 2203 666 2252 Fludclius
691 2203 811 2252 adhaec
836 2201 977 2265 rsepondit:
1003 2197 1084 2266 ilale,
1111 2198 1237 2263 loannes,
1263 2213 1303 2250 ure
1324 2201 1366 2250 hio
1387 2200 1470 2263 capiet
1497 2213 1543 2249 nee

193 2271 296 2335 quidem
315 2271 404 2331 dogma
421 2274 598 2333 geometricum
618 2275 648 2322 de
665 2273 868 2336 proportionibus
886 2271 1183 2322 incommensurabiiibue
1201 2271 1258 2320 ideo
1275 2268 1352 2335 tolio,
1372 2271 1417 2319 aed
1435 2270 1483 2318 boe
1500 2283 1542 2320 ee·

190 2340 320 2390 lummede
342 2343 447 2392 innume
469 2341 570 2410 videor,
595 2344 663 2406 qued
680 2344 799 2406 physice,
825 2343 877 2392 ime
894 2356 953 2391 vero
971 2349 997 2392 st
1013 2341 1188 2390 mathematice
1207 2340 1317 2401 quodem
1334 2346 1447 2402 respectu
1469 2353 1543 2390 earne

190 2409 363 2469 intervalium,
383 2413 524 2474 omnemodi
543 2419 580 2462 est
597 2421 688 2474 mnus,
707 2413 861 2462 ιιιιιιιιιιι
878 2417 940 2478 eto,
958 2413 993 2462 sit
1009 2413 1037 2460 in
1054 2415 1140 2474 partes
1157 2425 1216 2460 snas
1234 2409 1369 2476 divisibile,
1387 2425 1442 2460 cum
1462 2411 1558 2460 omnis·

188 2493 308 2530 mensure
325 2484 454 2531 metuerit
471 2495 515 2545 per
532 2485 659 2550 termines,
676 2484 767 2533 utilis
784 2483 882 2534 numeri
898 2495 942 2544 per
958 2484 1066 2532 unitates
1084 2486 1109 2529 st
1125 2479 1208 2530 lineae
1219 2493 1262 2543 per
1274 2486 1375 2543 puncta.
1411 2484 1484 2530 Anne
1501 2481 1542 2530 bic

191 2549 284 2610 dogma
301 2552 406 2618 aliquod
423 2554 573 2613 geometrice
589 2553 685 2620 refelle,
702 2561 754 2614 eut,
772 2555 795 2602 ai
812 2555 884 2613 tingit
900 2552 1024 2612 Jcannea,
1046 2551 1095 2599 boc
1112 2564 1162 2599 nen
1180 2564 1234 2600 esee
1251 2563 1347 2611 verum,
1365 2556 1441 2612 negat
1457 2551 1542 2610 etiam,

190 2618 335 2684 quamlibet
351 2621 512 2672 monochordi
531 2625 716 2684 proportionem
735 2637 788 2672 sese
805 2625 832 2670 io
850 2627 946 2687 partes,
970 2622 994 2670 b
1012 2637 1034 2671 e.
1052 2622 1080 2669 in
1097 2625 1171 2670 tonos
1189 2626 1215 2670 et
1232 2621 1364 2670 semitonia
1381 2620 1541 2686 divisibilem,

189 2702 248 2738 eum
271 2690 425 2740 diatesseron
449 2705 480 2740 ex
498 2694 513 2740 t
532 2692 686 2755 intervallis,
713 2694 829 2756 diapente
852 2706 884 2740 ex
902 2696 932 2758 t,
958 2697 984 2740 et
1009 2692 1130 2754 diapason
1153 2689 1358 2742 erdhcseercu
1384 2696 1409 2739 et
1426 2691 1543 2753 diepente

190 2765 378 2822 componentur.
415 2761 487 2810 lieno
504 2762 530 2810 iu
548 2760 731 2823 longitudinem
750 2777 793 2812 esu
811 2763 943 2812 intervella
956 2763 1105 2812 divisionem
1116 2765 1255 2822 agnoscunt
1266 2765 1361 2810 veteres
1378 2765 1405 2808 et
1416 2761 1464 2809 hoo
1474 2761 1541 2810 idern

188 2834 297 2878 testetur
314 2832 420 2900 ecula&
437 2833 600 2880 monochordi
618 2835 767 2882 observetie.
804 2829 872 2894 Oape
895 2839 923 2882 tu
941 2845 998 2894 erge
1017 2833 1234 2898 conponantiarmn
1254 2831 1540 2880 incommensurabillta-

188 2905 240 2948 tem
258 2905 302 2949 tue
319 2913 400 2965 ruere,
418 2902 481 2950 mihi
500 2901 622 2964 suiieiet,
640 2903 711 2952 iliam
729 2917 784 2952 meo
802 2903 877 2954 mode
893 2903 1055 2954 intellexiste.

262 3003 321 3070 ’49)
339 3020 397 3069 pag.
417 3009 477 3059 tit.
513 3001 673 3057 iiluddius
691 3009 725 3064 (iu
737 3006 932 3073 Replicatlcne):
952 3005 1048 3056 'lenum
1062 3018 1179 3068 comparo
1192 3005 1310 3066 trienguii
1326 2993 1407 3054 unos
1425 3003 1541 3070 dicoque,

195 3073 263 3138 quoe
282 3081 310 3124 nt
327 3076 353 3124 in
372 3077 459 3137 figuris
476 3077 676 3140 multiplicantur
694 3079 783 3140 latera,
810 3079 846 3126 sic
863 3078 889 3125 in
909 3075 1078 3125 consonantiis
1096 3076 1150 3123 toni
1168 3081 1349 3126 coacervantur.
1386 3074 1458 3122 hune
1480 3067 1542 3124 heac

171 3149 247 3196 eunt
267 3145 382 3194 tenebrae
401 3145 557 3212 (timuerim,
577 3161 640 3208 quae
658 3147 769 3196 Jeannes
786 3147 901 3196 iutimers
919 3147 1025 3204 videtur,
1044 3152 1069 3193 ot
1081 3151 1162 3194 temen
1182 3147 1236 3208 elus
1254 3151 1331 3210 atque
1350 3147 1461 3194 emulum
1479 3146 1541 3194 elie·

187 3229 244 3262 rum
263 3218 479 3266 consonantiarum
499 3224 580 3266 ertum
600 3219 752 3272 exsectione
771 3217 878 3278 chordas
889 3213 982 3276 circuli,
1001 3230 1045 3278 per
1057 3217 1149 3276 torres
1168 3215 1242 3279 iacta,
1261 3215 1355 3265 scribit.
1392 3213 1539 3278 Respondse

187 3299 243 3344 ege,
262 3282 331 3348 qued
349 3287 457 3349 quedam
477 3283 669 3348 comparationis
687 3292 801 3351 respectu
819 3291 892 3336 tonos
911 3285 941 3334 ed
959 3283 1077 3347 trianguli
1095 3286 1177 3334 lmese
1191 3285 1364 3350 applicuerim,
1383 3291 1411 3335 ut
1428 3299 1477 3334 non
1497 3287 1539 3349 qui

188 3368 230 3404 soe
248 3355 279 3404 eb
297 3355 388 3405 iisdem
405 3354 526 3406 luteribus
540 3359 694 3420 originaliter
712 3359 855 3422 proveniret
871 3357 1047 3406 existimarem.

273 3457 318 3524 to)
336 3473 391 3522 peg.
410 3464 469 3511 cte.
507 3461 545 3510 hd
569 3461 629 3512 haee
655 3465 680 3510 ot
704 3475 770 3524 quas
792 3465 930 3520 sequuntur
956 3461 1040 3508 emula
1063 3459 1138 3519 lituus
1157 3459 1328 3520 ,mucescit
1349 3456 1416 3508 'haec
1441 3465 1539 3513 tentum

186 3529 316 3590 respoudit
333 3531 360 3580 in
380 3531 581 3593 „Rapitestiene‘t
602 3529 738 3583 Floddios:
758 3527 821 3578 Tum
840 3534 926 3591 postea
944 3529 1083 3578 conclamet
1102 3542 1143 3577 ere
1162 3534 1260 3590 aperto:
1284 3543 1298 3576 ι
1318 3529 1477 3594 Geometras,
1495 3544 1539 3578 ac·

186 3603 273 3648 curate
289 3601 419 3664 inquirite,
437 3602 459 3650 si
478 3602 535 3662 quie
553 3616 566 3649 e
586 3605 668 3650 vestm
685 3613 788 3650 numere
807 3600 848 3663 sit,
868 3600 913 3661 qui
930 3598 1118 3660 praecedentem
1130 3590 1233 3647 liuberti
1252 3599 1389 3648 oraticnem
1407 3599 1540 3660 intelliget.

174 3668 269 3730 ,Patet
287 3669 385 3719 minore
401 3671 534 3720 intervella
552 3684 606 3720 esse
624 3670 755 3732 simplicia.
791 3669 845 3718 ime
863 3682 921 3716 vero
940 3682 1016 3722 ausus
1034 3673 1073 3716 set
1084 3668 1215 3718 Geometra
1233 3669 1357 3732 quispiam
1376 3669 1540 3720 eumleeuoe

186 3739 317 3800 sustinere,
335 3740 404 3804 qued
421 3744 503 3802 partes
521 3753 571 3789 non
589 3740 643 3788 slot
656 3739 736 3798 magia
754 3739 890 3800 simplices.
911 3752 985 3800 quum
998 3750 1028 3787 ex
1039 3739 1072 3788 iit
1086 3739 1267 3802 compositum?
1304 3737 1379 3800 Quod
1392 3751 1449 3788 vero
1461 3753 1538 3788 sertus

186 3809 221 3858 eit
237 3807 377 3871 simplicior
393 3824 468 3872 quam
486 3811 649 3858 consenantia
667 3809 915 3874 diatesseron„cum
933 3807 982 3876 illa
996 3821 1027 3856 ex
1046 3807 1142 3858 dnobus
1160 3809 1227 3858 tonis
1250 3821 1306 3862 cum
1325 3809 1458 3858 semitonio
1477 3824 1541 3860 oon-

186 3881 243 3943 etet
261 3885 307 3928 aut
324 3879 440 3942 dispente
458 3893 534 3943 quarn
553 3880 682 3942 diapason,
701 3892 763 3940 quae
782 3879 901 3928 condetur
914 3892 943 3926 er
957 3878 1108 3928 diatesseron
1122 3883 1148 3928 et
1160 3877 1284 3942 diapente,
1303 3880 1437 3946 neminem,
1456 3878 1538 3938 crede,

185 3954 230 3996 eut
246 3948 422 4011 philosophIae
439 3954 484 3998 aut
500 3949 651 4010 geometriae
668 3949 777 4012 peritum
795 3949 878 3998 latere.

273 4019 303 4067 Iu
322 4011 436 4082 sequenti
455 4018 568 4068 clausula
585 4019 659 4067 video
677 4019 802 4068 Jeauuem
819 4021 857 4068 ira
875 4018 1103 4083 ercmrdeseentem,
1122 4031 1206 4083 quare,
1226 4018 1305 4068 deoee
1320 4019 1474 4081 refrigerium
1492 4033 1538 4082 pa-

185 4090 271 4151 tiatur,
291 4089 353 4138 mihi
371 4087 499 4140 silentium
518 4091 657 4153 imperem,
683 4089 742 4138 dum
759 4091 841 4152 ipsum
860 4089 956 4137 interca
980 4089 1012 4137 ab
1032 4093 1175 4150 exspectate
1199 4089 1320 4140 victoriae
1338 4105 1396 4140 suae
1419 4089 1538 4150 trophaeo

186 4163 236 4207 um
255 4163 375 4226 cornetum
394 4159 476 4208 adhuc
493 4159 587 4223 sentio,
612 4173 687 4224 quum
705 4173 750 4221 ege
775 4174 789 4208 e
811 4159 942 4208 verberum
965 4159 1045 4222 ipsine
1072 4159 1160 4206 timere
1186 4159 1348 4210 iuuencussus
1372 4171 1456 4208 secure
1475 4160 1538 4208 hue-

186 4243 265 4294 usque
283 4229 396 4292 persiste.

272 4330 319 4399 tl)
336 4345 394 4395 pag.
413 4335 472 4382 tlt.
509 4331 667 4382 ursocius
685 4329 722 4396 (in
738 4331 883 4397 Discursulc
902 4332 957 4380 Non
975 4333 1023 4380 erit
1040 4331 1087 4380 hee
1104 4332 1168 4382 mitri
1186 4330 1314 4394 dedecori,
1331 4347 1386 4382 cum
1404 4336 1460 4396 ipsc
1478 4335 1537 4384 Pte·

185 4404 288 4468 lenaeo,
307 4404 361 4452 viro
379 4409 432 4452 tam
450 4403 596 4469 eianasime,
614 4403 640 4450 in
659 4401 765 4452 eundem
783 4415 890 4450 errorem
907 4401 1041 4467 incidisse,
1063 4401 1106 4450 sed
1124 4403 1209 4464 potius
1226 4403 1254 4452 in
1271 4402 1389 4452 honorem
1407 4409 1537 4454 converte·

186 4481 233 4539 tur,
252 4487 293 4522 ms
310 4472 407 4538 aliquid
424 4471 580 4523 simiis'cum
598 4471 739 4522 Ptolemaeo
758 4473 889 4532 cogitasse.
923 4471 1044 4536 Ponetur,
1065 4471 1135 4536 qnod
1152 4475 1205 4522 siut
1222 4473 1284 4520 meri
1302 4473 1458 4532 symboltemi
1475 4477 1537 4537 peti-

185 4545 243 4606 tici,
270 4557 388 4606 negem
405 4548 489 4593 tamen
506 4557 621 4608 prorsus,
649 4555 694 4591 nes
712 4557 728 4590 a
745 4542 949 4603 philosophorum
972 4543 1059 4592 limine
1082 4542 1139 4591 ideo
1157 4544 1293 4590 aberrasse.
1329 4541 1393 4590 liam
1411 4551 1536 4606 quantum

187 4615 291 4680 quidem
309 4616 419 4675 mysterii
436 4615 464 4663 iu
482 4614 643 4676 philosophia
660 4609 773 4672 symbola
785 4611 887 4675 Orphei,
905 4611 1007 4661 Homeri
1018 4618 1062 4662 ete,
1082 4613 1109 4660 iu
1127 4625 1153 4660 se
1172 4609 1391 4674 comprehendant,
1411 4619 1537 4664 auctorem

185 4683 263 4733 latere
281 4684 362 4733 video.
399 4685 446 4734 Sed
466 4689 494 4732 ut
519 4683 552 4732 ad
571 4684 698 4745 propriam
717 4685 771 4743 ejus
790 4681 927 4730 doctrinam
951 4682 1109 4744 accedamus,
1137 4693 1220 4728 nenne
1243 4679 1343 4729 inorruit
1361 4695 1464 4744 corpora
1483 4687 1536 4745 ejus

186 4755 322 4816 regularia,
349 4767 415 4818 quae
432 4755 471 4804 sui
489 4755 572 4816 operis
589 4751 725 4800 harmonici
743 4751 907 4800 tundameuta
923 4753 1026 4815 statuit,
1050 4763 1117 4800 men
1135 4747 1261 4812 symbola,
1283 4763 1350 4814 quae
1366 4752 1421 4813 ipse
1439 4752 1534 4812 Pytha·

185 4837 261 4888 goras
277 4822 452 4888 philmcpbiee
469 4837 542 4874 veras
558 4822 698 4888 deptavtt,
716 4821 776 4876 inde
792 4822 913 4884 usuaria
929 4821 1044 4882 ingenua
1062 4821 1093 4872 de
1111 4817 1289 4872 sicomorum
1305 4822 1484 4874 uomentem
1500 4823 1535 4874 ab
