3564 5540
612 369 792 432 semones.
824 371 908 434 usne
924 373 972 432 ιιι.
996 377 1083 450 eaput
1100 374 1132 434 c.
1470 368 1546 450 'tce

193 559 312 629 nemos,
336 561 396 615 tam
420 550 613 637 15Ικωᾳιιιιιι
637 549 709 638 nl„
730 555 917 616 intervallum
941 551 978 638 is,
1001 555 1234 634 deprehenditur.
1279 557 1377 638 Quare
1403 578 1468 622 cum
1490 580 1547 622 na-

194 651 261 703 ture
282 659 337 701 uos
360 641 490 704 docuerit
513 651 650 720 coaptare
673 643 727 702 hoe
749 659 896 716 uumerus,
921 644 959 704 ob
982 647 1142 706 sectionem
1164 647 1264 708 circuli
1286 666 1339 725 per
1360 649 1470 727 ligurus
1493 651 1547 710 de·

193 728 416 804 monstrabiles,
447 739 553 791 nature
574 734 663 808 igitur
685 729 744 789 duo
774 731 930 791 intervalla
951 733 1148 808 sesquitertia,
1180 737 1249 794 certi
1272 738 1346 796 silus
1377 740 1451 797 iuter
1472 736 1547 798 duos

191 819 333 880 terminos
368 819 564 896 proportionis
593 817 716 896 duplee,
745 827 811 888 ectu
837 820 902 895 ipso
933 821 1094 878 sectionum
1125 819 1225 881 divlsit
1254 823 1283 880 in
1312 807 1371 884 trie
1392 825 1547 885 intervallo

191 905 337 983 perlecta,
369 907 526 981 concinna,
555 916 655 966 tonum
683 904 838 981 majorem,
870 914 971 966 tonum
993 909 1134 967 minorem
1161 915 1191 968 et
1213 911 1407 971 semitonium.
1454 911 1545 990 Atqui

192 995 280 1053 trium
313 992 536 1054 intervallorum
564 996 767 1070 contiguorum
798 1001 914 1070 oportet
942 1010 1007 1055 esee
1037 993 1119 1054 locos
1151 1010 1205 1055 sen
1226 1014 1315 1058 voces
1345 1016 1397 1060 seu
1421 999 1545 1060 chordae

192 1090 328 1158 quatuor.
372 1079 450 1142 Hinc
479 1083 567 1158 igitur
595 1079 782 1141 intervallum
805 1083 1020 1158 sesquitertium
1049 1082 1106 1143 dici
1135 1085 1233 1162 coepit
1262 1093 1381 1162 quarte,
1403 1087 1546 1148 subaudi:

192 1177 298 1246 quarta
320 1185 380 1228 vox
402 1188 421 1230 a
441 1171 536 1247 prima
558 1187 610 1228 eeu
634 1170 783 1245 superiore
805 1186 859 1230 seu
882 1171 1024 1230 interiore.
1069 1169 1181 1232 Eadem
1202 1172 1238 1232 dc
1255 1189 1344 1233 causa
1361 1173 1467 1236 Graeci
1490 1193 1547 1253 ap·

189 1255 304 1334 pellent
327 1255 384 1317 hoc
405 1255 592 1318 intervallum
615 1261 663 1318 ora
685 1277 855 1336 senocpne,
883 1255 965 1335 quod
993 1256 1092 1318 latinis
1122 1261 1210 1320 etiem
1231 1258 1324 1320 literis
1346 1263 1544 1339 exprimimus,

191 1345 303 1405 usitato
324 1344 412 1404 modo
434 1345 606 1406 sciribentes
630 1344 821 1405 diatessaron.

279 1431 419 1509 Sequitur
441 1435 538 1510 igitur,
560 1441 594 1490 ut
613 1434 683 1510 quia
697 1430 883 1492 intervallum
904 1431 1129 1509 sesquialterum
1152 1433 1324 1511 superaddit
1338 1442 1441 1496 tonum
1456 1453 1546 1498 unum

192 1519 355 1594 perlectum
385 1521 507 1598 (quippe
538 1518 701 1580 differentia
730 1521 805 1580 iuter
834 1516 875 1600 ll,
904 1528 934 1579 et
957 1517 1000 1602 ⁸),
1029 1520 1082 1579 luit
1103 1515 1174 1604 Ἃ),
1197 1539 1234 1582 ex
1255 1521 1313 1583 hoc
1340 1525 1405 1602 ipso
1434 1523 1547 1584 dicatur

191 1609 303 1682 quinta,
326 1625 395 1680 seu,
422 1623 546 1685 graecae
567 1609 818 1686 pronunciationis
841 1609 1012 1682 imitatione,
1036 1606 1192 1686 diapente3
1214 1612 1439 1686 nonobstante,
1463 1611 1543 1690 quod

190 1702 261 1756 actu
283 1698 347 1772 ipso
370 1697 400 1754 in
423 1694 545 1756 totidem
567 1698 711 1757 concinna
732 1693 828 1754 divisa
857 1712 915 1754 nou
937 1705 1006 1754 eunt
1036 1712 1087 1771 per
1116 1699 1263 1758 sectiones
1285 1708 1399 1760 nostras
1427 1699 1544 1760 hermo·

190 1784 274 1844 nicss
297 1783 453 1844 intervella
474 1784 685 1862 sesquialtera,
715 1800 808 1860 eaque
832 1781 867 1841 de
891 1799 981 1842 ceusu
1003 1801 1139 1846 uuurerue
1162 1802 1237 1846 unua
1260 1785 1298 1846 ud
1321 1787 1398 1848 hauc
1420 1785 1544 1848 diruto-

190 1887 257 1930 uem
279 1871 441 1948 plenariam
462 1874 643 1932 neccesarius
666 1869 763 1931 adlruc
785 1869 870 1930 nobie
894 1869 985 1943 deait,
1006 1888 1095 1947 quem
1117 1872 1263 1934 delectum
1276 1873 1358 1935 Deus
1374 1877 1437 1952 ipse
1460 1891 1544 1936 mee·

191 1967 237 2017 tur
260 1960 289 2017 in
312 1958 498 2036 planetarum
519 1959 649 2020 motibus
672 1961 829 2034 expressit,
853 1965 886 2016 ut
907 1956 982 2018 libro
1006 1961 1108 2035 quinto
1132 1960 1296 2022 audiemus.

276 2045 385 2122 Porro,
416 2049 485 2124 quia
513 2049 556 2107 sic
585 2048 673 2106 etiem
704 2055 763 2106 tam
792 2041 833 2126 Ὗς
862 2062 951 2122 quam
975 2041 1013 2126 ll,
1043 2047 1242 2124 superaddunt
1269 2048 1478 2126 sesquialterae
1501 2045 1543 2132 ἢ,

191 2151 280 2193 unum
303 2151 340 2194 ex
357 2133 422 2210 iem
444 2133 532 2216 dictis
553 2133 713 2208 elementis,
737 2130 808 2192 illud
823 2132 941 2208 quidem
954 2134 1141 2194 semitonium
1163 2131 1244 2218 ¹³t„,
1266 2135 1323 2197 hoc
1346 2153 1417 2198 vero
1440 2145 1543 2198 tonum

188 2223 331 2282 minorem
353 2215 421 2306 ⁹}„,
445 2239 480 2282 cx
502 2221 559 2282 hoc
581 2221 767 2300 appellantur
787 2229 906 2295 sextae,
929 2217 1002 2279 illud
1025 2219 1145 2297 quidem
1166 2221 1273 2300 maior,
1296 2223 1352 2284 hnc
1373 2226 1478 2286 mluor.

433 2380 580 2457 Diepeute
811 2379 1003 2440 Dlateeeuron
1257 2379 1375 2442 Diahex

277 2979 425 3056 Vicissim,
449 2984 520 3059 quia
549 2987 609 3040 tem
631 2976 671 3062 ⁴l,
694 2997 782 3057 quern
804 2975 847 3064 ls,
869 2977 989 3040 demunt
1018 2977 1055 3040 de
1084 2979 1270 3057 sesquitertia
1301 2998 1390 3041 unum
1419 2999 1455 3043 cx
1478 2981 1542 3059 jum

192 3071 276 3132 dictis
309 3071 477 3144 elementis,
514 3069 586 3130 illud
619 3067 738 3146 quidem
773 3071 959 3129 semitonium
996 3061 1080 3150 ¹⁵lffi,
1115 3065 1172 3127 hoc
1208 3085 1277 3128 vcro
1312 3075 1414 3130 tonrrm
1437 3073 1542 3132 'mino-

190 3175 249 3220 rem
273 3153 343 3245 ”sm
366 3166 400 3218 ut
422 3166 571 3218 ostensum
601 3166 646 3216 eet
669 3157 764 3233 eapite
787 3155 989 3234 praecedeuti,
1018 3163 1129 3215 restant
1151 3156 1241 3232 igitur
1268 3156 1304 3214 iis
1329 3157 1400 3216 bina
1429 3158 1541 3217 solum·
1627 3165 1633 3178 “

190 3245 279 3306 modo
301 3263 337 3308 ex
360 3246 511 3307 clementis
534 3245 698 3316 concinnis,
731 3243 772 3302 illi
797 3243 915 3321 quidem
937 3243 1015 3315 toni,
1045 3243 1139 3320 msj0r
1170 3250 1200 3301 et
1222 3245 1330 3318 minor,
1362 3243 1431 3305 huic
1453 3253 1539 3306 tonus

191 3335 284 3412 meJor
306 3341 336 3394 et
349 3335 544 3394 semitonium.
590 3331 633 3391 Ex
655 3331 712 3390 hoc
735 3331 856 3410 quidam
879 3321 1035 3390 interr'alle
1057 3330 1131 3390 llaec
1159 3329 1311 3410 appellunt
1333 3348 1407 3391 voce
1433 3349 1539 3410 greeen

191 3421 315 3496 ditonus,
345 3423 485 3499 majorem
514 3427 544 3480 et
570 3421 711 3479 minorem
736 3419 785 3479 vel
814 3419 1037 3489 semiditonum,
1072 3433 1193 3488 cumque
1217 3417 1274 3476 duo
1304 3417 1459 3479 intervella
1482 3429 1539 3480 tres

191 3514 337 3586 requirant
359 3513 497 3571 terminos
520 3524 572 3568 seu
596 3523 693 3578 uoces,
717 3505 784 3567 ideo
807 3505 942 3567 dicuntur
965 3507 1082 3579 tertiae,
1109 3505 1204 3581 major
1225 3513 1254 3564 et
1276 3508 1379 3566 minor.
1425 3505 1462 3566 Et
1485 3507 1541 3567 lro·

190 3615 253 3658 rum
275 3597 493 3658 intervallorum
519 3613 572 3673 per
599 3597 745 3655 sectiones
772 3593 899 3655 chordae
926 3592 1074 3652 naturales
1103 3594 1326 3653 constitutorum
1349 3599 1445 3654 cetere
1473 3597 1541 3671 qni·

147 3731 154 3738 .
190 3684 256 3746 dem
278 3693 346 3746 actu
369 3687 414 3745 sic
434 3683 532 3744 divisa
554 3690 640 3762 sunt,
662 3691 693 3744 et
716 3698 882 3761 supremum
906 3687 935 3741 et
957 3682 1047 3740 imum
1061 3686 1128 3740 actu
1152 3679 1279 3741 divisum
1295 3688 1340 3742 cet
1362 3679 1540 3760 nondum)

273 4164 399 4225 Etcum
427 4162 613 4224 harmonicae
638 4159 675 4242 ll,
698 4168 727 4222 et
750 4157 789 4243 Ἰὁ
811 4164 870 4222 sint
891 4180 927 4222 ex
949 4169 1133 4239 pentagono,
1163 4159 1248 4236 cujus
1278 4158 1357 4219 lutus
1379 4158 1536 4234 luelleblle,

185 4249 239 4313 sed
262 4258 292 4313 et
312 4246 351 4332 ‘ss
373 4260 403 4312 et
424 4246 463 4332 θλ,
484 4253 628 4312 misceant
649 4248 761 4326 aliquid
783 4247 820 4310 de
842 4257 948 4310 ueturu
969 4250 1142 4328 pentagoni,
1166 4247 1234 4308 irinc
1248 4245 1280 4305 fit
1302 4253 1335 4306 ut
1358 4247 1427 4324 biga
1456 4255 1538 4309 utre·
1650 4320 1654 4328 Ι

187 4356 245 4416 que
268 4339 307 4399 sit
329 4338 549 4417 imperfectioris
572 4339 796 4411 consonantiae,
820 4353 911 4414 quoe,
936 4353 995 4414 quo
1018 4339 1112 4396 minor
1127 4343 1179 4408 est,
1202 4334 1260 4394 hoc
1274 4331 1390 4394 mollior
1404 4342 1434 4395 et
1448 4333 1537 4396 blen-

186 4427 250 4486 dior
278 4429 399 4489 curibus
420 4426 541 4502 accidit3
570 4427 664 4485 minor
694 4441 764 4485 reru
787 4433 832 4485 est
853 4427 882 4483 in
898 4419 948 4508 ll,
970 4431 1000 4486 ot
1021 4420 1075 4505 δίε,
1103 4425 1175 4498 quie
1203 4429 1297 4481 totum
1319 4421 1459 4484 circulum
1487 4421 1537 4484 rel

185 4513 280 4592 figrrre
310 4515 473 4595 perfectiori
501 4512 537 4596 (e.
567 4513 738 4590 hexagona,
773 4513 857 4588 cnjus
883 4511 962 4570 letne
990 4519 1035 4571 eet
1064 4509 1180 4570 edablle
1208 4507 1402 4586 longitudine)
1430 4510 1480 4571 rel
1508 4511 1538 4570 iu

183 4613 284 4680 portes
306 4603 504 4681 proportionis
525 4603 662 4662 continue
685 4597 793 4677 duplae
814 4599 902 4680 (quse
924 4597 1054 4660 ideutlca
1068 4593 1124 4677 est)
1146 4614 1188 4658 sc.
1211 4598 1274 4657 in6
1298 4598 1362 4658 ct8
1384 4597 1537 4674 dlriduut3

264 4831 291 4876 *t
305 4829 421 4872 Gellianus
435 4828 506 4871 ditent
520 4839 576 4872 rece
590 4829 662 4870 utitur
675 4828 702 4870 ad
717 4825 887 4878 etpnldcaednm
899 4823 961 4867 eliud
975 4823 1088 4877 quippiam
1102 4831 1130 4866 ιι
1144 4823 1263 4865 veturius
1275 4823 1374 4872 musica,
1388 4821 1447 4874 qued
1461 4819 1537 4865 differi

185 4884 291 4934 stertis,
306 4883 391 4936 wore
404 4886 550 4925 concurrente.
577 4881 635 4924 vlt·
648 4893 697 4934 cap.
712 4880 743 4925 l'L
