3732 5528
833 331 973 402 Apologia.
1021 349 1029 390 r
1334 329 1341 339 “
1510 335 1571 398 tac
1608 403 1614 412 x

233 509 316 570 litata
338 525 426 588 agere
448 510 659 589 interpretem?
701 511 738 571 m
767 509 896 588 paudere
919 517 948 570 tc
979 511 1118 589 mysteria
1148 509 1330 588 dicereris,
1363 519 1392 572 ct
1414 511 1445 570 id
1475 517 1573 572 tamon

235 599 331 658 lacere
355 609 441 660 caute
462 616 514 676 per
536 603 712 678 aenigmata,
736 600 842 675 quibus
865 606 1016 658 arceantur
1031 601 1197 658 oscitantes.
1241 597 1325 660 Haec
1337 601 1439 676 utique
1460 600 1574 660 sincera

233 693 278 746 eat
308 688 620 768 oratic-mysticorum
653 690 803 764 omnium3
820 686 911 758 ,hanc
940 685 1046 759 laudo,
1077 685 1175 763 quoad
1197 693 1305 760 cetera,
1328 687 1357 744 in
1387 686 1572 759 harmonicis,

233 773 388 851 disciplina
408 775 634 855 mathematica,
663 791 723 834 uon
744 775 864 851 recipio.
909 773 970 848 Tu,
998 775 1023 834 si
1050 774 1148 850 placet
1175 778 1474 850 interpretamentum,
1503 791 1575 834 cau·

232 879 295 922 aem
319 860 426 937 dicito,
451 881 501 922 cur
523 865 614 939 igitur
635 861 706 922 mihi
729 879 919 934 succenseas,
948 861 1066 922 modam
1088 861 1233 922 scribendi
1260 879 1312 939 pcr
1333 865 1499 939 aenigmata
1520 862 1575 921 tibi

232 949 394 1009 tribuenti?
412 969 419 1001 r
440 948 507 1024 Qua
530 969 561 1012 rc
585 958 698 1012 tantum
722 951 942 1027 opprobriorum
964 951 1139 1022 commerui,
1153 956 1196 1008 ,ut
1217 952 1338 1008 amiam
1360 967 1406 1010 ma
1429 951 1574 1010 communi

233 1053 301 1096 oum
326 1044 388 1096 arte
411 1039 477 1113 ipsa
499 1038 639 1116 epitheto,
661 1046 694 1098 ut
716 1036 889 1115 Mysterium
911 1054 1008 1096 meum
1032 1037 1309 1115 Cosmographicum
1331 1053 1437 1098 acmen
1459 1040 1521 1098 sine
1543 1055 1574 1097 re

232 1123 405 1200 appellares,
429 1132 462 1184 ut
483 1134 660 1187 secretorum
683 1128 876 1200 ignorantium
899 1125 1098 1203 exprobrares,
1120 1125 1303 1186 intellectum
1323 1126 1399 1184 milri
1419 1128 1575 1202 imopirra·

230 1214 314 1270 rium
336 1220 364 1270 et
385 1212 481 1272 iucem
511 1214 557 1273 iiii
575 1216 808 1289 praeruptorum
829 1214 996 1284 tribueres,
1019 1214 1178 1272 vanitatem
1208 1212 1376 1288 objiceres?
1420 1212 1516 1273 Velim
1545 1219 1574 1272 tc

232 1300 370 1376 respicies
401 1301 602 1378 inposterum
632 1299 817 1378 diligentius,
846 1318 882 1360 ue
906 1307 974 1360 tuac
997 1303 1089 1376 ipsius
1112 1301 1307 1360 aestimationi
1340 1316 1456 1360 noceas.
1499 1300 1574 1360 Nam
1617 1313 1621 1328 ·

233 1400 280 1447 nte
304 1385 383 1462 quod
406 1389 521 1462 attinet,
543 1389 614 1448 mihi
636 1405 732 1463 aeque
754 1387 953 1448 recantatione
976 1397 1028 1448 tua
1049 1403 1145 1463 usquc
1161 1389 1305 1449 corbaria
1318 1387 1487 1449 laudatione
1501 1405 1575 1466 opus

232 1482 285 1545 est,
308 1491 405 1549 neque
427 1475 537 1536 efficies
559 1476 616 1536 hac
637 1478 872 1554 importunitate,
896 1481 929 1533 ut
951 1473 1108 1536 detractem
1130 1483 1227 1536 tecum
1250 1475 1381 1551 velitari,
1405 1477 1521 1553 quotics
1544 1474 1574 1534 id

232 1564 295 1622 siue
317 1579 383 1621 meo
405 1571 504 1622 sumta
527 1571 557 1623 et
579 1581 645 1624 cum
668 1563 769 1640 aliquo
791 1564 909 1624 lectoris
931 1565 1062 1638 proiectu
1084 1558 1250 1639 potero.⁴-⁶)

323 1648 471 1725 Quartum
496 1668 572 1710 nuuc
594 1669 646 1729 per
668 1652 764 1712 Deum
787 1651 980 1712 immortalem
1001 1651 1068 1711 bilis
1091 1653 1120 1708 iu
1143 1651 1272 1712 membro
1289 1650 1444 1728 analyaeos
1466 1649 1569 1710 altero!

234 1737 307 1796 Gom
331 1754 386 1812 ego
410 1737 565 1815 chymiam,
590 1757 655 1799 cum
678 1739 824 1800 Hcrmctis
848 1747 877 1798 et
899 1739 1046 1800 Paracslsi
1071 1737 1232 1800 doctrinam
1254 1755 1293 1798 na
1314 1737 1435 1800 verbulo
1458 1737 1575 1814 quidem
1603 1730 1610 1742 ‘

231 1826 418 1902 pepegerim,
449 1828 506 1886 nisi
529 1826 690 1902 quadram
714 1827 849 1886 omnibus
872 1829 1053 1887 notissimam
1077 1844 1177 1898 narro,
1193 1827 1362 1905 ,obscuram
1388 1833 1418 1891 et
1439 1827 1576 1888 tenebro-

231 1931 294 1972 sam
316 1929 389 1986 esse,
413 1931 479 1972 cum
502 1916 626 1974 titulum
648 1916 812 1974 Hermetiei
832 1933 887 1974 rtec
909 1913 977 1976 odii
992 1932 1047 1974 nee
1069 1914 1195 1975 hrdibrii
1217 1931 1311 1974 musa
1332 1915 1499 1985 nibuerim,
1523 1912 1576 1974 scd

231 2009 264 2058 ut
286 2001 484 2060 nominatione
507 2009 604 2061 sectae
627 2019 736 2062 morem
759 2000 1000 2078 philosophandi,
1034 2019 1121 2078 quem
1151 2004 1180 2060 in
1203 2009 1255 2062 tua
1281 2001 1356 2062 libro
1387 2001 1573 2078 deprehendi,

232 2085 389 2148 lectoribus
410 2089 514 2159 tuturis
542 2088 735 2150 describerem
758 2089 951 2162 evidentius„
971 2105 1036 2150 cum
1064 2089 1314 2166 haudquaquam
1344 2089 1493 2150 dedecoris
1521 2095 1578 2148 aut
1630 2095 1634 2102 '

231 2177 381 2252 infamiae
402 2179 436 2234 in
454 2183 547 2251 parte
565 2181 729 2253 punierim,
754 2179 903 2236 Herrnetia
924 2193 983 2237 eree
1003 2177 1196 2252 dicipulum,
1219 2195 1285 2238 cum
1306 2194 1360 2236 nec
1377 2177 1502 2256 oderim,
1524 2193 1578 2236 aee

232 2262 444 2322 damnaverim
471 2281 527 2322 nec
544 2281 605 2340 pro
626 2265 722 2324 nihilo
748 2265 908 2325 habuerim
931 2263 1007 2324 hanc
1030 2265 1216 2340 facultatem,
1240 2275 1272 2327 tu
1300 2272 1480 2331 tamencum
1502 2281 1577 2340 pan-

233 2349 312 2427 oplia
342 2352 371 2408 ia
394 2368 441 2410 me
469 2355 637 2429 consurgis,
671 2351 814 2412 mathesin
837 2352 1117 2430 mathematicasque
1141 2369 1240 2414 omues
1265 2355 1297 2412 in
1319 2359 1463 2414 certamen
1487 2367 1589 2412 vocas*

233 2455 298 2498 sam
321 2438 437 2514 chymia
459 2455 582 2515 cumque
605 2439 753 2506 Hermaia.
798 2440 919 2499 Frustra
941 2439 1069 2516 quidem,
1093 2449 1234 2516 quantum
1255 2440 1294 2502 ad
1309 2457 1372 2516 me;
1395 2457 1463 2500 uam
1483 2440 1578 2500 lecto-

232 2543 278 2586 rcs
301 2524 448 2596 adhortor,
473 2525 572 2602 legant
594 2529 815 2604 pensitantque,
839 2543 917 2604 quae
939 2533 971 2588 tu
994 2528 1051 2587 hoc
1073 2527 1139 2588 loco
1161 2529 1301 2606 scripsisti
1324 2527 1458 2606 chymiac
1480 2529 1578 2588 aucia-

232 2629 354 2689 rumque
378 2613 597 2690 disciplinarum
618 2617 768 2693 ipsiusque
790 2614 937 2690 Hermetis
960 2618 1108 2690 encomia3
1132 2618 1208 2676 circa
1222 2616 1366 2676 mathesin
1381 2633 1453 2676 vero
1468 2623 1498 2676 st
1512 2632 1578 2676 curn

232 2717 339 2760 vanum
361 2703 568 2776 geometriam,
600 2721 666 2761 cum
688 2709 819 2762 motuum
852 2704 1000 2764 stellarum
1023 2705 1242 2780 inquisitionem
1256 2698 1258 2718 ¹
1272 2704 1487 2780 phantasticam
1509 2719 1578 2781 pro·

233 2787 351 2861 clamas,
375 2806 412 2849 ne
435 2795 463 2848 te
486 2789 617 2863 audiant,
641 2792 697 2849 uiei
720 2807 785 2850 cum
808 2797 866 2850 ista
887 2792 992 2850 scribis
1015 2791 1050 2850 de
1074 2793 1153 2849 omni
1176 2793 1348 2853 temeritate.
1395 2791 1481 2850 Nam
1500 2809 1579 2867 quae

232 2878 334 2950 major
356 2883 399 2936 ert
419 2877 557 2938 deliratio
579 2896 616 2938 ac
638 2877 778 2939 vecordia
801 2873 883 2959 (utor
906 2895 973 2940 ecce
996 2879 1093 2939 verbis
1109 2875 1193 2961 tuis),
1218 2896 1404 2955 quamearn
1426 2878 1580 2938 damnare

232 2971 260 3024 et
277 2981 338 3039 pro
358 2964 454 3024 nihilo
475 2965 582 3025 babere
602 2968 767 3038 scientiam,
790 2969 825 3024 irr
847 2985 911 3041 qua
930 2984 1056 3043 prorsum
1077 2967 1156 3026 nibil
1177 2967 1329 3044 oileceris?
1611 3030 1616 3039 ,

322 3049 388 3110 Non
412 3058 479 3110 sunt
501 3052 591 3126 adso,
613 3052 757 3127 Robertc,
781 3052 877 3112 divisa
898 3055 1038 3114 mathesis
1062 3061 1091 3113 et
1112 3054 1247 3132 thymia,
1269 3055 1352 3114 utin
1377 3052 1500 3114 eundem
1523 3051 1579 3112 hc-

233 3141 340 3197 minem
361 3155 419 3197 non
442 3139 561 3212 cadant,
593 3141 644 3216 qni
666 3141 873 3200 mathematica
894 3141 991 3202 tradat
1013 3140 1155 3221 dilucide,
1183 3143 1322 3210 verbose,
1354 3159 1406 3218 pcr
1427 3141 1528 3201 literas
1551 3146 1580 3200 ct

235 3226 458 3302 diagrammata,
490 3227 623 3306 chymica
651 3245 732 3288 more
762 3236 870 3288 sectae.
923 3229 977 3288 Vis
1007 3232 1080 3290 scire
1111 3230 1240 3305 conjugii
1274 3229 1363 3305 hujus
1392 3227 1579 3306 exemplum?

238 3315 347 3390 ilccipe
369 3313 538 3392 'lpohonem
563 3315 669 3394 Brahe,
700 3318 746 3376 cui
769 3318 797 3374 in
822 3323 904 3393 parte
927 3318 1023 3393 operis
1051 3333 1107 3390 eso
1130 3319 1267 3378 successi.
1314 3315 1409 3392 Quam
1432 3316 1482 3376 ille
1504 3315 1580 3374 lidus

237 3400 345 3462 silentii
369 3408 468 3462 custos
490 3405 520 3460 iu
541 3403 725 3486 Hermeticis,
748 3410 809 3462 tam
830 3403 925 3462 fidelis
948 3408 1049 3464 contra
1070 3408 1302 3479 perspicuusque
1324 3402 1438 3473 doctor,
1463 3404 1578 3478 quoties

136 3546 140 3554 Α
239 3492 268 3546 in
290 3489 504 3550 mathematicis
527 3490 638 3566 aliquid
661 3493 690 3548 iu
713 3489 821 3565 vulgus
843 3489 1047 3566 proierendum
1068 3494 1187 3564 sumsit3
1218 3490 1300 3549 nulla
1325 3497 1395 3550 tuuc
1424 3489 1473 3549 ille
1497 3505 1578 3549 corn-

235 3578 347 3636 minisei
369 3576 473 3636 solitus
496 3588 541 3638 eet
563 3583 739 3654 aenigmata,
761 3576 834 3636 nihil
857 3580 887 3635 in
908 3578 1029 3654 picturis
1052 3576 1179 3644 tradidit,
1203 3594 1261 3636 non
1284 3575 1432 3653 pollicitus
1454 3584 1499 3636 est
1513 3593 1578 3636 mo·

235 3672 282 3723 tus
306 3664 446 3724 coelestes
470 3665 574 3725 docere
597 3668 660 3725 aine
684 3665 908 3741 quantitatibus,
930 3680 989 3723 non
1012 3663 1186 3740 dedignatus
1210 3671 1254 3724 est
1275 3663 1430 3724 subvenire
1452 3665 1579 3740 ingeniis

235 3751 453 3826 infirmioribus,
477 3754 525 3813 vel
549 3756 614 3830 ipsa
636 3751 741 3812 calculi
763 3751 857 3810 torma
880 3750 1117 3828 compendiiequo
1141 3752 1308 3828 publicatis.

321 3839 400 3898 Illud
422 3842 542 3900 seorsim
564 3841 628 3914 tihi,
651 3839 770 3915 maioris
794 3837 959 3900 evidentiae
983 3855 1073 3900 cauea
1095 3839 1285 3915 regerendum
1308 3837 1446 3899 hocloco
1469 3839 1578 3910 censui,

236 3943 343 4004 magna
370 3944 435 3988 cum
463 3929 570 4004 injuria
599 3944 665 3988 mea
695 3936 725 3986 ta
753 3926 937 4000 efferbuisse,
966 3929 1016 4002 qui
1040 3927 1113 3988 duaa
1136 3927 1208 3986 mihi
1231 3928 1392 3988 sententias
1414 3929 1519 4002 impias
1550 3934 1580 3986 et

234 4015 422 4093 blasphemas
446 4017 590 4086 tribueris,
614 4016 736 4074 alteram
759 4014 877 4090 quidem
900 4033 965 4073 cum
989 4023 1060 4093 typo
1083 4019 1215 4076 variante
1235 4032 1411 4092 expressam,
1434 4021 1468 4072 ut
1488 4013 1580 4074 lactor

232 4101 340 4176 credat,
362 4103 499 4162 lormalia
520 4122 587 4162 mea
608 4104 715 4174 reterri,
741 4102 791 4162 iol.
819 4105 865 4160 12.
890 4101 940 4162 lin.
966 4104 1027 4161 41:
1063 4102 1112 4162 Me
1134 4104 1334 4164 haecomnia
1358 4105 1506 4162 invertisse
1528 4104 1579 4160 irr-
1636 4113 1642 4182 ζ

233 4194 322 4268 perric
344 4209 410 4252 meo
428 4195 573 4266 proprio,
598 4189 730 4264 intelligo
752 4206 879 4266 namque
901 4189 959 4250 hoo
980 4190 1034 4250 aba
1056 4197 1086 4251 te
1109 4208 1172 4252 esec
1189 4193 1356 4268 appositam
1378 4190 1474 4250 lineae
1495 4195 1579 4248 aute·

233 4277 368 4347 cedenti,
401 4295 460 4354 qua
482 4279 602 4338 concedi
625 4279 810 4338 scientiarum
834 4295 942 4338 areana
965 4276 1081 4338 dicebas
1107 4297 1164 4355 per
1193 4281 1423 4354 acquisitionem
1446 4276 1581 4353 Spiritum

235 4365 357 4439 Sancti,
387 4369 476 4439 mur
496 4367 595 4426 soliers
609 4369 648 4424 sit
668 4366 740 4424 haec
769 4369 875 4432 omnia
897 4383 966 4424 uere
986 4365 1098 4426 doecre.
1143 4366 1266 4426 Iterum:
1297 4385 1360 4438 me,
1390 4364 1458 4424 dum
1481 4363 1580 4424 Solam

233 4453 342 4514 iontem
363 4461 460 4514 motus
483 4469 568 4525 voco,
590 4452 708 4512 titulum
731 4452 807 4512 huuc
830 4452 972 4528 derogare
994 4457 1126 4522 creatori,
1150 4471 1286 4530 arrogare
1310 4461 1468 4513 creaturae.
1516 4451 1580 4512 Ve-

234 4557 306 4609 reor,
330 4547 363 4598 ut
384 4547 429 4600 est
449 4542 531 4600 nafis
554 4539 642 4601 hodie
664 4557 812 4616 perversa,
836 4556 873 4600 ne
895 4556 952 4598 non
976 4542 1034 4600 ista
1049 4543 1189 4617 iniquitas
1212 4541 1288 4600 ultre
1304 4541 1395 4600 verba
1409 4557 1441 4600 se
1456 4541 1486 4598 ln
1502 4535 1580 4600 iacta

234 4630 298 4705 ipsa
319 4628 455 4704 proferet,
480 4631 505 4688 si
528 4626 670 4689 lectomm
693 4627 785 4702 aliqui
808 4627 861 4685 tibi
885 4633 992 4688 temere
1016 4627 1143 4701 credam,
1168 4645 1226 4688 non
1247 4629 1381 4704 inspecto
1404 4644 1469 4688 mco
1485 4633 1575 4685 textu.

321 4713 373 4774 Ad
399 4717 586 4794 Aualyain
609 4715 689 4774 xil,
729 4714 787 4774 Sex
810 4715 883 4772 moia
899 4713 984 4775 lineis
1006 4717 1100 4792 iisque
1124 4716 1264 4776 brevibus
1287 4714 1354 4792 plus
1368 4723 1400 4775 tu
1417 4733 1505 4791 quam
1527 4729 1579 4774 sax
