3480 5548
604 405 632 460 in
649 403 822 470 Quonim
838 405 943 474 nunni.
1401 410 1439 476 ii

104 583 194 645 aulius
216 581 378 659 quadrante
399 597 420 647 a
441 589 496 643 suo
517 582 648 661 aphelio,
678 585 808 660 praecise
837 583 980 654 medioata
1007 583 1097 645 nabat
1125 581 1310 648 intervallum
1332 602 1350 642 a
1372 580 1441 644 Sola

102 671 173 728 inter
193 673 354 732 maximum
377 671 407 732 ln
429 670 547 748 aphoiio
569 679 598 732 et
619 673 768 732 minimum
783 674 812 728 in
834 670 989 748 peribeli03
1013 666 1048 752 5]
1071 669 1189 732 diurnus
1211 671 1324 735 medius
1345 678 1442 733 motus

103 758 129 814 in
152 761 315 818 eooentrieo
337 757 415 818 idem
437 765 481 818 est
504 767 533 820 et
554 775 640 818 verus
663 758 727 833 ejus
749 761 902 821 sonentrioi
931 775 1015 826 arnus
1045 757 1164 827 diurnus
1192 757 1249 818 illis
1277 761 1441 832 momentis,

103 846 204 919 quibus
226 847 349 922 planeta
371 847 468 907 estin
488 846 547 909 fine
569 843 738 922 quadrantis
760 847 921 920 eeeentriei,
944 847 984 909 ab
997 843 1113 920 aphelio
1129 848 1304 924 computati,
1329 847 1363 926 6)
1384 845 1441 906 duo

102 948 182 992 arnus
211 935 367 994 sooentriei
396 932 504 1008 diurni,
535 932 695 1009 aequaliter
725 949 793 992 vera
824 933 979 1007 distantes,
1010 932 1083 991 alter
1104 932 1141 992 ab
1165 933 1297 1010 aphelio,
1329 936 1402 994 alter
1416 951 1443 992 ,ιι

102 1019 249 1096 peribolio,
269 1021 366 1096 juncti
387 1030 514 1098 aequant
537 1021 655 1080 diurnos
678 1015 788 1082 medios
803 1029 914 1095 motus3
940 1015 974 1100 7)
998 1019 1096 1083 eaden
1120 1027 1164 1080 ost
1184 1023 1333 1098 proportio
1355 1024 1442 1081 unius

103 1101 192 1166 diurni
215 1108 306 1168 modii
329 1107 368 1167 ad
388 1109 507 1188 junctos
528 1108 639 1168 medios
670 1125 770 1168 omnes
798 1109 870 1168 inter
900 1125 932 1168 se
960 1106 1114 1182 aequales,
1146 1117 1217 1183 quot
1237 1116 1306 1170 sunt
1328 1112 1357 1167 iu
1380 1116 1442 1170 toto

103 1195 227 1271 cbeuitu,
252 1211 331 1272 quae
346 1202 392 1255 est
405 1195 494 1258 medii
510 1195 603 1257 diurni
619 1194 656 1259 ad
668 1196 786 1272 junctos
802 1212 886 1260 ueros
902 1211 1001 1258 omnes
1016 1211 1100 1252 arnus
1123 1199 1298 1257 eeoentrieoa
1320 1197 1443 1257 totidem

103 1298 230 1356 numae,
263 1282 318 1345 sed
341 1285 414 1344 iuter
429 1301 468 1347 so
488 1282 675 1358 inaequalem
706 1278 740 1363 8)
770 1285 919 1360 proportio
949 1283 1151 1358 apparentium
1174 1300 1209 1345 er
1232 1280 1300 1342 Sole
1323 1302 1442 1346 aeuum

104 1367 266 1439 diurnorum
290 1373 376 1431 unius
398 1371 551 1432 eeoeuuiei
573 1372 644 1438 satis
666 1371 796 1447 praecise
820 1369 910 1448 dupla
931 1386 1033 1431 evasa
1056 1377 1100 1430 est
1113 1371 1308 1446 proportionis
1324 1389 1441 1437 suornm
1477 1423 1479 1430 .

104 1457 361 1517 intervalloruma
384 1457 454 1519 Sole
484 1454 527 1540 (si
550 1460 699 1521 eeaentriei
723 1474 806 1516 arom
834 1475 891 1518 noo
921 1458 1019 1532 magui
1048 1463 1128 1530 suni,
1153 1457 1357 1530 ¹sorrentrioilas
1385 1476 1442 1518 non
1542 1521 1544 1530 ,

105 1541 184 1606 ualde
212 1541 371 1625 magna)“.
425 1545 481 1606 His
511 1545 706 1607 fundamentis
735 1543 849 1610 aceedit
878 1561 969 1620 nuper
998 1546 1167 1615 insanium:
1199 1541 1236 1626 9)
1266 1549 1442 1623 „proportiq

105 1648 173 1706 quae
195 1640 241 1692 est
263 1635 340 1694 inter
362 1633 495 1693 binorum
518 1633 701 1710 planetarum
723 1640 854 1710 tempora
868 1631 1025 1717 psriudiea,
1050 1637 1094 1690 est
1108 1634 1238 1708 praecise
1253 1633 1445 1709 sesquialtera

102 1722 296 1796 proportionis
318 1720 477 1781 menarum
500 1719 712 1794 distantiarum,
734 1719 764 1780 id
786 1727 831 1780 est
852 1721 964 1780 orbium
987 1719 1146 1796 ipsarum“.

208 1806 264 1866 His
296 1805 411 1884 legibus
441 1816 678 1887 superstruuutur
712 1806 768 1868 hae
799 1809 931 1884 regrrlae:
969 1803 1003 1888 1)
1035 1805 1272 1884 multiplicandus
1303 1807 1444 1886 cujusque

103 1891 231 1970 planetae
260 1911 350 1954 areas
377 1913 465 1956 verus
498 1895 617 1954 diurnas
646 1897 673 1953 in
704 1898 750 1954 sui
782 1896 860 1956 orbis
895 1895 1155 1967 semihominum,
1189 1893 1263 1958 lrine¹
1287 1895 1445 1972 prodibunt

103 1983 206 2040 numeri
228 1981 330 2044 idonei
352 1981 389 2052 ad
412 1981 632 2059 exquirendum,
663 2000 732 2041 num
753 1983 856 2047 limera
884 1983 993 2043 laniant
1021 1983 1222 2058 proportiones
1250 1981 1446 2047 harmonicas„

104 2063 136 2146 2)
158 2068 353 2148 investigatio
383 2066 581 2135 beliooentrioi
611 2077 707 2131 motus
735 2087 786 2146 per
814 2087 916 2131 verum
942 2077 1052 2128 motum
1082 2076 1112 2132 et
1133 2068 1301 2132 distantiam
1323 2088 1343 2130 a
1363 2069 1454 2134 Sole..

104 2151 137 2234 3)
157 2155 352 2234 investigatio
382 2157 585 2218 distantiarum
616 2175 634 2216 a
666 2156 734 2216 Sole
772 2174 823 2235 per
856 2157 1076 2216 beliocentrieos
1114 2156 1299 2231 quotidianos
1336 2167 1441 2218 motus.

103 2239 199 2304 Sumto
222 2244 328 2306 medio
346 2245 557 2325 proportionali
579 2247 653 2304 inter
675 2251 785 2305 motum
808 2244 955 2320 aphelium
980 2244 1025 2302 vel
1046 2242 1215 2323 peribolium
1231 2253 1261 2305 et
1274 2261 1358 2306 snam
1380 2263 1443 2306 me-

105 2327 190 2405 dium,
219 2322 266 2390 nl*
280 2338 316 2390 ut
343 2331 400 2393 hoe
428 2333 556 2392 medinm
572 2330 792 2408 ‚proportionale
815 2325 1119 2394 ad'semidrametrum
1142 2331 1234 2404 orbis,
1254 2333 1309 2390 »sio
1331 2333 1444 2394 medius

104 2427 192 2478 motas
220 2419 258 2478 ad
292 2418 460 2480 distantiam
489 2423 659 2496 quaesitam.
705 2413 741 2498 4)
770 2417 885 2486 Medius
907 2427 1003 2478 motus
1024 2419 1159 2496 planetae
1181 2425 1226 2478 est
1248 2425 1329 2478 tauto
1351 2423 1445 2480 minor

104 2509 272 2578 geometrico
298 2505 395 2565 medio
417 2509 492 2566 inter
513 2514 609 2566 motus
632 2512 790 2578 extremos,
822 2514 930 2582 quanto
960 2505 1086 2566 medium
1115 2507 1322 2582 geumetrioum
1349 2511 1444 2569 minus

106 2599 146 2648 est
175 2610 262 2668 qnam
293 2593 421 2655 medium
451 2596 525 2653 inter
553 2601 716 2669 utrumque.
762 2588 797 2673 b)
828 2593 1079 2668 Quemadmodum
1107 2595 1254 2670 proportio
1283 2593 1443 2659 modiorum

105 2686 227 2740 motuum
250 2683 282 2738 irr
307 2681 383 2740 binis
406 2680 531 2758 planetis
553 2688 597 2740 est
620 2677 810 2758 sesquialtera
833 2698 934 2742 eversa
956 2683 1150 2758 proportionis
1173 2681 1295 2755 orbium,
1318 2683 1451 2760 sinpro-,

105 2769 191 2842 portio
214 2766 341 2828 duorum
363 2759 565 2847 apparentium
587 2769 824 2844 eonvergentium
846 2780 1039 2830 extremorum
1060 2777 1190 2830 motuum
1213 2785 1327 2846 semper
1349 2769 1446 2832 defluit

105 2868 122 2908 a
141 2855 332 2930 sesquialtera
353 2859 540 2932 proportione
563 2855 789 2928 intervallorum,
814 2855 873 2914 illis
896 2859 1030 2918 extremis
1052 2855 1179 2917 motibus
1201 2857 1443 2938 respondentium.

198 2941 305 3021 Capite
329 2951 431 3021 quarto
454 2947 577 3020 primurn
601 2941 829 3016 demonstratur,
862 2945 936 3003 inter
957 2941 1119 3019 periodieos
1143 2961 1243 3004 sursus
1265 2945 1444 3022 singulorum

102 3025 274 3102 planetarum
299 3048 358 3089 non
381 3047 444 3092 esse
467 3031 648 3095 harmonicas
670 3033 806 3104 rationes,
830 3047 883 3090 nee
905 3033 998 3110 magis
1021 3033 1095 3094 inter
1117 3047 1240 3108 corpora
1262 3031 1446 3110 planetarum

102 3115 233 3193 ipsorum,
271 3135 359 3194 quae,
377 3117 521 3194 Kepleras
548 3118 703 3194 periodicis
731 3117 859 3176 motibus
890 3118 1121 3198 proportionalia
1149 3121 1240 3195 ponit.
1290 3120 1348 3182 Sed
1379 3139 1444 3184 oum

102 3211 228 3264 corsuum
267 3212 400 3286 tempora
427 3207 631 3283 inaequalibus
661 3207 801 3279 motibus,
836 3205 923 3267 modo
952 3206 1058 3280 tardis,
1090 3203 1178 3267 modo
1207 3205 1323 3283 mediis,
1356 3209 1443 3270 modo
1503 3201 1506 3210 ’

102 3287 233 3352 celeribus
271 3295 410 3367 existant,
443 3302 471 3354 et
499 3294 531 3354 bi
559 3291 791 3376 proportionales
819 3296 876 3352 sint
900 3295 1024 3357 artubus
1047 3292 1281 3370 quotidianorum
1303 3305 1445 3372 motuum,

103 3391 161 3435 eum
175 3398 241 3440 vero
259 3379 293 3444 br
310 3379 347 3441 ad
363 3380 515 3442 distantias
531 3381 700 3457 dirigantur,
724 3378 779 3439 hae
795 3380 983 3457 inquirendae
998 3389 1075 3454 suut,
1099 3399 1256 3459 earumque
1271 3387 1442 3461 praesertim

103 3466 236 3530 maximae
263 3474 294 3528 et
316 3470 453 3528 minimae
477 3467 641 3528 distantiae.
677 3465 743 3526 Hoo
764 3469 828 3546 pari
851 3467 938 3528 modo
960 3467 993 3526 fit
1015 3485 1072 3546 quo
1095 3471 1124 3528 iu
1147 3467 1307 3531 Prodroano
1330 3477 1359 3544 (L
1374 3477 1445 3554 liiii),

104 3567 275 3631 quamquam
290 3558 411 3629 numeri,
434 3556 590 3616 multorum
612 3571 753 3614 annorum
768 3553 871 3615 studiis
888 3559 969 3630 eruti,
994 3555 1104 3618 abillis
1127 3553 1301 3638 discrepant.
1330 3555 1446 3634 Quibus

104 3638 238 3716 inquisitis
274 3643 451 3718 ostenditur,
478 3644 678 3707 harmonicam
713 3641 829 3720 quidem
857 3645 999 3703 rationem
1028 3645 1150 3706 inueniri
1179 3662 1237 3706 non
1260 3663 1347 3725 posse
1370 3646 1445 3706 inter

103 3727 249 3790 maximam
275 3738 304 3792 et
325 3733 474 3794 minimam
498 3731 664 3790 distantiam
686 3729 772 3788 unius
795 3729 981 3808 ejusdemque
1004 3729 1153 3810 planetae,
1185 3731 1237 3792 sed
1270 3735 1446 3808 comparatis

103 3809 278 3886 diversorum
305 3817 486 3894 planetarum
515 3819 672 3898 distantiis
688 3816 777 3879 talam
805 3820 946 3878 rationem
975 3818 1085 3878 intendi
1107 3817 1209 3884 videri.
1254 3819 1341 3882 Ratio
1366 3822 1445 3882 enim

102 3901 202 3976 apbslii
225 3905 346 3969 Saturni
367 3905 406 3967 ad
428 3904 514 3968 Jovis
535 3905 708 3984 perihsliuna
736 3904 795 3964 lere
819 3907 950 3982 aequalis
974 3915 1018 3969 est
1040 3907 1145 3968 rationi
1169 3907 1245 3968 2rl
1270 3901 1443 3988 (oonraeh

101 3985 211 4050 Saturni
233 3992 408 4070 peribolium
424 3993 461 4054 ad
476 3991 563 4054 Jovis
586 3993 733 4070 aphelium
748 4016 792 4046 =
809 3995 826 4052 5
844 4013 851 4050 :
868 3995 885 4052 3
911 3989 1052 4076 (medium
1075 3995 1149 4055 inter
1171 3999 1285 4054 sextam
1303 3992 1444 4068 msq'orem

102 4080 128 4132 et
141 4076 313 4163 minorem);
335 4079 422 4142 Jovis
444 4080 591 4158 aphelium
614 4079 653 4140 ad
675 4079 778 4147 Martis
800 4079 972 4158 perihelium
996 4088 1034 4134 ¹:
1061 4083 1104 4140 4:
1124 4083 1139 4140 1
1163 4076 1286 4162 (duplex
1303 4077 1443 4162 oetava);

101 4159 181 4224 Jovis
202 4165 377 4244 perihelium
399 4167 437 4230 ad
459 4167 562 4228 Martis
585 4167 733 4249 aphelium
757 4192 794 4220 =
822 4169 863 4228 3:
885 4171 897 4228 l
917 4175 971 4228 eto.
1007 4167 1088 4243 „Etsi
1111 4184 1169 4227 uon
1191 4165 1277 4242 plane
1301 4167 1445 4246 quadrant

102 4247 152 4308 hae
173 4257 301 4316 rationes
324 4273 390 4314 oum
411 4257 547 4330 numeris,
572 4255 625 4313 luit
647 4262 742 4314 tamen
766 4253 814 4314 lrio
836 4273 988 4315 sneoessus
1011 4257 1233 4321 invitamentum
1263 4255 1301 4316 ad
1323 4246 1443 4336 progre-

102 4333 233 4400 diendum
264 4341 417 4408 ulterius“.
469 4343 542 4404 Cum
575 4343 743 4404 barmoniae
778 4341 917 4404 affinitate
951 4343 1069 4424 propius
1102 4339 1242 4402 accedant
1274 4342 1313 4404 ad
1346 4351 1442 4404 motus

102 4441 184 4498 quam
205 4428 243 4489 ad
265 4438 359 4494 rectas
381 4429 488 4506 lineus,
522 4429 623 4506 quales
647 4427 801 4490 distantiae
824 4430 971 4506 putandae
994 4436 1076 4504 sunt,
1107 4445 1173 4489 oum
1196 4426 1352 4492 distantiae
1374 4431 1442 4492 illae

101 4525 154 4568 nen
177 4531 211 4573 er
234 4517 337 4578 orbitis
359 4517 411 4580 aed
433 4535 468 4580 ox
491 4517 617 4578 motibus
648 4518 848 4592 aestimentur,
879 4523 1072 4578 extremorum
1103 4511 1233 4578 motuum
1264 4523 1442 4596 comparatio

102 4601 254 4675 repetenda
277 4611 355 4680 erat3
386 4612 418 4664 at
439 4623 475 4666 ne
497 4607 528 4664 in
550 4603 606 4664 hae
628 4602 745 4682 quidem
775 4604 946 4663 cernebatur
973 4602 1132 4666 harmonia,
1178 4601 1323 4685 Kepler'ns
1344 4608 1442 4683 igitur,

103 4702 163 4745 eum
184 4707 237 4750 nos
260 4693 290 4750 in
314 4693 401 4752 rebus
424 4694 606 4754 terrestribus
628 4690 843 4751 harmoniarum
866 4697 916 4749 aut
938 4689 1039 4757 auditu
1062 4697 1113 4752 ant
1127 4693 1194 4752 ιίιιι
1217 4696 1347 4754 oonsoios
1370 4692 1447 4768 lieri,

104 4770 200 4838 deinde
222 4779 252 4838 in
274 4779 451 4840 coelestibus
472 4781 600 4840 motibus
623 4778 725 4840 deesse
748 4794 852 4838 sonum
874 4778 1074 4853 cognovisset,
1098 4796 1132 4840 eo
1155 4779 1296 4844 deductus
1319 4787 1378 4854 est,
1395 4788 1443 4850 ¹ut

104 4859 155 4919 aibr
181 4866 384 4942 renumeret,
414 4885 532 4929 sensnm
559 4870 640 4929 risus
669 4867 765 4928 inesse
793 4864 877 4941 quasi
906 4867 994 4928 etiam
1024 4866 1121 4928 mundi
1152 4869 1320 4945 corporibus
1349 4885 1446 4946 eoque.
