3676 5536
733 273 814 332 Liber
832 275 877 331 IV.
897 263 1047 347 Caput'lV.
1502 283 1564 342 231

216 445 332 520 copiam
354 461 413 504 non
436 447 610 511 mediocrem
631 449 864 512 harmonicamm
886 453 1013 530 partium
1035 447 1084 534 (ut
1106 461 1175 514 sunt
1197 455 1346 514 sentimas
1368 454 1565 528 harmonicae,

216 533 291 608 toni,
313 549 428 608 genera,
451 535 540 609 modi,
563 544 724 615 systemata
754 548 783 600 et
805 539 926 614 similia)
950 535 1082 616 interque
1105 558 1156 600 eas
1185 540 1386 601 admirabilem
1418 541 1567 617 quandam

216 618 349 694 politiam
372 631 603 699 progenuerunt3
626 635 714 703 etque
737 627 787 687 illa
809 644 884 704 pene
900 635 962 688 tota
976 625 1139 705 suppellex,
1163 636 1386 706 quantaquauta
1401 635 1454 702 est,
1478 630 1567 688 etiam

216 705 292 764 inira
313 707 386 766 libro
411 709 447 767 V.
479 713 533 771 erit
554 714 762 789 perscrutanda
789 723 819 773 et
841 714 1023 789 adhibenda;
1052 724 1083 774 at
1113 733 1190 776 nuuc
1218 716 1274 775 hoe
1296 715 1370 776 libro
1393 724 1498 793 quarto
1528 715 1566 776 ab

214 791 320 852 iisdem
343 795 460 870 quidem
484 800 582 858 circuli
604 801 782 861 sectionibus
805 803 890 862 initio
913 803 1000 873 lacto,
1023 817 1080 860 non
1105 811 1201 864 tamon
1225 802 1262 863 ad
1277 811 1372 864 rectas
1386 803 1479 864 lineas
1495 821 1565 881 pro-

216 883 343 956 gressuri
365 900 475 958 sumus,
498 884 549 946 scd
572 889 646 948 intra
669 889 768 949 circuli
791 897 883 950 metas
906 897 969 950 toto
993 888 1199 965 disputationis
1220 891 1332 949 ambitu
1355 893 1565 965 consistamus3

216 985 307 1028 causa
329 967 407 1030 dicta
430 980 475 1032 est
497 989 559 1050 cap.
583 975 768 1051 praecedenti
790 975 960 1054 diceturque
991 975 1116 1053 amplius
1145 981 1219 1036 iufra
1251 995 1317 1055 cap.
1343 979 1375 1052 6,
1404 979 1454 1037 ubi
1478 985 1508 1038 et
1530 978 1566 1038 de

216 1057 390 1134 cognatione
414 1067 443 1118 et
466 1059 501 1120 de
525 1061 629 1122 affeetu
651 1061 739 1138 hujus
763 1064 935 1124 discriminis
959 1078 1079 1142 agerrms
1093 1063 1245 1140 pluribus.
1304 1123 1306 1132 ,

303 1143 342 1204 II.
367 1143 516 1220 Quantum
547 1149 584 1209 ad
614 1153 753 1210 terminos
783 1150 1001 1211 harmoniarum
1033 1153 1153 1212 istarum
1185 1168 1237 1212 seu
1269 1151 1434 1226 subjectum
1466 1169 1566 1212 aarum

216 1230 333 1306 sensile,
356 1231 429 1293 illud
451 1233 526 1295 libro
548 1235 604 1296 111.
628 1245 709 1314 erant
731 1241 794 1297 soni
818 1241 951 1298 acumine
981 1245 1010 1299 et
1031 1241 1177 1315 gravitate
1201 1237 1381 1313 differentem
1414 1241 1513 1316 itaque
1537 1246 1566 1301 et
1678 1245 1683 1254 '

215 1321 271 1380 sub
300 1327 396 1380 motus
423 1340 515 1399 genus
544 1325 742 1384 reserebantur
779 1333 808 1385 et
834 1325 949 1402 figurati
979 1326 1207 1402 quodammodo,
1224 1333 1321 1384 motus
1356 1334 1448 1385 eraut.
1500 1325 1566 1386 Hoc

216 1415 321 1484 quarto
344 1425 414 1468 vero
436 1409 511 1469 libro
535 1428 592 1470 non
615 1419 683 1472 sunt
707 1430 811 1486 voces,
836 1420 868 1472 ut
891 1416 920 1472 in
942 1415 1132 1490 praeambulo
1156 1414 1281 1486 dictum,
1305 1429 1364 1472 non
1386 1413 1479 1489 aliqui
1501 1430 1566 1472 mo-

216 1505 277 1570 tus,
307 1497 381 1554 inter
404 1513 478 1572 qnos
508 1501 574 1575 quis
596 1507 739 1576 agnoscat
765 1501 948 1574 harmonias,
977 1501 1028 1559 sed
1052 1503 1151 1560 insunt
1179 1500 1248 1560 illae
1277 1502 1306 1558 in
1329 1500 1460 1575 angulis,
1491 1517 1566 1576 quos
1627 1541 1629 1544 -

215 1584 278 1644 bini
300 1582 436 1660 planetae
458 1586 548 1646 radiis
570 1586 675 1647 lucidis
698 1589 813 1648 emissis
835 1588 960 1648 formant
982 1589 1012 1644 in
1035 1588 1139 1663 Terra,
1171 1594 1315 1666 quatenus
1346 1587 1414 1648 talis
1440 1587 1565 1664 angulus

217 1688 284 1731 cum
307 1666 421 1748 angulis
444 1675 528 1734 rectis
552 1683 690 1750 quatuor,
723 1693 811 1734 uuum
832 1686 972 1753 punctum
997 1691 1154 1735 concursus
1185 1674 1453 1744 circumstantibus,
1484 1691 1566 1735 eom-

216 1759 314 1836 parari
346 1765 452 1835 potest.
502 1762 600 1839 Atque
627 1763 675 1823 hic
695 1780 780 1839 ⁸opus
809 1763 898 1823 habet
927 1763 1020 1822 lector
1047 1763 1147 1841 aliqua
1177 1761 1327 1822 luculenta
1357 1762 1564 1821 admonitione.

215 1846 342 1906 Pessum
372 1848 447 1906 euim
475 1847 531 1909 hos
559 1851 677 1925 quidem
709 1852 846 1910 terminos
877 1849 1022 1928 explicare
1046 1851 1152 1910 clarius
1181 1851 1219 1910 ad
1248 1849 1483 1927 percipiendum,
1513 1847 1565 1908 sed

216 1951 275 1993 nou
298 1950 417 2010 possum
440 1936 503 1995 sine
525 1937 654 2012 periculo
677 1937 857 1997 confusionis
890 1941 918 1995 in
944 1939 1016 1998 bene
1039 1936 1292 2014 philosophando,
1324 1938 1381 1995 nisi
1412 1935 1567 2013 diligenter

216 2021 354 2080 lectorem
384 2021 591 2099 philosophum
618 2027 829 2102 praemuniam.
875 2023 948 2084 Com
977 2026 1055 2084 euim
1084 2027 1199 2084 termini
1220 2025 1418 2102 proportionis
1441 2023 1567 2084 debeant

218 2108 330 2168 dillerrc
354 2112 527 2184 quantitate,
551 2112 724 2188 angulorum
745 2130 816 2172 vero
839 2115 998 2188 quantitas,
1021 2111 1078 2171 hoe
1100 2119 1146 2172 est
1168 2128 1312 2184 mensura,
1340 2113 1378 2170 sit
1401 2127 1485 2170 arens
1509 2114 1567 2170 cir-

217 2197 291 2268 enli,
324 2213 359 2254 ex
383 2215 539 2258 concursus
563 2200 710 2276 angularis
738 2206 847 2276 puncto
871 2199 1023 2276 descripti,
1056 2207 1088 2258 ut
1110 2202 1139 2256 in
1161 2201 1322 2276 geometria
1349 2198 1502 2272 docemur,
1535 2201 1567 2258 in

216 2291 279 2344 tote
303 2283 420 2359 quidem
444 2285 543 2346 mundi
566 2290 671 2364 spatio,
695 2285 773 2364 quod
796 2295 841 2346 est
863 2286 930 2368 hinc
953 2304 971 2346 a
993 2285 1084 2346 Terra
1105 2304 1198 2363 usque
1221 2285 1257 2344 ad
1280 2287 1352 2344 fines
1375 2303 1485 2364 rerum,
1508 2303 1566 2344 non

216 2387 373 2450 possumus
395 2375 511 2450 uspiam
539 2373 700 2434 describere
724 2382 776 2436 ant
798 2373 976 2451 descriptum
998 2375 1131 2434 sensibus
1159 2376 1308 2450 percipere
1331 2372 1487 2446 circulum,
1517 2391 1566 2431 ra·

217 2459 332 2519 diorum
354 2459 470 2537 angulis
493 2461 677 2521 dimetiendis
700 2461 837 2520 idoneum
859 2463 970 2537 magis,
1001 2461 1058 2519 nisi
1088 2461 1169 2522 illum
1193 2463 1288 2544 ipsum
1316 2460 1485 2522 sensibilem
1509 2464 1567 2518 cir-

217 2546 315 2608 culum
347 2547 376 2602 in
407 2564 521 2608 srrmmo
543 2551 677 2622 aethere,
712 2549 890 2608 creberrimis
922 2549 987 2608 lixis
1015 2547 1110 2608 stellis
1142 2565 1330 2625 expressum,
1360 2549 1507 2624 aquibus
1536 2550 1565 2605 in

217 2643 311 2694 certas
333 2635 505 2694 animalium
534 2637 641 2696 formas
662 2636 788 2696 redactis
819 2634 869 2695 ille
891 2653 997 2696 nomen
1025 2635 1150 2713 adeptus
1174 2645 1219 2696 est
1246 2633 1376 2710 aodiaci;
1405 2637 1515 2711 quippe
1537 2643 1566 2694 et

216 2723 273 2781 sub
296 2739 355 2797 qne
378 2723 442 2798 ipso
472 2724 608 2802 planetae
631 2741 745 2802 semper
767 2732 920 2782 versantur
949 2723 1105 2800 locumque
1128 2723 1191 2800 ejus
1224 2741 1314 2782 unum
1343 2721 1450 2797 singuli
1481 2723 1565 2781 nobis

162 2861 170 2876 ,
217 2825 370 2884 corporum
393 2827 511 2870 suornm
534 2812 652 2887 objectu
673 2818 771 2887 tegere
795 2811 949 2889 videntur,
978 2813 1059 2870 etin
1083 2813 1146 2886 ejus
1170 2809 1417 2871 centrum-Tellus
1441 2810 1566 2868 domici-

215 2898 288 2956 lium
311 2903 441 2956 nostrum
465 2915 521 2957 non
545 2916 598 2958 suo
621 2907 733 2962 tautum
756 2907 864 2970 centro,
888 2897 968 2975 quod
990 2907 1130 2975 puuctum
1151 2907 1204 2972 est,
1227 2897 1280 2958 sed
1294 2899 1384 2980 totius
1406 2895 1483 2956 mole
1500 2914 1566 2956 cor·
1644 2927 1649 2938 ι

216 2987 312 3062 peris,
340 3001 392 3060 per
413 2985 497 3062 eujus
520 2986 702 3062 superficiem
734 2984 867 3062 dispositi
891 3001 992 3044 sumus
1014 2974 1164 3059 homines,
1195 2985 1328 3045 abditum
1351 3003 1416 3047 ease
1437 2984 1563 3044 videtur.

216 3071 297 3132 Nihil
320 3071 409 3147 igitur
438 3079 483 3134 eat
511 3081 650 3151 perceptu
680 3073 810 3145 laeilius,
843 3090 930 3150 quam
961 3075 986 3131 si
1009 3071 1157 3146 dicamus,
1190 3081 1224 3131 ut
1253 3075 1348 3152 eapite
1370 3072 1566 3149 praecedenti,

216 3161 419 3237 proportiones
442 3159 640 3234 harmonicas,
665 3161 702 3221 de
725 3162 831 3236 quibus
854 3159 910 3221 hoe
932 3159 1007 3219 libro
1031 3162 1263 3234 sumus'acturi,
1289 3177 1354 3220 esse
1377 3163 1451 3218 inter
1473 3167 1567 3220 tetum

216 3245 357 3308 circulum
379 3244 531 3308 zodiacum
553 3258 581 3308 et
603 3252 678 3308 inter
700 3248 764 3323 ejm
786 3264 901 3320 areum,
930 3263 1018 3323 quem
1041 3246 1099 3308 duo
1121 3248 1258 3324 planetae
1281 3247 1394 3320 ,visibili
1425 3245 1476 3305 illo
1500 3264 1566 3306 cor·

215 3352 320 3412 porum
344 3334 462 3409 objectu
486 3334 655 3414 designare,
679 3339 831 3396 terminare
855 3334 902 3394 vel
924 3351 1056 3396 resecare
1079 3335 1225 3395 videntur.

303 3421 370 3481 Hoc
393 3423 448 3482 etsi
471 3424 514 3482 sic
536 3431 580 3484 ert
603 3433 802 3500 comparatum
831 3438 925 3498 exque
947 3424 1132 3498 geometricis
1160 3429 1190 3480 et
1217 3419 1420 3482 astronomicis
1442 3421 1566 3488 rationi-

215 3511 272 3570 bus
295 3511 404 3586 optimc
416 3517 648 3586 pronunciatum,
672 3511 893 3586 diligentissime
910 3517 1008 3568 temen
1024 3525 1128 3569 cavere
1143 3508 1231 3568 debet
1252 3507 1344 3568 lector
1362 3505 1564 3583 philosophus,

214 3615 252 3658 ne
275 3601 372 3656 animo
395 3607 571 3675 praesumat,
594 3599 775 3658 harmoniam
798 3596 873 3654 hanc
896 3594 975 3674 (libri
1000 3594 1118 3672 quidem
1134 3597 1230 3672 quarti
1245 3589 1413 3676 materiam)
1437 3595 1466 3651 in
1482 3593 1565 3652 coelo

214 3689 281 3763 ipso
310 3687 398 3761 inque
426 3685 547 3746 zodiaco
571 3687 692 3760 circulo,
725 3692 777 3745 aut
805 3685 894 3743 etiam
917 3684 947 3740 in
969 3681 1095 3759 planetis
1122 3686 1226 3742 inesse.
1271 3679 1391 3740 Minime
1415 3682 1565 3757 gentium3

213 3775 292 3832 inest
314 3774 391 3832 enim
414 3772 486 3832 haec
509 3774 660 3834 harmonia
683 3774 796 3833 zodiaci
819 3771 951 3848 partibus
973 3787 1031 3828 non
1054 3777 1172 3846 propter
1187 3785 1218 3828 ae
1233 3769 1322 3844 ipsas,
1347 3784 1412 3827 cum
1427 3767 1564 3845 planetae

214 3859 364 3920 radiantes
395 3863 536 3921 immenso
560 3861 714 3920 intervallo
745 3861 906 3920 consistant
933 3857 1007 3916 inira
1034 3857 1112 3918 hunc
1134 3854 1289 3928 circulum,
1320 3855 1372 3915 scd
1402 3861 1565 3932 propterea,

214 3947 295 4026 qued
325 3946 394 4007 illae
416 3949 585 4008 merrsurant
614 3949 738 4025 angulos
762 3947 908 4006 radiorum
931 3947 960 4002 in
984 3945 1075 4005 Terra
1105 3947 1351 4018 concurrentium,
1385 3945 1444 4003 imo
1474 3959 1566 4018 prop·

213 4045 304 4108 terea,
327 4035 406 4112 quod
429 4053 486 4094 non
510 4039 590 4112 ipsae
614 4045 681 4096 actu
704 4043 887 4106 mensurant,
918 4033 971 4091 sed
993 4031 1109 4092 illarum
1132 4032 1198 4093 loco
1221 4034 1287 4091 icon
1310 4040 1431 4091 exactus
1453 4028 1566 4089 zodiaci

214 4123 353 4185 coelestis
375 4125 405 4180 in
429 4125 526 4184 anima
548 4123 699 4183 sublunari
721 4123 777 4183 hoc
799 4119 985 4181 mensurandi
1008 4121 1136 4180 officium
1159 4119 1255 4193 subit;
1284 4120 1361 4178 inest
1387 4116 1476 4182 radiis
1498 4115 1565 4194 pla-

212 4219 348 4272 netarum
371 4227 429 4270 non
453 4199 641 4288 quatenus‘ii
663 4211 771 4288 singuli
795 4209 842 4270 vel
865 4225 883 4266 a
904 4207 1024 4284 plancta
1047 4207 1227 4268 descendunt
1248 4223 1312 4280 suo,
1335 4203 1384 4266 vol
1400 4205 1476 4266 lucis
1498 4212 1566 4264 sunt

212 4298 333 4360 soboles
357 4297 423 4379 (elsi
445 4316 502 4358 uon
526 4299 589 4358 sine
612 4297 694 4377 hoc),
718 4297 769 4357 sed
793 4304 937 4374 quatenns
960 4295 1094 4354 binorum
1114 4295 1297 4372 planetarum
1321 4291 1381 4350 bini
1399 4291 1495 4368 Juncti
1517 4292 1565 4352 hle

213 4389 243 4445 in
276 4386 374 4446 Terris
405 4393 515 4445 certum
543 4385 671 4462 aliquem
701 4385 900 4444 harmonicum
930 4381 1055 4441 formant
1082 4381 1231 4458 angulum.
1287 4377 1417 4454 Utroque
1446 4382 1564 4440 nomine

213 4474 362 4535 Terrestre
386 4481 430 4534 est
452 4473 509 4533 hoe
531 4474 699 4533 harmoniae
721 4472 887 4547 subjectum
910 4463 1085 4550 (formaliter
1113 4476 1142 4528 et
1174 4471 1202 4526 in
1226 4475 1367 4544 qnantum
1395 4465 1468 4526 radii
1491 4467 1564 4526 liunt

171 4617 174 4626 .
213 4563 330 4623 termini
352 4563 548 4639 proportionis
571 4555 784 4641 harmonicae),
807 4557 926 4617 minime
949 4572 1018 4615 vero
1041 4554 1187 4630 coeleste,
1211 4555 1267 4612 nisi
1289 4561 1403 4613 tantam
1425 4557 1564 4614 materia·

211 4651 279 4710 liter
312 4657 342 4709 et
365 4659 497 4724 respectu
529 4651 574 4708 sui
603 4667 662 4709 aare
683 4642 806 4724 proprii,
834 4645 897 4703 sine
926 4641 1158 4701 consideratione
1188 4641 1421 4714 harmoniarum,
1452 4643 1564 4703 scilicet
1621 4649 1630 4670 '

213 4745 361 4818 quatenns
385 4737 508 4814 angulos
531 4739 560 4796 in
583 4735 805 4832 (demetentes,
828 4729 978 4814 proprium
1001 4726 1063 4809 cell.
1088 4729 1176 4814 hujus
1199 4729 1366 4796 barmoniae
1389 4730 1563 4814 subjectum,
