3676 5536
275 323 336 386 252
682 320 724 376 De
743 317 1007 390 Conliguradcnibus
1024 318 1202 375 Harmonlcis.

241 487 244 502 ⁴
276 507 305 561 et
326 500 560 582 somniatorium3
590 501 683 574 magis
705 499 875 576 increpandi
897 496 1033 557 videntur
1055 497 1261 578 philosophiae
1283 499 1461 578 professores
1482 495 1618 572 celebres,

275 590 324 664 qui
348 605 412 646 cum
435 589 576 663 recipiant
597 587 652 646 hoc
675 588 712 646 ab
737 585 894 646 Aristotele
916 603 979 657 suo,
1003 587 1095 645 vitam
1118 590 1298 647 animantum
1325 589 1550 664 plantarumque
1572 585 1617 644 lo-

275 677 337 734 vari
359 678 467 734 virtute
481 673 566 747 Solis,
589 691 648 734 non
670 673 867 751 perpendunt,
883 675 992 750 percipi
1010 691 1078 749 ergo
1093 675 1132 733 ab
1149 675 1205 734 illis
1221 679 1359 736 creaturis
1381 667 1518 734 virtutem
1534 673 1618 732 Solis.

276 762 357 822 Iners
381 764 498 822 omnino
522 771 552 820 et
573 763 755 821 somnolenta
778 761 972 838 philosophia,
998 779 1073 836 quae
1096 765 1205 839 patitur
1219 763 1317 824 Solem
1339 765 1368 821 in
1392 763 1464 822 baec
1487 763 1620 820 inferiora

277 867 382 926 agere,
409 857 439 909 ut
460 852 617 909 statuarius
639 853 701 926 agit
722 852 752 907 in
774 853 925 909 materiam
948 851 1126 923 exanimem,
1161 850 1366 928 oum-seulpra
1388 849 1451 928 Seli
1483 857 1512 908 et
1530 848 1620 908 caela

275 945 304 997 st
328 937 466 997 dolabrae
490 937 585 997 desint
608 945 637 998 et
659 941 757 996 omnia
779 939 970 996 instrumenta
993 953 1141 1011 corporea.
1189 937 1306 1013 Quanto
1332 937 1501 1014 vigilantior
1522 936 1620 1012 pbilo-

277 1024 376 1100 sophis
404 1025 483 1085 hisce
512 1030 600 1101 poeta
622 1025 780 1102 Virgilius,
803 1031 913 1101 quanto
936 1032 971 1083 'et
999 1025 1179 1099 sapientior?
1210 1028 1260 1102 qui
1288 1043 1326 1086 ne
1353 1025 1463 1103 pluviis
1494 1024 1619 1100 quidam,

277 1129 352 1188 quae
375 1107 562 1172 salutamen
586 1120 615 1172 et
637 1115 719 1189 ipsae
742 1129 809 1189 pars
832 1113 980 1184 materiae,
1003 1115 1186 1172 transscribit
1210 1115 1323 1188 omnia,
1340 1113 1393 1173 sed
1411 1113 1518 1172 Terrae
1542 1114 1621 1170 ainus

278 1208 427 1276 comparat
447 1203 561 1278 premio
584 1203 731 1277 majerum
750 1207 779 1260 et
802 1199 918 1276 quidem
941 1199 1051 1271 laetae,
1084 1199 1141 1258 hoe
1169 1207 1213 1258 est
1242 1203 1443 1278 percipientis,
1474 1198 1544 1276 quid
1567 1201 1621 1258 sibi

277 1286 343 1361 fiat,
374 1306 438 1346 curn
462 1288 613 1365 voluptate
642 1296 781 1362 motuque
804 1286 909 1346 idoneo
941 1286 1076 1344 maritum
1105 1285 1287 1363 adJuvantis,
1317 1306 1393 1364 quae
1417 1290 1514 1347 omnia
1542 1289 1622 1346 vitae

278 1382 346 1434 sunt
368 1374 478 1436 iudicia
500 1379 685 1450 animamque
708 1383 876 1452 supponunt
897 1376 925 1432 in
950 1389 1069 1450 corpore
1092 1377 1223 1451 patienti.
1268 1376 1331 1436 Nec
1347 1378 1422 1434 enim
1438 1373 1522 1434 iacile
1538 1375 1624 1434 luerit

279 1461 357 1537 Soli,
380 1463 520 1523 militibus
543 1463 655 1522 idoneis
679 1461 832 1530 destituto,
863 1461 1002 1520 invadere
1030 1478 1126 1520 arcem
1148 1464 1224 1522 hanc
1246 1467 1390 1523 viscerum
1416 1464 1536 1533 Terrae,
1568 1463 1623 1520 nisi

280 1558 436 1610 concurrat
459 1553 557 1610 anima
579 1550 800 1627 qualiscunque,
824 1549 930 1610 sadans
951 1551 1039 1621 intus,
1063 1565 1128 1607 curn
1143 1551 1227 1610 hoste
1243 1550 1393 1610 colludens
1418 1553 1503 1626 eique
1525 1557 1624 1626 portas

279 1639 424 1714 aperiens.
470 1637 588 1706 Videas,
611 1637 744 1698 laborare
767 1638 854 1713 hujus
878 1635 1118 1696 considerationis
1133 1638 1268 1713 neglectu
1292 1655 1346 1699 eeu
1360 1645 1479 1699 veterno
1496 1637 1624 1714 quodam

279 1723 445 1801 plerosque,
468 1729 518 1802 qui
542 1724 589 1784 vel
611 1727 760 1784 minimum
791 1724 969 1800 astrologiae
992 1723 1138 1802 tribuunt3
1167 1724 1242 1785 adeo
1265 1725 1397 1804 quidem,
1430 1733 1463 1784 ut
1484 1743 1551 1784 cum
1573 1742 1626 1784 ex-

279 1814 368 1872 orirer
390 1829 462 1889 ego,
493 1816 545 1890 qni
574 1811 692 1872 modurn
722 1811 969 1885 demonstrabam,
1003 1828 1061 1887 quo
1092 1820 1263 1888 sequeretur
1291 1833 1327 1874 ex
1350 1821 1471 1891 aspectu
1503 1814 1625 1872 mutatio

279 1906 503 1976 tempestatum,
534 1903 670 1960 existeret
691 1903 736 1958 vir
759 1901 885 1972 celeber,
915 1901 966 1975 qui
989 1905 1022 1956 ut
1043 1915 1089 1958 me
1112 1901 1251 1960 refutaret
1277 1918 1385 1978 magna
1404 1901 1626 1960 asseveratione

280 1987 487 2061 contendebat,
518 1988 683 2065 pluviarum
706 1991 856 2048 materiam
880 1984 973 2063 (quod
996 2003 1084 2062 supra
1105 1987 1155 2046 iol.
1180 1990 1242 2047 235
1265 1993 1295 2047 in
1318 1989 1408 2066 vulgo
1437 1991 1526 2048 etiam
1549 1987 1627 2046 ride-

278 2075 396 2152 bamus)
419 2075 574 2136 coelestem
597 2093 676 2149 esse,
699 2093 794 2152 neque
816 2083 924 2148 tamem
947 2089 984 2131 ne
1007 2076 1049 2132 sic
1072 2075 1198 2150 quidem,
1225 2075 1358 2150 docebat,
1382 2093 1441 2153 qno
1464 2083 1551 2153 pacto
1567 2075 1626 2146 liat,

279 2170 312 2222 ut
335 2181 400 2223 cum
430 2181 544 2240 semper
572 2166 601 2221 in
623 2163 713 2222 Terra
742 2169 847 2223 coeant
875 2162 1058 2239 planetarum
1081 2161 1169 2237 radii,
1201 2164 1320 2240 pluviae
1350 2172 1419 2223 tunc
1444 2166 1542 2240 potius
1576 2162 1627 2221 de-

280 2250 386 2323 cidant,
410 2252 434 2309 si
456 2251 531 2310 radii
555 2251 686 2311 binorum
701 2251 884 2327 planetarum
900 2250 1007 2307 iaciant
1023 2248 1162 2323 angulum
1180 2249 1244 2324 60⁰,
1268 2270 1355 2328 quam
1378 2253 1401 2310 si
1420 2247 1476 2310 59⁰
1493 2258 1544 2311 aut
1565 2243 1627 2310 61⁰.

368 2338 430 2414 Ego
459 2355 530 2398 vero
560 2347 628 2400 ante
657 2341 754 2397 omnia
781 2337 830 2398 Jo.
855 2338 917 2396 Pici
941 2335 1131 2397 Mirandulaa.
1149 2337 1270 2398 Comitis
1298 2340 1389 2399 libros
1412 2337 1497 2396 XIV.
1528 2346 1630 2396 contra

278 2425 469 2502 astrologiam
490 2426 562 2485 mihi
583 2425 722 2503 legendos
747 2427 847 2485 causari
870 2426 1065 2498 rationesque,
1089 2442 1162 2499 quas
1184 2428 1209 2484 is
1233 2429 1338 2503 cuique
1355 2428 1442 2503 capiti
1459 2433 1628 2503 opponeret,

280 2513 485 2589 excutiendam
509 2531 566 2589 qua
587 2530 618 2573 re
641 2515 764 2585 lactum,
798 2521 830 2572 ut
850 2529 910 2571 non
933 2517 1046 2568 tantum
1070 2513 1253 2574 confirmarer
1274 2517 1303 2573 in
1327 2513 1513 2572 damnatione
1535 2513 1629 2590 pluri·

280 2619 392 2661 marum
414 2603 661 2677 superstitionum,
685 2599 735 2660 sed
760 2602 847 2660 etiam
870 2601 899 2656 in
917 2598 1098 2673 quibusdam
1121 2617 1200 2660 nova
1223 2601 1295 2660 mihi
1316 2602 1367 2660 lux
1390 2603 1526 2674 oriretur,
1562 2599 1630 2659 dum

280 2691 341 2746 vim
364 2688 559 2765 objectionum
594 2690 704 2765 ingenii
727 2690 911 2749 contentione
944 2683 1103 2744 discutiens
1141 2706 1201 2748 rem
1224 2692 1318 2766 ipsam
1341 2691 1467 2767 penitius
1489 2689 1630 2765 introspi-

281 2775 403 2835 ciebam.
448 2776 584 2851 Denique
607 2777 676 2837 lecit
697 2775 770 2835 liber
792 2775 840 2834 ille
863 2771 1016 2834 refutando
1040 2769 1189 2849 nonnulla,
1213 2785 1245 2836 ut
1261 2779 1296 2835 iis
1320 2794 1375 2854 ego
1398 2776 1484 2836 iidem
1506 2775 1631 2836 adhibe-

279 2881 360 2942 rem,
390 2864 498 2939 quibua
521 2869 608 2924 antea
626 2871 659 2922 ut
682 2862 767 2922 fidem
791 2863 968 2938 derogarem,
993 2860 1135 2938 astrologi
1161 2861 1342 2924 deleniendo
1374 2866 1537 2924 effecerant.
1585 2863 1631 2922 Sic

280 2951 336 3010 luit
358 2968 423 3010 cum
446 2952 621 3027 aspectibus.
668 2950 741 3009 Cum
765 2955 842 3010 enim
865 2967 900 3009 ex
922 2965 982 3005 una
1003 2955 1086 3023 parte
1109 2955 1281 3028 respicerem
1304 2950 1342 3011 ad
1365 2953 1631 3011 constantissimam

282 3041 506 3115 experientiam.
530 3055 588 3098 aron
613 3038 729 3114 quidem
752 3040 888 3112 nivibus,
913 3041 964 3093 aut
988 3038 1097 3109 ventis,
1123 3047 1174 3098 aut
1201 3040 1365 3099 tonitrubus
1388 3040 1530 3116 aliisque,
1556 3056 1631 3116 quae

282 3124 449 3202 praedicere
473 3126 568 3186 solent
591 3125 744 3202 astrologi,
769 3129 812 3184 sic
834 3128 863 3183 in
886 3123 983 3200 specie
1006 3122 1140 3204 inhians,
1171 3127 1222 3188 sed
1245 3127 1420 3204 generaliter
1441 3127 1630 3186 animadver-

256 3271 261 3278 ,
281 3221 355 3286 tens,
380 3220 487 3272 statum
510 3215 585 3272 aeris
601 3230 776 3290 quocunque
792 3213 879 3272 modo
895 3212 1081 3283 commoveri,
1105 3215 1129 3271 si
1153 3222 1251 3274 essent
1267 3221 1410 3291 aspectus,
1435 3217 1516 3274 verbi
1533 3231 1631 3288 cansa,

281 3304 309 3360 si
331 3308 427 3360 essent
450 3296 597 3377 conjuncti
619 3301 699 3360 Mars
722 3300 899 3378 etaupirer,
924 3299 1082 3380 quiescere,
1106 3302 1131 3357 si
1151 3319 1208 3361 non
1225 3301 1377 3374 essent3*)
1402 3319 1437 3362 ex
1454 3302 1547 3362 altera
1562 3318 1632 3361 vero

283 3397 365 3466 parte
399 3387 635 3448 Mirandulanum
660 3387 804 3464 audirem,
840 3391 1041 3464 quaerentem:
1075 3404 1165 3461 quare
1198 3392 1296 3466 potius
1323 3389 1435 3462 credat,
1471 3389 1582 3450 Jovem
1605 3395 1633 3448 et

283 3475 422 3550 Martem,
447 3493 513 3535 cnm
535 3476 671 3537 videntur
693 3477 780 3535 simul
803 3494 875 3544 esse,
898 3473 1011 3548 majora
1033 3473 1142 3547 lacere,
1177 3495 1270 3553 quam
1294 3494 1359 3535 cum
1383 3485 1450 3537 sunt
1479 3475 1632 3552 separati?

283 3565 393 3640 quippe
417 3565 620 3639 conjunctione
644 3580 701 3623 non
724 3567 824 3640 augeri
847 3563 972 3631 lumine,
1004 3569 1145 3635 quantum
1170 3567 1246 3625 enim
1274 3563 1466 3640 possederant
1495 3565 1633 3640 separati,
1697 3599 1701 3610 ·

284 3658 397 3710 tantum
421 3652 521 3711 afferre
543 3654 573 3709 in
596 3669 795 3728 congressum,
821 3649 925 3728 quodsi
950 3647 1131 3707 diversarum
1152 3652 1326 3728 qualitatum
1354 3651 1491 3729 planetae
1514 3655 1633 3724 coirent,

284 3737 378 3798 videri
400 3739 523 3801 alterum
546 3740 584 3798 ab
607 3738 699 3798 altero
721 3742 819 3818 potius
844 3736 992 3813 impediri;
1016 3733 1063 3793 hic
1086 3736 1204 3812 inquam
1222 3757 1277 3815 ego
1299 3744 1518 3817 responsionem
1542 3757 1634 3814 quae-

285 3843 367 3899 rens,
398 3833 431 3885 ut
454 3833 588 3902 aspectus
609 3834 719 3900 tuerer,
753 3827 789 3886 ad
814 3843 887 3902 quos
910 3828 1146 3900 meteorasequi
1171 3827 1324 3901 videbam,
1360 3831 1486 3904 primum
1509 3823 1577 3886 illos
1603 3834 1634 3885 ut

285 3931 413 3987 causam,
438 3911 542 3972 deinde
564 3913 637 3972 haec
660 3923 692 3971 ut
713 3915 847 3973 effectum
865 3910 1032 3986 diligentius
1048 3913 1231 3974 considerare
1253 3915 1346 3990 coepi.
1392 3915 1540 3992 Aspectus
1558 3917 1633 3972 enim

285 4002 388 4074 lorma,
412 4017 487 4076 quae
511 4019 547 4060 ex
562 4001 791 4077 configuratione
815 4000 862 4060 vel
878 3996 1068 4073 angulatioue
1083 4003 1249 4074 promiscua
1265 4009 1414 4078 aspectum
1436 4003 1515 4074 lacit,
1539 4019 1634 4078 quan·

286 4090 355 4147 titas
378 4088 556 4163 qualitativa
578 4098 653 4161 erat,
683 4093 741 4148 imo
770 4089 873 4148 relatio
897 4085 999 4144 talium
1023 4091 1218 4158 quantitatum
1249 4098 1327 4163 erat,
1359 4107 1410 4149 ens
1439 4105 1480 4161 sc.
1504 4091 1633 4147 rationis.

286 4172 327 4235 Ut
348 4178 437 4252 igitur
460 4183 656 4236 commoveret
679 4181 783 4248 adrem,
808 4174 976 4252 oportebat,
1011 4178 1044 4227 ut
1065 4177 1206 4236 rationem
1241 4177 1370 4252 aliquam
1392 4179 1471 4255 priua
1494 4183 1634 4246 moveret,

288 4279 363 4337 qnae
385 4264 434 4322 vel
457 4269 562 4338 adrem,
585 4263 686 4338 velid,
711 4281 768 4340 quo
792 4266 817 4322 is
840 4263 981 4331 turbatur,
1005 4259 1034 4313 in
1050 4269 1197 4334 potestate
1212 4263 1312 4324 babet.
1358 4264 1450 4324 Simul
1475 4265 1512 4323 ob
1535 4263 1633 4324 oculos

288 4351 461 4410 versabatur
483 4355 661 4428 comparatio
684 4359 852 4428 aspectuum
876 4366 941 4408 curn
963 4346 1178 4411 concordantis
1199 4355 1325 4428 musicis,
1349 4351 1552 4411 aPtolemaeo
1576 4359 1634 4409 tra-

288 4435 363 4508 dita,
393 4438 567 4498 aOardauo
601 4440 760 4516 explicata,
794 4433 1040 4498 alliiraudulano
1062 4453 1133 4498 vero
1160 4441 1246 4498 nimis
1269 4448 1376 4499 temere
1405 4439 1543 4516 explosa,
1577 4453 1633 4512 qua

289 4525 426 4602 analogia
454 4524 609 4603 plurimum
639 4547 702 4587 sum
730 4529 848 4604 adjutus
885 4529 914 4585 in
944 4537 1098 4585 causarum
1130 4527 1329 4604 indagatione.
1380 4529 1455 4588 Nam
1485 4525 1631 4602 pleraque,

366 4719 391 4770 ⁰)
404 4719 464 4760 (lava
482 4721 656 4770 ambiguitatem.
685 4721 720 4761 Ad
739 4721 833 4763 enectus
853 4723 962 4763 meteoros
983 4721 1119 4770 generallter
1139 4721 1275 4758 cononrrnnt
1295 4721 1402 4768 aspectus
1422 4718 1482 4758 inter
1495 4725 1587 4764 oauaaar
1610 4715 1634 4754 at

289 4772 385 4822 aliquam
400 4775 487 4824 longam
501 4777 586 4823 partem
606 4775 659 4816 anni
681 4775 775 4824 ejusque
789 4775 920 4825 qualitatem
933 4777 1060 4816 continuam
1081 4777 1104 4813 at
1118 4771 1244 4818 generalem
1264 4775 1373 4826 nasetur
1387 4769 1510 4821 qneudtani
1523 4778 1568 4808 non
1582 4777 1630 4808 aaa·

290 4827 382 4875 aantm,
397 4827 438 4868 aad
451 4827 522 4876 asum
534 4828 558 4868 tra
572 4826 620 4868 aliea
634 4829 720 4868 unium
735 4827 850 4877 singulos,
864 4827 887 4868 in
902 4839 957 4878 quoa
971 4827 1080 4869 metricat.
1108 4823 1165 4866 Vide
1178 4823 1245 4868 nna.
