3676 5536
136 347 143 384 l

311 417 372 480 182
842 413 884 468 De
902 405 1124 480 Propontionrbns

611 618 776 676 Duodecimn

336 701 399 759 XII.
454 699 808 772 81,8,18,81),81,
829 701 863 769 8,
881 700 939 757 81).

448 837 452 858 ·
622 814 782 870 Tredecime
859 831 862 845 ·

322 894 401 951 XIII.
460 893 520 962 81,
540 893 599 962 81,
619 893 652 958 8,
672 894 735 963 81),
755 893 816 964 81,
836 895 870 960 8,
891 893 953 960 81),

398 978 441 1028 est
458 971 553 1026 eadem
570 987 631 1026 eum
649 973 788 1041 sequentis
806 973 893 1027 forms
909 971 999 1040 priori.

256 1162 260 1168 ”
380 1165 413 1219 In
430 1171 525 1220 octava
541 1168 560 1234 f
572 1166 742 1222 remitonium
764 1164 848 1220 habet
866 1163 982 1230 unicum,
1051 1175 1517 1242 {2:TLf-Tsss‘t5
1553 1176 1649 1185 ····-

309 1245 389 1300 sitnm
406 1241 467 1298 loeo
486 1243 575 1308 tertio,
595 1259 678 1313 quare
695 1259 751 1300 nna
767 1242 859 1298 existit
870 1239 982 1311 species,
1016 1177 1656 1332 ssttffgssmfimjffi

310 1337 347 1377 0.
367 1321 462 1376 errem
479 1321 627 1378 tredecima
643 1321 766 1377 enormis
784 1321 844 1388 ne,
868 1319 928 1389 ne,
954 1319 982 1388 e,
1015 1295 1207 1370 ·--οθ
1244 1319 1491 1328 ----

309 1397 372 1469 1)8,
391 1398 450 1464 18,
469 1399 503 1469 8,
522 1400 575 1456 DS
591 1403 633 1456 vel
650 1400 712 1468 81),
732 1399 760 1456 8.

396 1503 520 1575 Denique
545 1506 573 1560 in
597 1511 693 1560 octava
714 1506 744 1572 sp
769 1504 822 1558 duo
845 1511 909 1560 sunt
935 1503 997 1558 loca
1015 1504 1092 1558 semi-
1178 1515 1490 1560 ·”T—''TLT‘
1527 1521 1650 1554 -τ-·

397 1585 485 1651 ionio,
506 1585 550 1640 vel
567 1585 595 1639 in
612 1583 762 1652 penultima
780 1584 857 1652 sede,
880 1585 922 1639 vel
940 1585 968 1639 in
987 1584 1092 1644 ultime.
1137 1518 1656 1672 ἓίΖ-ῖᾙῗὲἓ

330 1661 401 1718 XIV.
422 1663 525 1732 Quodsi
542 1663 625 1733 igitur
643 1663 683 1716 sic
696 1663 818 1718 ordines:
838 1664 893 1734 81,
913 1663 942 1733 8,
961 1664 1019 1732 81),
1038 1665 1094 1733 81,
1144 1634 1333 1719 *3035-

399 1741 437 1810 8,
456 1741 526 1810 81),
539 1742 600 1808 81,
619 1743 724 1812 speeies
743 1743 795 1797 erit
811 1744 909 1812 prima,
932 1750 963 1798 ut
981 1753 1094 1813 apparet

401 1837 436 1876 ex
454 1821 615 1891 collatione;
634 1821 677 1875 sin
694 1822 784 1888 aliter,
800 1824 851 1878 erit
869 1830 966 1892 quarta
979 1822 1092 1878 decima:
1180 1841 1268 1885 L.

401 1901 436 1970 8,
456 1899 515 1970 81,
535 1901 599 1968 81),
620 1901 680 1968 81,
700 1901 733 1970 8,
752 1902 815 1972 81),
833 1901 888 1957 81.

396 2043 519 2111 Apparet
537 2041 619 2108 igitur
636 2055 726 2109 causo,
745 2057 794 2096 cur
809 2041 842 2095 in
857 2040 950 2097 ordine
968 2041 1008 2110 11,
1028 2043 1079 2108 lv,
1098 2043 1135 2109 V,
1155 2043 1214 2112 VII,
1232 2044 1278 2112 IX,
1303 2059 1340 2098 ec.
1360 2043 1386 2096 in
1405 2044 1507 2098 octavis
1527 2047 1578 2114 Ge,
1598 2049 1622 2114 b,
1640 2053 1660 2114 t,

310 2139 351 2190 cp,
369 2121 413 2190 dp,
431 2119 507 2174 nulla
524 2118 669 2189 peculiaris
688 2122 791 2190 species
809 2121 928 2190 incipiat.
965 2122 1086 2191 Apparet
1105 2122 1240 2190 secundo,
1265 2122 1367 2176 nullam
1385 2137 1466 2192 posse
1492 2123 1552 2177 fieri
1571 2125 1661 2194 gentu-

311 2215 374 2254 narn
390 2197 637 2267 transpositionem,
656 2205 687 2252 ut
704 2208 812 2254 manent
831 2199 925 2254 eadem
942 2201 1047 2270 speeies
1066 2209 1185 2270 octavos,
1203 2203 1255 2256 nisi
1272 2202 1335 2266 has,
1356 2205 1377 2262 Ι)
1395 2204 1429 2258 ab
1446 2207 1475 2270 sp
1494 2205 1520 2257 in
1538 2224 1571 2274 9,
1591 2207 1626 2272 Π)
1644 2222 1659 2258 ι

310 2277 1467 2352 ppina,tedfornaerejectae,111)abaint‚1v)auinc,tuncque,
1495 2283 1543 2351 Vl)
1563 2284 1659 2338 edin

310 2359 357 2428 dp,
379 2356 484 2412 formae
501 2354 632 2426 rejectae,
650 2355 712 2423 VII)
731 2357 764 2411 ab
784 2373 797 2410 e
814 2356 842 2410 in
858 2360 879 2426 f.

398 2449 437 2508 At
465 2451 491 2508 si
519 2447 609 2525 vulgo
637 2451 813 2506 musicorum
844 2449 1044 2524 organicorum
1074 2443 1333 2526 obtemperemus,
1360 2455 1406 2528 qui
1430 2469 1544 2512 comme
1567 2454 1661 2528 negli-

314 2543 404 2612 gunt,
426 2553 481 2595 neo
500 2538 579 2616 'iuter
601 2545 687 2594 tonos
709 2535 851 2610 mojorem
872 2539 1070 2613 minoremque
1094 2537 1274 2612 discernunt,
1304 2547 1373 2598 tune
1396 2555 1497 2600 omnes
1520 2551 1661 2616 quatuor·

313 2623 406 2684 decim
434 2631 552 2682 nostrae
580 2625 694 2698 species
727 2630 896 2684 octavarum
928 2628 1105 2685 constituent
1136 2643 1194 2683 non
1228 2625 1326 2701 plures
1359 2645 1444 2703 quarn
1475 2637 1531 2688 tres
1560 2627 1659 2688 modos

309 2728 363 2788 pro
386 2709 493 2787 triplici
516 2713 574 2770 situ
597 2711 742 2768 semitonii
765 2711 813 2783 (ut
836 2709 953 2786 quidem
976 2721 1005 2770 et
1029 2711 1179 2772 Galilaeus
1203 2723 1316 2789 tempus
1337 2715 1425 2773 inisse
1441 2716 1491 2787 ait,
1516 2735 1583 2775 eum
1606 2733 1659 2775 non

310 2797 409 2876 plures
431 2799 524 2857 tribus
546 2797 719 2856 haberentur
741 2799 820 2856 toni:
844 2797 960 2872 Dorius,
984 2797 1147 2877 Phrygius,
1170 2799 1314 2877 Lydius),
1337 2802 1571 2878 multiplicantur
1595 2821 1659 2862 vero

313 2887 344 2944 iu
366 2885 464 2962 plures
495 2902 546 2960 per
569 2883 660 2943 solam
684 2882 874 2944 altitudinem.
920 2886 995 2946 Nam
1018 2887 1097 2963 quod
1126 2891 1381 2947 tertiameansam
1403 2893 1519 2962 attinet,
1553 2895 1660 2950 articu-

205 2987 208 2996 ⁴
315 2971 454 3032 lationem
477 2972 605 3034 sceleton
629 2980 767 3046 octavae,
796 2990 832 3032 ea
854 2973 940 3032 nobis
971 2975 1116 3042 cumillis
1149 2974 1243 3034 adbuc
1275 2979 1434 3051 eommunis
1458 2987 1517 3054 est;
1544 2988 1660 3055 propter

315 3075 403 3137 qnam
426 3061 514 3120 etism
537 3060 622 3120 nobis
644 3059 742 3136 plures
766 3077 854 3158 quam
881 3063 919 3119 14
942 3065 1055 3139 species
1078 3071 1240 3123 nascentur.

580 3177 583 3186 ¹
659 3200 735 3288 Ecce
758 3207 816 3259 tres
840 3199 954 3260 ordines
978 3200 1114 3278 vulgares
1137 3209 1316 3262 octavarum.
1389 3241 1392 3248 ·

402 3323 435 3401 1)
458 3319 498 3382 Ut
521 3322 707 3381 semitonium
735 3326 773 3382 sit
800 3323 866 3383 loeo
896 3325 972 3398 imo,
1002 3341 1088 3399 quem
1117 3334 1188 3400 puto
1218 3325 1404 3386 aveteribus
1434 3325 1542 3386 dictum
1566 3327 1660 3404 Pluy-

312 3411 408 3488 ginm,
425 3408 632 3506 vaequipollent
654 3408 711 3468 illis
735 3428 771 3471 ex
793 3414 899 3471 nostris
921 3412 1071 3487 speciebus
1093 3411 1159 3471 hae.

312 3547 387 3672 Vllll.
406 3548 547 3672 ἓξὲξ
563 3547 604 3686 ἐρ
681 3547 710 3674 ξ’
728 3548 790 3686 13)]ξὶ
806 3547 866 3685 ,Ιξῗ
882 3548 941 3685 {2}
959 3548 989 3686 ἓ
1007 3549 1066 3687 gg:
1082 3549 1141 3674 g}
1195 3583 1413 3688 Aequipqllentia
1426 3583 1515 3652 quoad
1528 3584 1613 3638 imum
1625 3591 1661 3636 te·

407 3685 439 3740 In
451 3691 546 3740 octava
565 3687 591 3742 α,
682 3660 711 3755 ἐ,
730 3688 789 3758 DS,
809 3687 865 3756 ἧς,
884 3689 940 3755 LS,
960 3689 989 3756 S,
1008 3689 1067 3757 DS,
1086 3691 1141 3745 DS·
1263 3657 1437 3710 trachordnm
1456 3663 1499 3710 est
1517 3671 1591 3708 verat.

314 3757 438 3912 {XIX-„1112
450 3763 545 3883 ggllll
560 3773 598 3894 ἕρ.
682 3757 787 3895 {iffi}
805 3757 863 3895 ἑὲ
881 3758 939 3894 ἕῗζ
957 3758 987 3895 g:
1006 3759 1064 3897 gg:
1082 3760 1139 3884 {D
1197 3797 1343 3850 Mediocris
1363 3781 1586 3864 dequipotlentia.

660 3901 716 3909 .—

403 3970 434 4053 2)
457 3969 497 4032 Ut
519 3975 703 4033 semitonium
727 3978 765 4030 eit
786 3970 852 4032 loco
867 3974 992 4047 penimo,
1017 3974 1095 4049 quod
1110 3974 1225 4034 videtur
1245 3977 1274 4032 in
1290 3975 1390 4043 Dorio,
1414 3974 1561 4034 veteribus
1579 3975 1661 4042 dieto,

278 4043 281 4051 ⁸
315 4061 425 4124 iactum
446 4079 529 4135 esse,
552 4060 751 4137 aequipollent
774 4059 863 4134 vulgo
888 4077 924 4118 cx
947 4062 1098 4135 speciebus
1121 4065 1226 4121 nostris
1249 4063 1321 4121 hae:

366 4200 386 4253 I.
405 4201 437 4254 In
450 4208 547 4254 octena
565 4199 597 4254 G.
648 4197 704 4264 18,
724 4195 753 4263 8,
772 4195 831 4264 1)8,
850 4196 907 4263 18,
934 4198 963 4262 8,
991 4197 1049 4264 1)8,
1068 4196 1124 4264 18,
1143 4199 1184 4252 oel
1193 4197 1251 4266 SD,
1279 4199 1308 4268 8,
1328 4199 1383 4254 81.
1420 4199 1640 4268 aequipollentis

408 4269 439 4323 ln
453 4277 548 4324 octava
563 4271 601 4337 sp.
649 4267 697 4322 81
724 4265 753 4334 8,
773 4265 832 4334 81),
851 4266 899 4321 81
934 4267 963 4334 8,
993 4267 1051 4335 81),
1070 4265 1124 4320 81.
1403 4271 1492 4339 quoad
1514 4271 1600 4326 imum
1622 4288 1659 4342 sy·

342 4337 389 4392 Vl.
406 4340 438 4392 In
451 4345 546 4394 octava
565 4356 587 4394 c.
649 4310 705 4406 18,
725 4309 976 4405 8,1)8,18,18,
1007 4338 1036 4404 8,
1067 4335 1125 4390 1)8,
1415 4349 1501 4395 stema
1519 4341 1646 4410 diapente

408 4409 440 4463 In
452 4415 546 4463 octava
564 4411 586 4476 b.
649 4407 705 4476 81,
724 4407 752 4475 8,
772 4407 831 4476 SD,
851 4407 905 4476 81,
920 4407 975 4477 81,
1006 4409 1034 4474 8,
1063 4406 1120 4473 81),
1139 4411 1179 4464 uel
1202 4409 1231 4477 8,
1259 4410 1314 4478 18,
1326 4411 1384 4465 SD.
1466 4421 1508 4465 est
1525 4427 1599 4466 vera.

331 4505 393 4564 xn.
412 4511 444 4564 n
457 4520 552 4568 oetan
569 4532 590 4570 ι,
650 4513 705 4581 sn,
725 4512 754 4581 s,
774 4513 829 4581 ns,
848 4511 906 4580 sn,
925 4511 980 4581 sn,
1008 4513 1037 4582 e,
1070 4513 1127 4582 sn,
1146 4515 1187 4570 vo
1205 4513 1233 4582 s,
1252 4514 1307 4588 se,
1327 4516 1382 4570 sn.
1403 4481 1661 4607 Hiqfssgfflffl·

345 4647 392 4701 ιι.
411 4649 443 4701 In
456 4619 551 4703 onio
569 4655 603 4708 a.
650 4653 708 4722 sn,
727 4653 757 4722 s,
775 4653 830 4722 ns,
850 4654 908 4724 sn,
927 4653 983 4723 se,
1011 4655 1034 4712 s
1072 4655 1127 4724 es,
1146 4659 1186 4711 vc
1204 4657 1232 4724 n,
1253 4657 1307 4724 ns,
1328 4657 1383 4713 es.
1425 4623 1641 4692 A⁶t¹¹¹1³⁰¹¹⁰¹¹²l²

347 4716 394 4770 nn
412 4715 443 4772 n
456 4725 551 4772 oona
569 4723 595 4776 a.
650 4725 708 4792 nn,
728 4723 757 4793 n,
776 4724 832 4794 ns,
850 4724 906 4793 es,
926 4724 984 4794 sn,
1011 4697 1041 4794 si,
1071 4725 1127 4794 ne,
1146 4727 1187 4782 so
1204 4725 1233 4793 s,
1251 4726 1309 4794 nn,
1328 4727 1385 4783 ne.
1402 4693 1661 4834 mi‘ssggssssiffiw'

320 4821 1404 4848 Ἦ
