3480 5548
193 439 195 447 ,
289 381 328 451 ‘18
867 379 1038 438 Prooemium

286 561 431 642 Keplerus
453 565 550 642 ipsum
571 555 761 646 (Fluddium)
790 561 921 622 obscuris
943 577 1039 622 rerum
1060 560 1273 637 aenigmatibus
1296 557 1435 620 delectari
1457 555 1551 633 dicat,
1582 557 1633 634 qui

286 662 335 712 res'
354 654 434 729 ipsas
457 653 635 711 obscuritate
665 649 814 711 involutas
835 651 864 707 in
895 649 991 709 lucem
1020 648 1184 710 intellectus
1213 648 1339 724 prolerre
1368 645 1499 721 studeat,
1532 653 1634 706 contra

287 754 363 816 quae
386 738 529 800 Fluddius
550 737 649 801 literas
672 756 690 798 a
706 736 858 801 Germanis
875 744 905 798 et
920 734 1015 796 Gallis
1030 736 1144 811 missas,
1166 736 1273 823 quibus
1288 733 1385 801 studia
1400 751 1454 796 sua
1467 731 1632 806 laudentur,

284 827 402 904 profert.
446 831 706 899 Mathematicorum,
727 826 832 902 pergit,
861 825 1010 896 nrl'garinm
1028 833 1077 898 est,
1096 827 1168 882 cuca
1184 827 1293 882 umbras
1311 824 1504 896 quantitativas
1521 824 1633 892 versam,

286 904 401 980 chymiei
413 915 440 965 et
452 909 600 965 Hermetici
617 923 706 963 vemm
724 923 867 978 corporum
880 904 1042 960 naturalium
1054 905 1197 964 medullam
1210 905 1417 978 amplectuntur,
1435 899 1513 962 uude
1528 901 1634 961 transit

284 994 323 1054 ad
344 993 542 1055 laudationem
572 992 715 1076 chemise,
748 993 795 1053 cui
824 986 1012 1049 fundamenta
1032 999 1154 1052 naturae
1176 993 1235 1052 siut
1255 991 1412 1067 pamlacta.
1449 993 1589 1049 crocitem
1606 998 1635 1046 et

284 1077 421 1133 blaterant
438 1077 563 1148 vulgares
580 1073 763 1130 mathematici
781 1072 814 1127 de
826 1071 961 1142 profunda
978 1087 1028 1130 sua
1038 1082 1151 1130 naturae
1164 1074 1324 1144 cognitione,
1342 1089 1392 1143 per
1403 1071 1529 1128 effectum
1541 1079 1635 1128 umen

183 1187 186 1206 .
285 1154 408 1212 homines
427 1164 490 1212 sunt
503 1153 696 1224 eognoseeudi;
717 1151 900 1222 ehynticorum
914 1157 965 1216 est,
983 1152 1090 1208 occulta
1101 1151 1272 1208 manifestare
1284 1160 1462 1220 naturamque
1473 1150 1634 1221 corporibus

286 1237 378 1306 opacis
396 1235 562 1292 submersam
580 1232 724 1290 extrahere
742 1230 887 1298 lumenque
905 1229 1024 1286 abditum
1042 1247 1058 1287 e
1073 1236 1245 1288 tenebrarum
1263 1246 1371 1287 carcere
1388 1229 1510 1285 liberare.

393 1343 518 1420 Aegrius
541 1343 630 1404 etiam
650 1341 707 1403 tert
728 1339 872 1400 Fluddius
890 1335 1015 1418 Kepleri
1034 1343 1150 1418 crimus,
1174 1340 1253 1419 quod
1276 1317 1421 1417 eaquae
1443 1357 1462 1400 a
1483 1339 1634 1401 veteribus

285 1427 471 1506 desnmserit,
501 1431 623 1506 contusa
645 1435 675 1489 et
696 1431 857 1490 incorrecta
887 1437 1021 1506 usurpet,
1051 1447 1141 1506 quum
1161 1428 1307 1507 Keplerus
1329 1427 1455 1489 naturali
1477 1427 1579 1488 ordine
1601 1444 1633 1486 se

282 1517 438 1596 procedere
449 1518 537 1579 dicat.
572 1521 626 1576 Pto
644 1519 724 1577 meris
736 1520 833 1587 renus,
857 1519 950 1594 inquit
962 1516 1113 1592 Fluddiue,
1135 1525 1271 1589 reumque
1289 1521 1322 1576 ab
1340 1513 1555 1578 municarius
1571 1523 1633 1574 orto

282 1601 350 1657 haec
368 1601 428 1670 ejus
447 1601 520 1657 dicta
537 1600 692 1669 accipimus.
713 1598 762 1678 ilie
774 1599 945 1670 condemnat,
964 1599 1013 1656 sed
1030 1595 1163 1655 rationem'
1179 1600 1345 1656 venusiam
1363 1598 1425 1671 lege
1441 1617 1494 1658 sna
1510 1601 1634 1670 ignorut3

281 1696 312 1738 se
328 1681 435 1752 laudat,
458 1688 486 1737 et
503 1681 561 1736 uice
578 1696 658 1737 uersa
676 1679 791 1750 alicnjua
809 1679 898 1736 landis
917 1677 1098 1735 testimonium
1114 1693 1170 1734 non
1187 1679 1303 1735 invenio.
1344 1679 1539 1750 Propertionee
1557 1694 1633 1734 meas

281 1759 398 1816 musicas
419 1760 509 1815 uerbis
535 1757 655 1815 coninua
678 1758 826 1830 depravare
847 1759 953 1816 uidetur
977 1764 1004 1814 et
1030 1765 1120 1814 umen
1145 1773 1223 1815 nemo
1241 1757 1394 1813 mortalium
1408 1757 1516 1826 justitia
1533 1757 1634 1814 ductus

281 1839 365 1895 ullam
382 1839 589 1914 proportionum
610 1839 639 1894 in
657 1838 758 1909 templo
776 1854 836 1895 meo
853 1829 1044 1910 expressarum
1061 1837 1168 1907 culpam
1185 1839 1305 1894 invenire
1322 1837 1432 1908 potest'
1457 1839 1547 1908 Quare
1565 1838 1634 1893 haec

282 1923 347 1974 sunt
363 1916 446 1972 uerba
462 1916 554 1972 inania
570 1932 704 1986 vocesque
721 1917 863 1975 absurdae.
904 1917 962 1973 Nec
980 1917 1092 1986 quidem·
1106 1933 1185 1975 uerus
1202 1919 1226 1974 is
1244 1918 1363 1974 musicus
1380 1933 1442 1974 esse
1459 1925 1564 1987 potest,
1587 1917 1633 1987 qui

281 2001 357 2052 tauto
376 1995 543 2065 antipathian
560 1995 625 2052 vitio
644 1995 758 2053 laborat.
796 1991 836 2054 Ut
850 1993 1010 2070 Keplerum
1031 1993 1154 2069 refellat,
1176 1993 1320 2054 Fluddius
1334 1991 1524 2053 Harmoniam
1547 2010 1632 2054 suam

282 2096 350 2140 cum
370 2079 491 2157 Kepleri
513 2078 861 2158 Harmonia‘oomparat,
891 2081 923 2141 id
943 2082 1070 2142 maxime
1099 2084 1210 2142 crimini
1232 2082 1361 2159 Keplero
1390 2088 1520 2156 vemens,
1553 2080 1632 2159 quod

283 2166 436 2245 (iopernici
459 2170 633 2228 sententiam
655 2170 695 2228 sit
711 2169 870 2247 'amplexus
885 2177 914 2230 et
928 2169 1005 2229 hunc
1019 2166 1105 2228 linem
1121 2170 1191 2230 iacit
1206 2169 1336 2230 dicendi.-
1359 2187 1393 2228 ει
1405 2173 1503 2244 quibua
1516 2173 1633 2243 sapienti

281 2250 373 2306 udere
390 2249 465 2316 licet,
494 2245 574 2320 quam
591 2252 673 2322 longe
691 2251 782 2309 absint
798 2253 851 2307 hae
868 2251 1037 2309 inventiones
1058 2251 1181 2310 authoris
1198 2267 1215 2308 a
1233 2253 1304 2309 ueris
1326 2251 1515 2324 philosophiae
1536 2252 1632 2309 tundu-

281 2330 391 2400 mentis,
416 2345 487 2400 quae
507 2330 568 2400 ipre
589 2337 667 2394 taum
692 2333 831 2389 conamine
850 2330 999 2400 ordineque
1017 2336 1074 2386 tam
1092 2339 1187 2388 exacto
1205 2339 1319 2388 naturae
1336 2333 1414 2403 sequi
1431 2347 1461 2388 se
1478 2331 1632 2402 pollicetur.

281 2409 373 2478 Atque
390 2411 429 2466 ita
447 2411 577 2476 uidemus,
594 2411 734 2467 minimum
751 2413 823 2470 inter
838 2425 964 2466 uosesse
980 2425 1151 2482 consensum,
1170 2412 1272 2482 quippe
1289 2409 1362 2480 quod
1379 2411 1439 2481 ipse
1456 2409 1526 2466 veris
1545 2409 1632 2481 philo·

281 2489 430 2558 sophorum
447 2487 587 2559 principiis
605 2488 727 2545 abutitur
744 2497 774 2547 et
788 2493 817 2546 in
834 2505 944 2546 sensnm
961 2489 1079 2546 alienum
1097 2505 1130 2546 ea
1146 2490 1234 2560 vertit,
1253 2503 1304 2559 ego
1316 2504 1360 2544 me
1371 2503 1452 2559 quam
1463 2484 1633 2550 exactissime

281 2567 317 2623 ad
334 2567 559 2638 philosophorum
577 2566 651 2622 dicta
669 2576 697 2624 et
715 2583 852 2626 sacratum
870 2569 1009 2625 literarum
1026 2569 1182 2626 testimonia
1198 2567 1346 2639 adstringo.

244 2749 247 2765 .
386 2677 477 2738 Plura
499 2678 535 2738 de
557 2677 614 2738 hac
634 2681 824 2755 responsione
845 2679 966 2740 Fluddii
988 2681 1153 2758 quibusque
1185 2680 1273 2740 umis
1310 2677 1450 2739 adversus
1472 2677 1632 2756 Keplerum

281 2781 353 2826 usus
375 2767 422 2840 sit,
444 2766 546 2827 ah'erre
567 2759 801 2842 supersedemus,
824 2779 860 2829 eo
882 2769 977 2845 magis
999 2768 1078 2845 quod
1100 2767 1247 2848 Keplcrus
1269 2768 1332 2844 ipse
1354 2767 1385 2823 in
1406 2766 1629 2844 ,Apologia“

281 2869 336 2912 sua
356 2849 449 2914 multa
470 2853 509 2913 ab
530 2853 584 2912 ilio
606 2855 671 2930 ipso
694 2853 773 2914 dicta
794 2862 940 2938 retentat.
970 2855 1056 2915 Hanc
1079 2855 1256 2933 Apologiam
1277 2852 1423 2930 Keplerus
1444 2855 1631 2916 Franhofurti

284 2940 381 3016 1622,
410 2943 474 3018 pari
502 2958 562 3018 qua
589 2939 782 3002 Harmoniam
804 2942 911 3020 torma,
942 2942 1164 3023 imprimendam
1186 2944 1312 3016 curavit,
1344 2941 1374 3000 in
1397 2947 1490 3019 eaque
1513 2941 1632 3004 Fluddii

281 3028 500 3105 objurgationes
532 3028 712 3090 Harmoniae
751 3047 823 3092 suae
855 3031 947 3102 iactas
980 3049 1016 3093 ex
1048 3030 1147 3092 ordine
1185 3031 1340 3092 examinat.
1404 3032 1450 3104 (In
1480 3031 1568 3091 literis
1597 3031 1632 3089 ad

280 3117 481 3188 Berneggerum
499 3118 569 3175 datis
588 3120 641 3184 [21.
660 3119 728 3192 Aug.
746 3122 825 3188 1621]
843 3120 968 3178 hasc'illi
985 3123 1096 3179 nunciat
1113 3121 1261 3192 Keplerns:
1299 3116 1496 3195 Tampaohius
1519 3116 1632 3179 recudit

280 3201 453 3280 Mysterium
483 3221 549 3265 cum
577 3207 654 3265 notis
682 3196 781 3264 'meis'
822 3203 973 3282 Respondi
1004 3206 1042 3265 D.
1074 3207 1110 3268 de
1142 3203 1294 3265 Fluctibus
1326 3207 1508 3281 ineptissimo
1539 3205 1631 3281 libro;

281 3295 413 3367 poenitet
435 3286 556 3368 operae,
588 3291 640 3352 sed
670 3292 789 3372 promisi
818 3291 1016 3370 Tempachioq
1046 3295 1146 3356 nescio
1168 3309 1206 3358 au
1229 3292 1286 3352 hoc
1306 3309 1478 3371 responsum
1501 3296 1539 3354 sit
1561 3312 1631 3372 pro·

283 3375 408 3438 diturum
426 3380 509 3461 jum).
539 3380 600 3439 Nos
616 3381 793 3459 Apologiam
808 3380 884 3441 hanc
897 3371 1083 3457 adjunximus
1098 3381 1277 3442 Harmoniae
1291 3379 1455 3442 Ptolomaei
1470 3400 1489 3442 a
1503 3382 1630 3464 Keplero

283 3482 394 3541 versae,
414 3485 508 3544 neque
524 3466 606 3527 aliud
621 3469 657 3528 de
671 3467 722 3528 illa
738 3467 809 3545 quid
825 3467 955 3530 dicamus
971 3469 1123 3546 habemus,
1145 3471 1202 3528 nisi
1215 3467 1315 3528 titulos
1331 3487 1350 3532 a
1364 3467 1492 3546 Keplero
1508 3471 1630 3546 singulis

280 3555 414 3629 partibus
437 3557 606 3632 inscriptos:
632 3555 689 3634 ,ad
711 3555 846 3634 analysiu
868 3556 891 3632 I,
923 3554 961 3615 ad
982 3558 1116 3636 analysin
1139 3557 1180 3616 ΙΙ.
1203 3564 1260 3616 eta·
1281 3555 1428 3618 desumtoe
1451 3575 1516 3618 esse
1539 3559 1631 3619 titulis

282 3657 300 3700 a
330 3641 455 3703 Fluddio
488 3645 624 3703 1111126
656 3645 807 3720 particulis
840 3645 999 3721 inscriptis,
1040 3645 1078 3706 ad
1112 3660 1185 3722 quos
1216 3643 1329 3704 accedit
1362 3645 1441 3722 apud
1473 3645 1630 3706 Fluddinm

282 3744 418 3790 numerus
433 3733 484 3802 at,
507 3733 677 3808 inscriptus:
704 3749 854 3806 ,examen
877 3735 988 3792 numeri
1006 3736 1044 3792 ut
1062 3750 1115 3798 seu
1129 3734 1247 3793 ternarii
1269 3733 1338 3794 cubi
1350 3733 1456 3794 'locum
1469 3733 1630 3812 ·explens“‚

282 3817 312 3874 in
335 3835 394 3894 qua
415 3814 558 3894 particula
580 3835 664 3878 suam
685 3818 877 3880 Harmoniam
900 3837 964 3880 cum
987 3820 1107 3898 Kepleri
1130 3827 1289 3896 comparat.

384 3929 504 4007 Kepleri
532 3927 709 4008 Apologiam
738 3932 819 3993 brevi
847 3939 914 4008 post
944 3941 1077 3994 secutum
1108 3941 1152 3995 est
1180 3950 1353 4011 responsum
1382 3933 1516 4012 Fluddii,
1552 3935 1631 4014 quod

281 4033 369 4095 supra
404 4020 505 4095 paucis
540 4023 775 4086 memoravimus.
834 4019 869 4079 Iu
906 4019 963 4081 tine
1001 4022 1058 4082 vol.
1073 4021 1159 4108 ¹IV.,
1198 4021 1277 4100 quod
1309 4023 1371 4083 illic
1403 4026 1628 4102 nominavimus,

282 4105 332 4164 tol.
357 4106 553 4168 tet-331.
584 4109 727 4167 continuis
757 4105 899 4184 pagellis,
935 4109 988 4169 sed
1017 4127 1095 4170 novo
1126 4109 1212 4172 titulo
1234 4105 1485 4188 hoc'resp'onsum
1513 4111 1628 4189 legeris.

281 4193 444 4270 Inscnptum
468 4203 522 4254 eal:
553 4191 778 4254 Mesochordinm
804 4198 898 4254 muudi
924 4201 1147 4272 symphoniacum
1173 4218 1222 4259 seu
1247 4202 1389 4272 replicatio
1413 4203 1526 4260 Roberti
1550 4205 1628 4276 Find,

282 4273 350 4332 alias
376 4277 408 4332 de
429 4275 584 4347 Fluctibus,
610 4276 734 4346 armigeri
755 4283 783 4332 et
804 4278 832 4332 in
854 4278 988 4334 medicina
1010 4281 1128 4338 doctoris
1155 4281 1315 4340 oxoniensis
1342 4281 1378 4338 ad
1395 4281 1557 4354 spongiam
1581 4285 1628 4340 viri
1721 4293 1723 4364 1

283 4352 426 4410 clarissimi
443 4364 473 4412 et
488 4358 515 4411 iu
533 4357 650 4414 mathesi
667 4356 823 4426 peritissimi
841 4357 866 4410 J.
885 4357 1005 4427 Kepleri,
1023 4360 1152 4417 adversus
1170 4362 1426 4419 demonstrationem
1444 4379 1521 4419 suam
1538 4363 1628 4434 analy-

283 4431 364 4487 ticam
381 4435 533 4503 nuperrime
551 4436 661 4506 editam,
679 4434 706 4490 in
719 4433 921 4504 qua-Robertus
933 4437 1106 4506 validioribus
1119 4441 1231 4498 loannis
1244 4439 1449 4512 objectionibus,
1466 4441 1627 4498 Hemoniae
1722 4445 1723 4448 ’

283 4527 349 4570 snae
375 4514 429 4592 legi
452 4517 679 4585 repugnantibus,
707 4515 819 4570 comita
845 4516 1011 4585 respondere
1036 4521 1199 4590 aggreditur.
1242 4517 1366 4577 Francos.
1385 4521 1460 4578 1623.
1505 4517 1551 4577 Ex
1573 4519 1626 4578 hoc

282 4615 422 4676 responso
450 4593 561 4673 elucet,
591 4599 751 4677 Keplerum
780 4599 957 4678 Apologiam
986 4619 1070 4664 suam
1102 4604 1142 4664 ad
1169 4601 1341 4680 Fluddium,
1383 4606 1506 4682 puratis
1537 4605 1626 4667 literis

283 4685 406 4762 additis,
436 4686 491 4747 sub
519 4687 606 4747 linem
635 4689 702 4748 anni
729 4689 809 4748 1621
840 4690 953 4750 misisse
986 4685 1089 4774 (tinem
1115 4691 1185 4752 iecit
1213 4689 1259 4751 his
1287 4692 1402 4754 verbist
1433 4691 1519 4755 Valet
1564 4679 1625 4754 Cal

282 4772 360 4854 Aug.
388 4770 512 4857 1621),
543 4777 612 4835 anui
638 4778 726 4852 igitur
755 4794 906 4838 numerum
931 4779 1028 4856 1622,
1060 4780 1130 4840 huic
1154 4776 1318 4856 apologiae
1346 4781 1530 4859 inscriptum,
1562 4797 1625 4844 esse

282 4871 489 4942 praesumtum,
511 4860 657 4942 siquidem
671 4865 701 4924 in
716 4881 856 4944 responso
872 4865 999 4944 Fluddit,
1019 4869 1074 4948 qut
1087 4868 1166 4948 typis
1179 4865 1210 4928 id
1224 4871 1374 4948 expressit,
1389 4885 1448 4932 non
1461 4870 1625 4948 peccauerit
