3732 5528
312 343 374 404 stt
776 339 943 412 Appendicis
960 341 1181 396 Harmonicornm

310 517 450 578 coneum
480 514 627 576 dividatur
656 523 685 578 st
714 517 866 595 quaelibet
894 519 1095 583 denominetur
1126 531 1293 582 ιἰιιιιιιιιο
1326 521 1549 592 concinnerunt,
1582 535 1657 596 quae

309 605 412 680 recipit
432 606 545 664 unitate
568 613 665 678 aucta,
688 608 758 680 qnia
780 624 834 683 pro
856 609 1018 669 intervallis
1041 611 1179 670 terminos
1208 611 1319 669 unitate
1341 608 1438 686 plures
1461 623 1658 666 numeramus.

395 691 461 766 His,
484 694 591 768 inquis,
615 693 809 754 conuderotir
831 713 913 756 more
935 701 1120 772 geometrico.
1166 695 1191 756 Ο
1214 705 1381 774 geometrae
1404 695 1580 767 concurrite,
1611 695 1658 751 in-

310 780 423 855 quirite,
447 781 471 840 si
496 781 651 856 quisquam
673 797 688 838 c
711 789 809 840 vestro
833 799 951 842 numero
973 786 1018 855 ait,
1043 789 1092 860 qui
1116 784 1336 862 praecedentem
1351 783 1472 844 Roberti
1496 783 1659 842 orationem

306 866 462 941 intelliget.
509 869 611 940 Patet,
640 871 764 928 minora
787 871 951 930 interuallo
973 889 1031 932 esce
1052 874 1211 948 simplicio.
1256 871 1318 932 Nec
1346 869 1403 931 hoc
1428 878 1509 948 patet
1536 887 1571 928 ex
1600 871 1658 929 tuis

310 954 609 1028 considerationibus,
638 971 693 1014 nec
715 973 769 1032 ego
793 961 899 1033 negavi
923 975 1065 1036 unquam,
1095 969 1207 1037 parturn
1230 958 1382 1019 formalem
1410 975 1473 1018 esse
1496 954 1658 1034 simplicio-

308 1060 369 1110 rem
393 1050 455 1102 loto
478 1059 547 1115 suo,
579 1041 631 1102 sed
653 1041 709 1103 boe
731 1043 831 1104 docui:
861 1045 1009 1122 simplices
1032 1047 1086 1108 has
1109 1055 1328 1125 partes,·qnes
1351 1049 1494 1106 concinna
1525 1044 1657 1117 dicimos,

309 1140 372 1190 ortu
403 1133 578 1209 posteriores
608 1147 671 1190 esse
701 1132 898 1191 consonantiis
928 1136 1015 1210 ipsis,
1047 1138 1087 1194 ita
1110 1145 1141 1194 ut
1171 1137 1394 1206 consonantiae,
1426 1150 1516 1192 causa
1538 1129 1657 1208 quidem

308 1235 379 1278 snae
403 1219 582 1294 quantitatis,
606 1233 664 1275 non
688 1234 777 1284 cause
800 1218 959 1294 qualitatis,
983 1223 1011 1281 in
1036 1221 1087 1283 illa
1110 1225 1252 1283 concinna
1274 1231 1379 1282 natura
1398 1219 1473 1280 duce
1487 1217 1656 1280 dissolvan-

309 1315 355 1366 tur
378 1323 430 1366 seu
454 1303 680 1381 distinguantur.
690 1301 730 1384 ⁵⁰)
851 1299 857 1312 ’

395 1391 472 1467 Quid
497 1410 553 1469 ego
576 1409 653 1450 nune
676 1390 771 1452 dicam
794 1392 829 1452 de
853 1397 1061 1472 sequentibus,
1085 1398 1135 1457 ubi
1158 1397 1251 1457 videri
1275 1396 1356 1470 dicis,
1380 1397 1456 1456 hanc
1479 1412 1543 1456 esse
1565 1395 1657 1454 ratio-

309 1496 375 1538 nem
400 1498 495 1540 meam
517 1479 717 1556 productionis
741 1483 946 1540 concinnerum
969 1501 988 1542 a
1011 1488 1156 1559 consonis,
1182 1483 1261 1588 quod
1284 1485 1394 1544 seilicet
1418 1483 1523 1542 cubum
1547 1499 1657 1558 agnos-

309 1585 374 1628 cam
397 1569 616 1643 primigenium,
645 1565 733 1641 idque
755 1568 890 1627 libroV.
937 1571 983 1628 An
1007 1581 1051 1632 est
1078 1569 1139 1632 ulla
1167 1575 1260 1656 magis
1290 1573 1390 1648 iniqua
1417 1573 1565 1648 perversio
1589 1586 1658 1628 ver-

308 1656 426 1720 borum,
457 1657 554 1730 scopi,
590 1653 743 1714 methodi?
788 1653 865 1730 Quid
894 1657 971 1716 cubo
1003 1677 1069 1718 cnm
1100 1667 1164 1719 ortu
1198 1657 1428 1719 concinnerum'l
1474 1657 1550 1734 Quid
1581 1657 1656 1716 libro

308 1759 373 1802 meo
397 1739 433 1814 V,
457 1743 507 1802 ubi
532 1745 671 1802 musicam
695 1743 722 1799 in
747 1744 845 1803 coelos
869 1743 988 1817 induco,
1018 1764 1083 1806 cum
1105 1747 1180 1807 libro
1203 1747 1263 1819 ΙΙΙ,
1294 1747 1343 1805 ubi
1367 1747 1506 1806 musicam
1536 1762 1571 1804 ox
1595 1745 1655 1802 suis

309 1831 456 1907 principiis
478 1832 528 1906 gig
511 1829 591 1889 roni
636 1825 772 1903 Omnino,
797 1831 934 1905 Roberte,
958 1833 1010 1892 tibi
1036 1837 1101 1911 quis
1125 1835 1223 1895 credat
1245 1833 1431 1906 methodum,
1454 1835 1480 1892 si
1503 1835 1569 1908 quis
1593 1848 1656 1890 me-

198 1953 202 1962 ·
309 1915 432 1976 thodum
454 1918 529 1976 bene
552 1922 681 1976 carratam
704 1915 798 1976 velit?
843 1916 926 1993 Quae
949 1921 1038 1996 igitur
1061 1931 1092 1981 tu
1116 1932 1215 1982 eontra
1231 1925 1373 1980 rationem
1394 1921 1471 1979 hanc
1495 1919 1568 1979 lalso
1583 1917 1655 1976 mrhr

308 2005 445 2064 tributam
469 2003 609 2082 disputas,
634 2021 670 2064 ea
691 2007 855 2065 transmitto
879 2006 946 2065 aliis
969 2008 1156 2084 excutienda,
1182 2012 1290 2088 quippe
1314 2011 1349 2067 iis
1372 2008 1443 2067 mihi
1464 2024 1560 2084 neque
1582 2008 1656 2066 aeri·

309 2100 355 2152 tur
376 2109 472 2170 neque
494 2095 619 2152 metitur.

396 2179 533 2256 Sequitur
555 2179 634 2266 linea
661 2177 710 2238 15.
733 2196 768 2238 er
791 2195 879 2256 puro,
904 2186 936 2240 ut
959 2184 1011 2256 ais,
1036 2191 1156 2244 naturae
1179 2185 1257 2247 lonte
1274 2181 1463 2259 longissimos
1479 2179 1656 2242 inductionis

306 2267 387 2324 rivus
407 2285 457 2343 per
480 2276 537 2327 tres
561 2269 692 2343 paginus,
717 2267 800 2342 cujus
823 2269 918 2327 exitus
941 2287 1007 2346 pag.
1030 2273 1087 2330 24:
1109 2271 1175 2348 ficri
1197 2275 1231 2330 in
1247 2273 1450 2333 comonontiie
1470 2269 1656 2346 progressio·

305 2372 375 2432 rqem
398 2374 418 2414 o
439 2358 553 2415 minori
575 2355 616 2414 od
636 2355 750 2428 neojur,
772 2372 836 2414 non
858 2373 878 2414 o
901 2359 1014 2430 mojori
1034 2358 1077 2417 od
1096 2363 1208 2418 minata.

284 2455 287 2460 ’
394 2439 433 2500 Ut
456 2444 541 2518 igitur
564 2460 582 2501 a
605 2439 791 2501 conclusione
814 2443 894 2518 prius
919 2445 1064 2522 incipiam,
1090 2447 1178 2506 velim
1200 2455 1229 2506 te
1247 2447 1424 2518 meminisse,
1446 2443 1582 2522 Robprte,
1606 2460 1654 2503 rna

305 2525 371 2603 hoc,
395 2527 474 2606 quod
497 2539 528 2589 to
552 2526 709 2602 concludis,
733 2546 829 2606 neque
851 2547 975 2604 negasse
999 2550 1094 2610 neque
1116 2533 1293 2610 alfirmcese3
1319 2531 1372 2592 sed
1395 2531 1452 2592 hoc
1475 2530 1557 2604 dico,
1582 2547 1655 2588 con·

306 2619 466 2688 sonantius,
491 2620 684 2693 quantitatem
707 2617 861 2692 maiorem,
886 2617 996 2678 deliniri
1020 2623 1118 2695 prius,
1143 2625 1285 2682 concinna
1307 2619 1479 2690 intervalla,
1504 2625 1536 2676 ut
1558 2635 1655 2695 quan·

306 2705 406 2764 titates
428 2707 569 2780 minores,
605 2703 716 2764 definiri
739 2706 901 2780 posterius,
933 2708 1046 2766 scilicet
1070 2727 1120 2784 per
1143 2711 1271 2786 ipsarum
1302 2707 1559 2768 consonantiarum
1582 2707 1658 2764 inter

306 2779 338 2849 hs
361 2795 618 2869 comparationem.
665 2791 787 2850 Definiri
810 2800 909 2851 autem
934 2794 1079 2856 hocloco
1104 2805 1148 2856 est
1170 2796 1263 2870 idem,
1296 2795 1375 2874 quod
1398 2794 1518 2854 induere
1547 2801 1657 2852 certam

306 2879 496 2954 qualitatem,
526 2897 603 2956 quoe
626 2881 664 2938 sit
685 2877 879 2954 jucunditatis
902 2883 932 2940 in
956 2882 1057 2942 audito
1082 2901 1181 2946 ceusu.
1226 2883 1295 2944 ΙΙιιιι
1326 2891 1377 2942 tua
1399 2882 1451 2944 illa
1472 2881 1657 2940 ratiocinatio

307 2983 366 3025 nnn
390 2967 512 3027 relertur
538 2966 575 3027 ad
599 2966 755 3041 qualitates
778 2966 882 3041 haece,
915 2969 966 3032 sed
998 2970 1115 3030 adbuc
1145 2971 1256 3031 solum:
1290 2973 1315 3029 si
1343 2972 1419 3031 duae
1442 2967 1567 3029 chordae
1598 2969 1658 3026 sint

307 3055 472 3131 aequaliter
494 3065 593 3115 tensae
617 3071 774 3130 earumque
798 3053 890 3114 altera
912 3064 998 3117 sonet
1020 3057 1186 3118 invariabili
1207 3076 1289 3130 sono,
1312 3059 1425 3134 reliqua
1446 3059 1520 3115 inter
1533 3055 1657 3132 pulsan-

309 3139 378 3202 dum
403 3146 570 3204 successive
593 3143 739 3200 minuatur
760 3139 850 3220 (quod
874 3153 919 3202 est
941 3151 1038 3214 uertice
1069 3143 1322 3223 quantitativum),
1355 3154 1424 3204 tunc
1446 3143 1579 3221 quidem,
1611 3141 1658 3200 his

308 3231 422 3305 positis,
448 3249 550 3290 verum
574 3237 633 3302 est,
657 3231 770 3286 transiri
794 3232 892 3290 omnia
914 3233 1033 3292 minima
1057 3233 1211 3294 intervalla
1234 3236 1384 3305 concinna,
1411 3235 1578 3310 priusquam
1602 3247 1658 3288 ve-

271 3349 275 3354 ·
307 3320 407 3377 niator
430 3318 467 3377 ad
491 3319 604 3376 tertiam
628 3316 783 3386 minorem,
815 3328 958 3394 quaeest
987 3323 1106 3380 minima
1130 3324 1392 3382 consonantiarum.
1438 3320 1658 3400 ateiensem

308 3405 417 3483 lingere
440 3405 522 3479 licet,
553 3404 660 3480 fingam
684 3420 739 3480 ego
763 3407 952 3467 contrarium:
982 3425 1078 3485 neque
1105 3412 1180 3468 enim
1204 3412 1299 3468 minus
1322 3409 1429 3486 poterit
1456 3405 1547 3466 altera
1569 3404 1658 3466 chor·

308 3493 410 3554 darum
432 3495 600 3554 sonantium
623 3494 710 3553 etiarn
734 3494 834 3568 augeri
857 3498 1033 3571 successive,
1057 3498 1141 3556 initio
1166 3497 1242 3556 lacto
1264 3515 1284 3556 a
1306 3505 1423 3572 puncto,
1447 3492 1574 3554 chordae
1596 3503 1658 3550 ter-

307 3584 401 3658 mino,
432 3597 490 3658 quo
513 3582 609 3657 posito
631 3587 784 3656 sequetur,
815 3589 848 3640 ot
877 3585 1026 3642 minimum
1055 3587 1262 3644 conciunornm
1291 3583 1392 3642 ultim'o
1424 3584 1554 3640 omnium
1584 3597 1658 3640 con-

308 3668 429 3730 ficiatur.
474 3670 577 3744 Neque
601 3675 697 3727 temen
722 3670 848 3741 interest,
873 3686 968 3747 neque
990 3671 1038 3732 hic
1060 3689 1154 3748 neque
1178 3673 1246 3745 illic,
1270 3670 1341 3748 quid
1356 3671 1401 3730 bis
1411 3671 1516 3746 positis
1539 3667 1658 3727 casibus

307 3759 417 3834 primo,
442 3756 513 3833 qnid
536 3755 639 3814 ultimo
664 3755 783 3830 existat,
814 3756 865 3816 sed
889 3757 1035 3834 quodnam
1059 3777 1173 3834 eorum,
1202 3778 1279 3836 quae
1302 3761 1445 3831 existunt,
1475 3757 1512 3816 ab
1536 3755 1658 3814 auribus

308 3846 486 3922 approbetur
516 3861 569 3903 seu
597 3849 629 3900 ut
661 3847 834 3904 concinnum
866 3863 917 3904 seu
950 3853 981 3904 ut
1004 3864 1179 3922 consonum,
1212 3847 1268 3906 boc
1295 3848 1424 3916 interest.
1468 3843 1534 3903 Hoc
1568 3844 1657 3902 etiam

307 3936 435 4006 interest,
459 3940 492 3991 ut
514 3947 698 4006 quaeramus,
723 3949 811 4008 qnam
836 3933 873 3991 ob
898 3951 1016 3994 causam
1039 3952 1124 3995 aures
1148 3944 1180 3994 ut
1202 3937 1343 3994 concinna
1366 3933 1586 4010 approbanter
1609 3932 1657 3987 in·

306 4020 438 4080 tervallis
467 4019 567 4078 ordine
597 4019 813 4090 emergentibus
841 4019 891 4079 illa
921 4025 1105 4098 potissimum
1140 4041 1228 4098 quam
1255 4025 1327 4100 ista,
1358 4029 1387 4080 et
1409 4017 1526 4096 quade
1550 4034 1656 4092 causa3

306 4126 377 4168 num
400 4109 438 4168 ob
462 4121 657 4167 consocerum
681 4110 936 4186 comparationem,
961 4126 1014 4168 seu
1038 4113 1108 4186 quia
1130 4120 1198 4171 sunt
1216 4127 1352 4170 excessus
1376 4123 1569 4168 consororum
1591 4123 1657 4164 me·

304 4197 401 4273 jorum
425 4212 513 4273 supra
535 4210 666 4254 consona
689 4197 815 4268 minora,
840 4202 871 4253 ut
894 4215 948 4274 ego
972 4197 1054 4271 dico,
1078 4217 1115 4256 an
1131 4195 1177 4258 ob
1200 4214 1304 4258 cauam
1326 4195 1456 4272 aliquas,
1490 4200 1658 4272 quaesunt

307 4285 486 4360 antiquiores
510 4283 581 4359 ipsis
605 4285 757 4356 consonis,
781 4301 854 4370 quas
879 4293 908 4344 te
932 4287 1090 4344 nondum'
1082 4289 1230 4346 invenisse
1254 4293 1362 4344 certum
1385 4292 1440 4342 est

393 4370 463 4431 Jam
487 4369 564 4445 quod
590 4369 818 4431 inductionem'
811 4389 905 4446 rpsam
929 4375 1034 4434 attinet
1056 4373 1091 4432 de
1114 4377 1209 4444 sonis,
1241 4375 1295 4432 etsi
1319 4371 1441 4430 multum
1463 4378 1496 4430 tu
1518 4370 1657 4430 tenebra-

307 4474 370 4516 rum
394 4466 424 4518 ct
445 4458 626 4520 locutionum
651 4461 884 4535 ambiguarum·
877 4463 994 4535 rogeris,
1018 4460 1090 4520 illud
1105 4467 1201 4520 tamen
1225 4461 1334 4537 passim
1357 4476 1393 4518 ex
1412 4459 1447 4516 iis
1469 4458 1567 4519 elucet
1589 4453 1657 4534 pul-

307 4543 407 4604 chrum
431 4553 460 4605 et
483 4545 716 4606 consideratione
740 4547 859 4651 dignum
882 4546 1043 4624 problema,
1067 4566 1143 4625 quae
1158 4551 1196 4608 sit
1217 4557 1321 4607 natura
1336 4563 1472 4605 sonorum
1496 4547 1524 4602 in
1540 4561 1657 4620 genere,

300 4617 378 4707 quid
401 4649 506 4711 tonus,
538 4648 615 4709 quae
638 4651 728 4694 causa
752 4637 892 4696 acuminis
915 4627 1122 4712 etgravitatis
1151 4654 1202 4712 per
1225 4653 1325 4696 omnes
1348 4636 1513 4694 sonantium
1539 4633 1656 4701 lormas.

308 4718 438 4778 Materia
461 4717 683 4796 disceptationis
707 4730 751 4782 est
766 4722 903 4826 physica,
927 4726 1074 4798 pertinens
1097 4721 1134 4783 ad
1157 4722 1288 4782 libellum
1312 4721 1477 4780 Aristotelis
1501 4718 1537 4780 de
1561 4720 1658 4779 Audi-

308 4804 417 4866 bilibus
446 4805 541 4882 adque
574 4817 716 4884 cognatas
747 4811 811 4886 ejus
841 4809 1054 4887 problematum
1084 4813 1239 4871 sectiones.
1283 4809 1341 4868 Hic
1372 4807 1462 4868 multa
1497 4817 1595 4868 essent
1626 4809 1657 4864 in
