3676 5536
287 341 352 401 214
702 326 745 382 De
763 279 1027 395 configurationibus
1044 323 1222 380 lismonicie.

289 529 413 582 onmes
435 511 507 589 ipsis
538 525 576 569 an
599 509 629 566 in
651 506 738 568 rebus
759 503 849 565 aliisi
893 501 979 580 Quod
1000 505 1089 580 igitur
1111 503 1235 565 sensiles
1265 503 1433 565 harmonias
1454 505 1571 579 attinet,
1602 503 1641 566 ad

289 619 389 666 suum
404 599 477 660 Erec
498 602 624 675 quatuor
645 596 703 654 ista
726 600 914 653 concurrunt:
942 588 975 673 1)
998 591 1074 653 duae
1095 609 1142 652 res
1165 591 1288 652 sarrsilcs
1309 592 1442 668 sjmdeut
1464 595 1587 669 generis,
1612 601 1642 653 ct

292 693 442 768 quantis,
472 693 506 746 ut
533 687 608 743 inter
636 699 670 742 se
698 682 860 760 comparari
889 681 1004 756 possint
1031 695 1121 740 eausa
1150 681 1338 756 quantitatis,
1379 678 1410 755 t)
1434 683 1531 740 anima
1561 695 1643 741 com·

289 794 411 856 parcns,
447 769 478 846 3)
499 773 627 848 receptio
655 767 805 830 sensilium
836 769 1011 840 introrsum,
1041 765 1085 846 4)1
1101 766 1207 827 idonea
1232 769 1397 844 proportio,
1428 784 1505 845 quac
1537 767 1643 829 deflui-

292 875 338 925 tor
367 851 529 924 harmonia
574 858 687 918 Horum
718 873 776 915 uno
799 855 932 930 sublato,
963 852 1075 914 tollitur
1096 853 1211 914 sensilis
1233 854 1394 915 harmonia.
1432 855 1543 916 Facile
1566 857 1643 917 cntra

291 958 337 1013 cst
359 949 536 1024 intelligere,
567 952 701 1004 satanam
723 943 891 1003 harmoniae
923 957 980 1001 non
1009 959 1074 1002 csse
1098 938 1291 1003 definiendam
1320 959 1372 1021 pcr
1400 943 1480 1004 solas
1504 959 1551 1004 rea
1572 961 1644 1005 scn-

291 1039 370 1113 siles,
393 1045 426 1097 ut
447 1052 500 1114 per
521 1050 625 1095 sonum
649 1031 696 1108 pel
718 1029 832 1090 radium
854 1027 966 1092 stellae.
1011 1028 1104 1090 Aliud
1127 1048 1156 1090 a.
1181 1036 1226 1090 εει
1248 1045 1350 1105 sonus,
1381 1029 1460 1091 allud
1484 1031 1555 1091 ordo
1579 1047 1644 1092 ocr-
1721 1051 1723 1060 ’

293 1135 340 1186 tus
363 1121 593 1189 interdicerem
616 1135 721 1193 sonos3
752 1117 816 1178 dieo
845 1126 943 1182 autem
974 1115 1105 1176 ordinem
1134 1115 1293 1192 hocloco,
1324 1133 1381 1177 non
1405 1121 1591 1198 consuetius
1615 1119 1644 1176 iu

293 1213 392 1290 aliquo
418 1210 485 1270 loco
513 1209 649 1289 physico,
677 1223 733 1266 uec
762 1202 1032 1280 cmssssremports,
1061 1201 1113 1264 sed
1145 1219 1235 1264 eausa
1256 1205 1397 1266 acuminis
1428 1207 1643 1283 etgravitatis.

292 1302 422 1360 Possunt
443 1299 532 1374 igitur
554 1314 618 1356 csse
641 1297 705 1353 soni
728 1292 846 1367 diversi,
869 1302 899 1351 at
922 1293 978 1352 nisi
1000 1293 1039 1350 sir
1060 1293 1136 1351 inter
1157 1293 1238 1370 ipsos
1261 1301 1356 1354 certus
1380 1292 1459 1370 ordo,
1484 1296 1535 1372 qoi
1558 1294 1645 1354 certis

292 1386 528 1536 attilii
550 1379 1456 1549 ,ltili’,Jnttiitli’,ttlltibbidttl
1482 1381 1647 1531 libili

672 1513 680 1544 l
1254 1540 1258 1546 ,

294 1563 478 1642 planetarum
501 1559 634 1632 sublatis,
659 1545 805 1633 quaenam
826 1556 978 1616 baunonia
993 1553 1277 1631 configurationem?
1323 1515 1475 1634 Amplius:
1491 1558 1562 1633 quia
1575 1555 1647 1616 har-

293 1653 393 1711 monia
415 1649 527 1708 musica
549 1663 607 1706 nou
631 1652 676 1704 cst
697 1661 795 1717 sonus,
820 1643 873 1706 sed
895 1642 1021 1720 plurium
1043 1659 1182 1703 sonorum
1205 1642 1286 1716 ordo,
1307 1644 1377 1704 binc
1398 1646 1539 1719 sequitur,
1563 1643 1648 1706 illam

295 1739 411 1800 essain
434 1734 670 1814 praedicamento
693 1730 851 1792 relationis.
897 1727 977 1790 Ordo
1002 1729 1097 1805 euim,
1130 1728 1167 1790 de
1190 1747 1248 1806 quo
1278 1730 1325 1791 bic
1347 1731 1511 1809 loquimur,
1541 1731 1646 1792 relatio

295 1834 341 1887 est
370 1832 400 1885 ει
422 1823 557 1883 ordinata
583 1829 651 1880 sunt
679 1819 717 1878 ad
746 1820 870 1878 invicem
902 1816 1003 1878 relata
1049 1815 1115 1893 era
1136 1818 1227 1893 igitur
1248 1835 1278 1877 re
1308 1821 1372 1878 soni
1395 1828 1464 1878 sunt
1484 1819 1647 1893 harmonia,

295 1913 328 1972 id
348 1911 483 1972 amiciens
506 1919 560 1982 est,
583 1911 692 1985 quippe
714 1905 793 1983 qnod
816 1909 845 1964 in
867 1905 1008 1982 subjectis
1032 1907 1125 1980 inest,
1158 1921 1213 1966 nec
1233 1908 1354 1965 seorsim
1378 1905 1510 1967 consistit
1532 1913 1648 1990 potcst-

275 1987 282 2032 J
296 2018 354 2082 que
377 2000 480 2059 abesse
503 2001 575 2056 eitra
597 1996 795 2072 subiectorum
818 1995 1040 2071 corruptionem.
1090 1990 1220 2069 Deinde,
1249 1995 1325 2053 sieut
1347 1995 1496 2072 quantitas
1525 1995 1554 2052 in
1580 1995 1647 2055 oui·

296 2103 413 2166 versum
442 2103 459 2144 a
491 2084 661 2160 corporibus
690 2081 791 2156 nequit
819 2083 947 2159 separari
976 2081 1052 2155 suis,
1080 2078 1133 2140 sed
1155 2085 1254 2157 potest
1274 2081 1349 2142 bene
1380 2084 1480 2160 augeri
1504 2089 1534 2142 et
1556 2083 1650 2140 minui

297 2193 364 2236 cum
385 2175 457 2251 ipsis
481 2171 659 2248 corporibus,
682 2178 710 2230 ει
734 2177 829 2228 tameo
853 2167 990 2228 accidens
1014 2175 1066 2242 cst,
1086 2170 1129 2227 sio
1152 2169 1239 2227 etiarn
1259 2167 1329 2228 ordo
1344 2171 1409 2247 ipse
1424 2175 1579 2245 ‘sonomm,
1604 2171 1648 2230 eui

297 2271 330 2322 ut
350 2263 448 2340 generi
471 2260 652 2319 harmoniam
675 2256 862 2332 subjecimus,
886 2254 949 2316 tolli
973 2269 1030 2314 oon
1046 2262 1144 2333 potest
1167 2273 1186 2314 a
1209 2257 1289 2315 sonis
1311 2256 1444 2333 pluribus
1459 2274 1529 2330 uno,
1552 2273 1650 2334 quao-

296 2353 381 2418 iitate
404 2349 545 2408 acuminis
568 2346 773 2422 etgravitatis
797 2347 870 2403 inter
892 2361 924 2403 se
947 2343 1105 2418 distinctis,
1133 2360 1201 2403 nam
1223 2353 1275 2402 aut
1297 2345 1395 2422 plores
1417 2361 1482 2406 essc
1507 2344 1650 2418 desinent,

298 2445 350 2499 cut
371 2437 397 2496 si
419 2435 533 2512 plures,
562 2435 616 2493 erit
638 2435 712 2492 inter
735 2434 814 2508 ipsos
843 2429 914 2490 ordo
938 2429 1097 2490 secundum
1127 2447 1276 2490 excessum
1308 2439 1338 2492 et
1360 2431 1522 2508 deiectumq
1550 2441 1650 2493 muta·

298 2519 373 2585 bills'
388 2523 437 2582 ille
460 2521 588 2600 quidem,
612 2523 635 2578 si
659 2519 856 2595 subjectorum
879 2517 1035 2578 relatorum
1050 2519 1171 2577 alterum
1194 2525 1329 2580 mutetur.
1376 2517 1455 2580 Ordo
1471 2521 1560 2597 igitur
1583 2537 1650 2580 eum

300 2610 514 2689 quantitatibus
545 2615 575 2668 et
605 2609 634 2665 in
667 2608 764 2684 specie
795 2623 870 2669 cum,
888 2622 1010 2665 numero
1040 2607 1103 2683 pari
1126 2623 1213 2684 passu
1242 2607 1382 2667 ambulat
1428 2607 1545 2681 Tertio,
1575 2610 1652 2668 sieut

300 2715 435 2758 numerus
468 2695 603 2755 definitur
629 2711 693 2754 esse
723 2693 879 2754 multitudo
910 2709 945 2754 cx
975 2693 1137 2754 unitatibus
1170 2694 1308 2769 conflata,
1342 2697 1371 2752 in
1395 2712 1454 2771 quo
1478 2695 1652 2756 Aristotcles

273 2809 275 2818 ¹
301 2786 435 2864 agnoseit
467 2780 580 2858 aliquid
608 2783 747 2840 materiae
780 2781 942 2858 analogon,
977 2781 1105 2842 unitates
1132 2779 1243 2841 rclllcct
1271 2781 1349 2858 ejus,
1383 2781 1496 2860 aliquid
1516 2783 1651 2856 formale,

299 2874 407 2934 mentis
430 2878 612 2946 conceptum,
634 2886 710 2944 quac
734 2883 820 2928 unam
844 2883 1020 2946 quocunque
1044 2876 1178 2944 respectu
1200 2877 1364 2944 separatam
1389 2887 1407 2930 a
1429 2871 1549 2944 ceteris,
1574 2870 1652 2930 mul-

300 2959 454 3022 titudinem
483 2956 598 3017 illarum
637 2957 781 3014 onimium
816 2957 1007 3033 singularium
1039 2959 1188 3033 agnoecm
1224 2959 1324 3032 itaque
1355 2957 1427 3018 alibi
1457 2957 1652 3036 philosophus

285 3047 396 3119 ¹idem,
419 3044 538 3106 sublata
560 3044 659 3103 anima
681 3050 864 3118 numerante,
896 3043 959 3104 tolli
985 3046 1027 3103 ait
1055 3059 1168 3104 omnem
1191 3057 1357 3117 numerum,
1391 3051 1422 3104 at
1442 3061 1500 3104 non
1523 3046 1653 3106 unitates

302 3133 450 3212 singulas,
480 3141 515 3191 ut
541 3133 583 3190 ita
611 3146 748 3189 numeros
776 3131 963 3191 materialiter
991 3133 1029 3191 sit
1059 3132 1088 3189 in
1117 3131 1204 3192 rebus
1228 3132 1313 3209 ipsis,
1344 3131 1417 3191 nibil
1438 3141 1555 3210 praeter
1576 3132 1653 3208 illas,

298 3213 360 3282 nisi
374 3219 504 3280 'accedat
525 3235 608 3278 meos
628 3209 809 3293 numerous,
831 3226 900 3277 tone
921 3217 1037 3279 demum
1059 3221 1137 3280 enim
1160 3235 1296 3278 onmems
1318 3229 1433 3296 premor
1453 3237 1499 3281 ras
1520 3223 1602 3298 ipsas
1627 3227 1654 3280 ει

298 3323 324 3372 'a
344 3309 431 3370 rebus
454 3307 619 3367 abstractos
641 3311 687 3365 est
708 3303 854 3364 diversum
871 3305 988 3382 aliquid
1012 3307 1049 3367 ab
1072 3309 1160 3384 ipsis,
1192 3313 1236 3367 εει
1258 3321 1298 3366 sa
1323 3315 1482 3384 conceptus
1502 3310 1533 3368 in
1555 3315 1654 3368 mente

303 3396 480 3476 pluralitatis
500 3411 597 3455 reram
620 3390 852 3468 individuarum
874 3395 917 3452 sio
939 3396 1024 3452 etiam
1049 3392 1120 3455 ordo
1144 3397 1205 3472 ipsc
1228 3409 1364 3454 sonorum
1388 3403 1419 3455 ct
1439 3395 1562 3456 aliorum
1584 3413 1655 3455 seo-

303 3485 418 3558 silium,
442 3499 501 3559 que
524 3481 561 3542 dc
583 3482 631 3540 bic
655 3479 782 3557 agimus,
814 3496 870 3539 noo
895 3487 940 3540 cst
961 3483 1118 3558 quicquam
1141 3483 1235 3555 allud,
1267 3497 1356 3559 quam
1381 3485 1437 3560 ipsi
1458 3485 1522 3543 soni
1545 3483 1654 3560 plures,

304 3574 361 3632 uisi
382 3569 504 3632 accedat
526 3585 617 3642 meus,
640 3583 811 3644 comparans
834 3583 921 3628 sonos
944 3569 1019 3628 inter
1040 3587 1072 3630 sc
1095 3567 1258 3632 differentes
1278 3573 1420 3646 acumine,
1444 3579 1474 3631 st
1495 3573 1524 3629 iu
1547 3582 1654 3648 genem

304 3659 407 3720 relatio
436 3659 530 3717 omnis
559 3658 620 3715 sine
648 3661 745 3715 mente
773 3653 844 3713 nibil
867 3660 912 3715 est
932 3663 1135 3733 praeterquam
1165 3675 1219 3718 sua
1240 3657 1346 3732 relata,
1381 3661 1451 3734 qnia
1481 3657 1573 3718 relata
1594 3675 1654 3718 nou

305 3754 376 3809 suut·
400 3746 429 3805 id
452 3743 532 3822 quod
556 3743 704 3817 dicuntur,
735 3743 792 3803 nisi
814 3759 894 3800 mens
924 3743 1025 3820 alique
1047 3753 1242 3823 supponatur,
1272 3761 1348 3822 quac
1376 3746 1482 3807 reserat
1502 3763 1595 3806 onom
1617 3743 1654 3806 ad

393 3919 480 3998 Quod
507 3919 596 3996 igitur
626 3919 784 3995 inponere
812 3915 848 3976 de
878 3915 979 3978 ordine
1008 3917 1104 3996 dequo
1126 3919 1265 3980 relatione
1294 3935 1395 3980 vuum
1417 3926 1477 3993 cst,
1508 3897 1538 3978 id
1561 3919 1636 3980 mult

306 4011 433 4072 maxime
455 4005 684 4068 subsumsudom
708 4005 744 4066 de
766 4003 932 4080 harmonia,
962 4019 1037 4081 qaae
1060 4009 1089 4065 in
1113 4011 1300 4084 proportione
1325 4007 1458 4067 consistit
1486 4008 1576 4084 inqua
1597 4023 1654 4068 uu-

307 4099 467 4161 metatione
489 4095 616 4172 partium
641 4093 813 4167 quantitatis
836 4091 1016 4168 aequalium,
1041 4095 1152 4155 scilicet
1173 4102 1206 4154 ot
1219 4096 1361 4156 subsistat
1382 4101 1412 4155 et
1432 4103 1466 4154 ot
1481 4113 1539 4155 esse
1559 4097 1654 4173 possit

308 4186 408 4266 aliqua
434 4181 551 4246 amsilia
573 4181 737 4254 harmonia,
768 4187 885 4255 praeter
905 4179 979 4240 duos
1009 4181 1131 4243 sensiles
1152 4185 1288 4243 terminos
1317 4189 1449 4260 oportere
1476 4190 1506 4242 et
1527 4183 1653 4244 animam

308 4289 379 4350 esse
394 4277 624 4350 comparantem
648 4267 704 4328 bac
725 4268 802 4328 enim
824 4267 958 4341 sublata,
982 4271 1094 4329 termini
1117 4269 1234 4346 quidem
1258 4277 1340 4330 erunt
1362 4269 1420 4329 duo
1443 4269 1580 4346 sensilia,
1603 4269 1652 4330 sed

308 4375 369 4419 ooo
390 4367 474 4420 erunt
496 4375 556 4418 unc
577 4356 744 4431 harmonia,
768 4371 820 4415 ans
842 4356 972 4416 rationis.

395 4444 562 4508 Videndum
591 4461 668 4506 nuno
695 4445 783 4505 etlam
811 4441 848 4504 de
876 4444 979 4516 tertio,
1010 4459 1049 4503 so.
1082 4443 1118 4505 de
1139 4447 1304 4522 receptione
1334 4457 1427 4504 rerum
1450 4443 1601 4505 sensilium
1623 4445 1651 4502 io

311 4532 439 4591 animum
460 4532 582 4610 ejusque
604 4533 779 4594 nccmsitste
807 4538 838 4590 et
859 4529 955 4590 modo.
1000 4529 1142 4592 Nimirum
1170 4533 1322 4592 harmonia
1344 4540 1389 4592 est
1419 4547 1464 4593 res
1487 4549 1564 4607 uua,
1594 4540 1652 4592 tet·

311 4619 381 4678 mini
402 4617 524 4678 sensiles
545 4620 616 4681 ioris
637 4627 720 4682 extra
740 4619 868 4680 animam
890 4634 948 4679 uon
970 4625 1038 4678 suet
1060 4635 1105 4680 res
1128 4637 1203 4692 una,
1233 4635 1286 4680 nee
1308 4620 1422 4696 uspiam
1443 4620 1501 4679 nisi
1523 4621 1602 4679 lutus
1624 4621 1651 4677 ln

314 4706 411 4766 aalma
431 4711 555 4783 possunt
578 4706 708 4767 adunari.
753 4707 819 4768 Nou
840 4713 965 4784 possum
978 4722 1048 4766 vero
1071 4708 1148 4768 intus
1172 4723 1244 4780 csse,
1267 4709 1327 4767 nisi·
1337 4709 1492 4768 introrsum
1506 4709 1651 4786 recipian-

312 4799 368 4868 tur,
389 4789 469 4870 quod
490 4789 589 4862 multis
611 4795 707 4858 vebis
728 4794 766 4856 ab
789 4795 968 4874 experientia
988 4795 1104 4880 probari
1133 4811 1191 4856 noo
1214 4801 1260 4855 est
1281 4811 1365 4874 opos.
1409 4795 1513 4862 Potest
1534 4795 1651 4878 quidam
