3480 5548
696 389 731 448 de
746 389 900 448 Harmonia
1427 397 1467 458 sl
1577 480 1580 490 ,

127 567 274 647 potuisse,
306 575 340 629 nt
365 583 420 630 nec
448 565 614 646 Porphyrii.
636 565 734 630 doce
755 567 802 630 ‘Pu
823 555 902 649 ipse¹
915 567 987 629 mihi
1015 567 1122 632 hhrum
1151 573 1218 632 ante
1246 568 1354 632 multos
1376 585 1469 649 annos

127 656 328 732 transmisisti,
359 663 427 716 sunt
456 663 553 716 autern
583 655 766 717 Aristoxenis
793 656 1037 720 Harmonicorum
1068 656 1277 720 elementorum
1305 657 1373 720 libri
1402 667 1469 736 tres,

127 742 289 805 Ptolemaei
310 742 551 806 Harmonicorum
572 743 639 803 lihri
655 746 684 819 3,
708 745 873 806 Aristotelis
895 745 931 808 ds
953 744 1131 808 audibilibus
1154 754 1184 808 et
1204 743 1405 826 Porphyrii
1427 747 1469 808 de

128 830 247 905 decem
270 831 605 908 Praedioamentis,
628 832 758 894 huwnio
782 832 937 912 Geganiuo
953 831 1107 896 Graviensi
1128 837 1294 913 interprete.
1331 834 1378 896 Do
1392 835 1468 896 Por-

126 919 229 998 phyrio
247 937 312 988 non
334 923 452 982 utemini
473 920 683 982 Harmonicum
705 921 776 998 quid
799 930 921 982 exstare.
959 921 1034 983 Sunt
1055 929 1084 984 et
1104 922 1233 984 Euclidis
1256 929 1286 984 et
1306 921 1469 1002 Ptolemaei

126 1005 304 1071 Harmonice
331 1012 528 1087 manuscripta
555 1007 666 1070 Graece
695 1011 725 1068 in
753 1009 932 1072 bibliotheca
959 1009 1085 1094 Conradi
1112 1008 1291 1091 Dasypodil,
1320 1019 1387 1074 ante
1409 1019 1469 1073 tros

126 1111 216 1156 anuos
237 1100 353 1173 monui,
382 1099 570 1174 labunturque
593 1095 712 1160 venales
734 1086 802 1158 iisse
825 1097 902 1158 iliius
924 1097 990 1159 libri
1011 1100 1041 1157 in
1062 1098 1157 1159 iorum
1178 1101 1358 1161 scrutadum.
1391 1099 1468 1161 Dedi

125 1186 275 1261 negotium
297 1187 398 1246 amicis
420 1185 611 1263 argentinam
631 1186 777 1263 proiectis,
801 1193 833 1245 ut
855 1185 891 1247 de
913 1188 949 1246 iis
971 1203 1018 1246 me
1043 1189 1192 1248 certiorem
1213 1187 1344 1263 reddant,
1367 1206 1470 1249 verum
1539 1191 1544 1198 '

124 1274 256 1349 responsi
284 1273 355 1332 nihil
382 1274 505 1352 accipio.
549 1273 693 1350 Equidem
720 1276 783 1335 sine
809 1271 926 1334 ‘Graeco
954 1272 1111 1352 exemplari
1141 1273 1262 1351 despero
1285 1275 1468 1338 Aristoxeuis

124 1367 153 1420 et
179 1359 343 1421 Ptolemaei
377 1369 504 1422 mentem
537 1378 575 1422 ex
610 1360 758 1438 Gogavini
791 1364 1046 1440 interpretamento
1088 1365 1235 1441 percipere
1272 1362 1468 1442 undiquaque.

124 1445 155 1508 Si
177 1446 217 1506 Μ.
242 1448 278 1507 Τ.
300 1449 372 1508 mihi
392 1452 573 1528 prospexerit
595 1449 631 1510 de
653 1449 774 1512 Graech
796 1452 881 1510 bium
904 1451 1044 1511 diodorum
1066 1459 1217 1512 auctorum
1244 1452 1467 1530 exemplaribus,

123 1539 293 1613 praesertim
315 1536 492 1614 Ptolemaei,
525 1538 576 1615 qui
605 1536 699 1598 editus
727 1555 791 1599 esse
817 1539 984 1616 perhibetur
1011 1540 1042 1598 in
1068 1538 1170 1618 Italia,
1198 1545 1270 1618 puto
1293 1536 1395 1600 Urbini
1418 1547 1469 1602 aut

123 1618 296 1686 vincentiae
312 1635 381 1686 aut
408 1626 589 1701 Florentiae,
626 1633 655 1686 et
688 1627 771 1703 cujus
806 1626 979 1711 Gogavinus
1008 1625 1122 1704 aliquot
1157 1626 1334 1705 exemplaria
1366 1627 1470 1688 habuit

124 1729 158 1772 ex
189 1712 370 1775 bibliotheca
400 1713 561 1776 Vaticana:
593 1713 749 1798 polliceor,
779 1713 845 1777 Deo
876 1717 1072 1793 permittente,
1108 1715 1315 1777 commentaria
1342 1717 1373 1777 in
1401 1733 1468 1778 euru

121 1817 284 1879 perspicua
677 1813 680 1820 '

223 1887 409 1967 scripserunt
439 1888 476 1950 de
505 1887 691 1950 Harmonicis
718 1889 861 1952 Boethius
890 1898 920 1951 et
947 1839 1118 1952 Jonmuus
1149 1907 1243 1968 exque
1271 1891 1307 1952 iis
1335 1889 1467 1952 Jacobus

122 1975 217 2036 Faber
238 1976 438 2055 stapulensis,
469 1993 556 2054 quem
582 1975 687 2040 haheo.
739 1977 815 2045 ,Vidi
837 1984 867 2040 et
887 1981 1043 2054 musicam,
1071 1986 1105 2039 ot
1124 1987 1212 2056 puto,
1241 1977 1324 2040 Sethi
1347 1979 1468 2040 Calvisii
1573 2021 1584 2046 .

122 2067 247 2126 cantoris
270 2054 441 2144 Lipsiensis,
465 2067 516 2142 qui
540 2072 670 2130 soterum
691 2069 833 2128 rationem
854 2070 957 2145 tangit.
1001 2066 1107 2128 Habeo
1130 2074 1160 2128 et
1181 2067 1293 2128 Artusii
1314 2067 1383 2128 Itali
1405 2066 1468 2128 dis·

123 2167 221 2213 cursus
244 2152 365 2216 Italicos
381 2153 417 2215 di
433 2153 828 2231 imperiectionehodieruae
850 2159 992 2230 musicae:
1013 2154 1066 2216 sed
1087 2153 1160 2214 nihil
1182 2154 1253 2216 dum
1273 2154 1342 2233 legi.
1386 2153 1467 2215 Hur-

121 2243 235 2303 mouioa
267 2259 334 2304 mea
364 2259 423 2320 quo
454 2242 520 2303 loco
552 2243 624 2317 sint,
657 2245 760 2321 scripsi
787 2251 855 2306 ante
884 2244 998 2320 aliquot
1019 2259 1120 2304 anuos.
1166 2242 1323 2321 (luporem,
1354 2244 1379 2304 si
1401 2243 1467 2305 Deo
1590 2258 1593 2272 ·

122 2331 216 2389 risum
237 2330 340 2406 luerit,
358 2333 453 2408 'prius
481 2323 636 2392 absolvere
658 2333 861 2394 astronomica
886 2313 1055 2407 ‘Mirabile
1089 2330 1220 2408 disposui
1241 2333 1336 2408 ipsos,
1370 2334 1468 2409 prius·

122 2433 207 2493 qnam
231 2420 296 2479 nidi
317 2417 527 2504 Ptolemaeum,
551 2403 610 2480 iere
632 2417 671 2479 ad
693 2419 818 2482 eundem
839 2419 974 2496 modum,
997 2435 1056 2497 quo
1079 2417 1266 2480 Ptolemaeus
1288 2436 1352 2480 sna.
1396 2418 1468 2480 Psoi

120 2503 207 2565 libros
243 2508 389 2584 quinque,
428 2509 553 2584 primum
588 2505 624 2568 de
655 2506 757 2584 figuris
786 2511 982 2586 geometricis,
1015 2505 1104 2568 unde'
1123 2506 1309 2568 harmonicae
1339 2509 1467 2568 rationes

122 2594 262 2669 eduntur,
284 2593 445 2656 secundum
468 2594 504 2656 de
525 2589 693 2677 rationibus¹
709 2613 762 2658 sen
783 2599 910 2660 numeris
925 2597 1109 2671 harmonicis,
1132 2597 1250 2656 terdnm
1264 2594 1300 2656 de
1315 2595 1467 2655 harmonia

121 2679 148 2738 in
177 2683 318 2757 vocibus,
351 2691 485 2759 quartum
518 2683 554 2742 de
581 2682 734 2745 harmonia
761 2686 805 2743 iu.
819 2686 1000 2766 aspectibus,
1035 2685 1168 2761 quintum
1198 2682 1234 2744 de
1264 2682 1415 2744 harmmia
1436 2685 1467 2743 in

122 2769 249 2832 motibus
280 2769 465 2833 coelestibus.
510 2770 585 2833 Ecce
614 2787 692 2832 nunc
718 2771 929 2834 Ptolemaeum
973 2772 1102 2832 Primum
1124 2774 1149 2832 ia
1172 2773 1322 2832 constituit
1343 2787 1467 2833 concor·

123 2851 262 2935 dtntins,¹
282 2857 386 2920 deinde
407 2876 515 2940 genera
535 2859 593 2942 (res
615 2859 703 2921 hodie
724 2875 799 2938 pene
823 2865 938 2939 ignota,
962 2868 992 2921 et
1012 2863 1044 2919 ni
1064 2859 1149 2921 fallor
1169 2866 1291 2921 naturae
1313 2876 1372 2920 non
1393 2876 1466 2920 cou-

121 2961 205 3022 sonu,
236 2953 271 3007 ut
292 2949 348 3008 tria
369 2949 428 3008 sint
453 2963 574 3025 genera:
604 2947 795 3025 diatonicum,
827 2947 1033 3034 chromaticum
1055 2955 1085 3008 et
1108 2945 1351 3029 enharmonium),
1381 2949 1466 3009 tertio

120 3039 212 3094 tonus
259 3034 333 3096 Inde
354 3043 504 3112 comparat
525 3035 703 3097 harmonica*
716 3053 782 3098 cum
805 3037 995 3113 coelestibus,
1018 3033 1147 3096 ordinem
1168 3051 1275 3096 nucum
1296 3053 1362 3096 cum
1384 3041 1466 3106 motu

119 3121 270 3183 stellarum
298 3125 328 3182 in
357 3123 492 3204 longum,
522 3141 632 3202 genere
659 3142 724 3186 cum
753 3132 834 3186 motu
863 3142 963 3188 omnm
991 3125 1152 3186 occentrico
1174 3123 1205 3182 in
1228 3123 1320 3190 altum
1343 3129 1373 3185 ct
1393 3139 1471 3210 pro-¹

118 3209 255 3287 mudum,
287 3219 372 3272 tonos
388 3229 468 3292 ,cum
496 3220 579 3273 motu
608 3229 708 3274 earum
738 3215 767 3272 in
795 3214 901 3289 latum,
933 3212 1117 3274 unimores
1144 3228 1210 3272 cum
1237 3213 1404 3291 aspectibus
1426 3210 1465 3274 ad

119 3295 232 3360 Solem:
258 3305 291 3359 ut
312 3316 367 3377 ego
390 3299 610 3363 concordantias
634 3289 889 3380 cum'aspectibus
910 3301 1094 3380 planetarum
1116 3301 1234 3362 mutuis.
1443 3357 1454 3387 Ι.

225 3385 337 3465 Accipe
370 3387 418 3448 hic
450 3389 653 3466 compendium
687 3389 920 3451 harmonicorum
951 3407 1094 3466 meorum,
1136 3396 1286 3467 quatenus¹¹
1312 3385 1465 3449 hamonis

120 3473 319 3536 consideratur
351 3471 389 3535 in¹
414 3478 544 3544 uocibus.
601 3475 733 3553 Quatuor
762 3485 830 3540 sunt
861 3485 967 3557 partes.
1021 3477 1120 3576 Prima
1153 3477 1281 3539 ostendit
1314 3478 1463 3554 originem,
1521 3471 1524 3484 ¹

119 3577 237 3638 musas,
269 3565 464 3640 quantitatem
493 3574 523 3626 et
550 3581 701 3626 numerum
730 3559 952 3630 ba'rmoniarum.
997 3565 1133 3627 Secunda
1162 3567 1317 3643 originem,
1349 3581 1462 3642 musas,

120 3655 315 3726 quantitatem
334 3660 363 3712 et
384 3659 536 3742 numerum
556 3653 774 3716 intervallorum
796 3658 939 3729 omnium,
973 3657 1062 3717 etlam
1091 3670 1149 3716 uon
1179 3654 1412 3714 harmonicorum
1434 3655 1463 3710 iu

119 3747 203 3798 cantu
235 3740 378 3816 naturali,
412 3748 445 3800 ut
474 3743 550 3818 toul,
585 3744 731 3803 semitonii
762 3737 817 3804 etc.
879 3743 979 3804 Tertia
1007 3743 1100 3804 habet
1133 3741 1330 3803 definitionem
1362 3747 1463 3802 cautus

117 3826 258 3888 naturalis
284 3827 412 3906 ejusque
447 3830 543 3890 varios
572 3831 676 3890 modos
708 3846 760 3892 sou
793 3831 983 3907 differentias,
1027 3847 1101 3911 qnos
1128 3823 1266 3892 hodie'8
1299 3837 1384 3889 tonos
1416 3826 1465 3887 di-

117 3916 218 3976 simus.
258 3913 369 3991 Quarta
392 3918 518 3978 ostendit
539 3935 645 4000 musas
667 3918 764 3996 legum
794 3921 1056 3998 incompositione
1079 3939 1251 4000 supportas
1271 3933 1323 3978 seu
1347 3922 1463 3978 contra·

115 4005 298 4079 punetorunn
350 4004 435 4067 Hsec
454 4022 522 4083 pars
539 4007 603 4084 J'am
626 4008 728 4085 incipit
750 4025 815 4068 esse
834 4011 977 4087 practica,
1007 4009 1149 4085 itaquae
1170 4023 1218 4066 me
1239 4003 1365 4082 periecte
1387 4002 1463 4063 tradi

114 4106 173 4150 non
194 4099 303 4169 potest
353 4117 382 4174 g
1257 4171 1260 4181 Ι

225 4179 315 4240 Pars
345 4183 470 4258 prima.
515 4181 588 4241 Cum
609 4197 701 4244 sonus
722 4184 761 4244 sit
784 4191 920 4260 amotu,
951 4189 1047 4244 motus
1077 4199 1147 4245 vero
1180 4182 1240 4240 sint
1265 4195 1319 4257 per
1346 4176 1461 4256 lineam,

115 4263 240 4327 duorum
263 4285 332 4344 ergo
354 4285 492 4330 nouorum
515 4263 716 4348 dppostontot
737 4287 789 4331 seu
812 4273 1042 4350 corpusntium,
1074 4288 1128 4332 seu
1150 4268 1386 4344 consonantium,
1408 4283 1462 4328 sen

114 4355 362 4432 concordantium,
385 4356 478 4418 lineas
499 4375 519 4416 a
540 4359 625 4418 uobis
647 4358 824 4420 considerari
845 4367 973 4437 oportet,
997 4367 1030 4418 ut
1052 4375 1157 4420 causas
1178 4356 1347 4417 harmonIae
1369 4358 1461 4418 inter-

113 4442 230 4505 mediae
258 4446 333 4506 inter
360 4444 445 4505 binos
474 4461 563 4505 sonos
590 4447 783 4509 inveniamus.
828 4446 921 4508 Linea
949 4454 1049 4506 autem
1075 4453 1129 4505 'aut
1159 4435 1378 4505 ciromarisfest
1409 4451 1462 4506 aut

113 4539 204 4592 recta.
249 4531 342 4592 Recta
370 4541 468 4610 partes
495 4532 586 4594 habet
611 4533 753 4612 infinitas,
785 4543 909 4613 quarum
936 4533 1070 4611 aptitudo
1100 4530 1139 4594 ad
1160 4549 1192 4593 se
1214 4538 1315 4592 mutuo
1337 4530 1460 4610 intelllgi

113 4622 233 4695 nequit,
265 4622 322 4679 nisi
343 4619 432 4696 plana
454 4628 484 4682 et
509 4623 600 4684 cubos
629 4623 667 4683 ad
690 4640 740 4684 ees
769 4623 981 4698 adsciscamus,
1015 4637 1091 4698 quae
1113 4627 1180 4682 sunt
1202 4638 1221 4682 a
1243 4626 1325 4680 motu
1347 4618 1461 4680 alienae

114 4704 304 4790 quantitates.
324 4723 326 4730 ·
344 4707 498 4770 circularis
513 4718 558 4772 est
572 4728 631 4772 una
645 4710 792 4786 habetque
807 4715 906 4788 partos
922 4709 1086 4785 apartibus
1106 4707 1263 4787 plurimum
1284 4707 1459 4768 differentes.

113 4791 195 4854 ilihil
217 4803 317 4856 antem
339 4796 459 4859 interest
479 4801 553 4888 iqter
574 4797 786 4879 longitudinem
807 4796 977 4860 circularem
1005 4803 1036 4857 et
1062 4807 1183 4874 rectam,
1215 4795 1294 4875 quod
1324 4794 1460 4855 bonitum

62 4891 65 4904 ·
112 4897 169 4945 sen
197 4891 303 4948 tonant
330 4879 449 4964 sumet,
478 4886 634 4952 dummodo
651 4885 802 4966 ‘amedee
833 4887 893 4948 aiut
925 4891 956 4948 et
987 4885 1121 4965 utrinque
1154 4893 1256 4950 musae
1287 4879 1458 4960 amushtsr.
