3668 5526
330 273 343 306 ἱ

854 343 995 416 Apologia
1411 353 1417 365 '
1530 343 1591 410 459

253 522 286 578 nt
306 535 396 594 supro
418 519 455 578 ed
477 519 564 583 mem
588 521 701 598 enelys.
725 521 783 584 XI.
806 523 908 584 sedum
933 527 1008 598 ceri.
1053 523 1224 586 decidentia
1245 539 1315 582 vcro
1342 539 1397 602 pro
1417 519 1592 592 substantie,

253 613 362 666 motum
392 625 445 682 pro
475 619 580 668 ustura
610 610 685 668 lucie
714 613 848 688 nuspiam
878 614 1006 690 accipio,
1043 611 1095 672 ssd
1126 624 1206 671 cnm*
1225 610 1341 672 diversa
1370 613 1429 670 sint
1459 609 1593 684 regiones

252 693 437 770 planetarum
467 704 496 754 et
527 705 623 756 motus
653 715 709 773 per·
732 715 799 772 eas,
832 702 947 774 utrique
977 702 1018 758 rei
1048 716 1133 760 sunm
1161 715 1225 760 esee
1248 706 1380 760 orestem
1410 697 1593 773 saepientie

253 783 390 846 neruine
413 785 565 844 insonnem
587 783 694 846 doceo:
724 787 892 861 regionibus
914 786 1033 864 quidem
1066 794 1100 848 ut
1127 787 1222 862 spatio
1253 800 1373 862 corpora
1396 786 1524 860 quinque
1546 800 1593 844 re-

252 869 381 946 gularis,
411 873 500 948 spatii
522 874 691 949 participia,
719 875 847 934 motibus
872 891 941 936 vcro
964 877 1166 952 proportiones
1189 872 1381 934 bnrmonicns
1424 871 1492 930 Tibi
1514 888 1593 942 vern,

252 955 393 1026 Βῡδθῐῐθ,
420 957 494 1036 quid
516 961 665 1038 imputem,
687 961 777 1020 andi:
806 961 893 1022 video
922 965 999 1022 enlm
1022 971 1050 1022 te
1079 961 1109 1020 id
1131 976 1189 1020 non
1216 968 1295 1020 reete
1324 961 1488 1038 percepisse
1510 957 1593 1018 iiam-

251 1055 363 1104 murum
386 1046 439 1118 ire,
465 1046 543 1123 quod
567 1049 677 1124 scripsi,
701 1056 730 1108 te
753 1051 869 1124 private
890 1051 1005 1128 pictura
1027 1048 1168 1110 mundum
1190 1051 1288 1110 animo
1303 1055 1355 1108 tuo
1375 1049 1593 1121 circumgsetnre

253 1133 363 1206 tibique
387 1140 469 1214 tunm
492 1132 575 1194 illum
604 1143 777 1211 conceptum
806 1137 906 1196 mnndi
936 1137 1102 1213 subjectum
1130 1152 1197 1198 esse
1229 1135 1418 1196 harmonicus.
1463 1131 1509 1192 'lu
1531 1133 1591 1192 soi·
1648 1120 1652 1128 ’
1713 1137 1721 1150 ·

253 1220 323 1280 iicet
351 1221 491 1280 mundum
519 1223 548 1280 ln
580 1231 637 1284 tres
666 1225 800 1300 regiones
827 1223 950 1298 dividis,
982 1223 1039 1284 boe
1067 1223 1184 1301 quidem
1215 1225 1361 1300 privatum
1390 1219 1595 1298 nondumne,

253 1305 331 1366 idem
353 1309 433 1368 eninr
455 1316 484 1370 ct
506 1308 558 1368 alii
580 1310 709 1372 fecerum
731 1320 799 1372 nrrte
823 1319 869 1386 le;
894 1313 957 1388 jem
982 1329 1049 1371 vero
1077 1310 1209 1387 singulas
1240 1313 1375 1387 regiones
1403 1310 1432 1368 in
1461 1307 1519 1368 slis
1543 1309 1596 1366 trie

253 1393 434 1469 subdividis,
465 1396 597 1472 singulos
619 1396 803 1474 planetarum
831 1401 933 1473 orbes,
962 1398 1079 1476 singula
1109 1397 1270 1476 elementa,
1298 1407 1368 1458 tunc
1397 1394 1485 1455 ducta
1506 1397 1596 1456 serni-

254 1480 407 1552 diametro,
430 1483 588 1559 particulae
611 1485 675 1562 ejus
698 1484 829 1563 applicas
852 1495 978 1562 quantes
1001 1486 1083 1546 lubet
1098 1486 1228 1562 iaeisqnc
1243 1483 1481 1554 monochordum,
1505 1485 1596 1542 vestis
1630 1561 1635 1568 Ι

255 1567 329 1626 illud
352 1569 463 1650 duplici
492 1572 643 1649 pyramide
662 1573 783 1649 jamque
807 1591 842 1634 cx
865 1575 921 1634 bec
942 1576 1065 1650 pictura,
1088 1591 1177 1650 quem
1191 1581 1306 1650 praeter
1320 1581 1349 1632 te
1373 1573 1486 1632 invenit
1500 1584 1596 1643 nemo,

253 1655 424 1717 harmonias
448 1657 538 1720 elicis.
583 1659 680 1720 Nolim
703 1661 760 1722 boe
782 1661 926 1734 crederes,
949 1665 1045 1738 ipsam
1067 1679 1118 1738 per
1139 1678 1171 1720 se
1200 1663 1342 1738 pictorem
1371 1658 1447 1718 banc
1473 1657 1543 1719 rnibi
1564 1659 1595 1716 in

251 1746 348 1802 enimc
371 1761 436 1806 esse
465 1746 500 1806 de
530 1747 662 1824 subjecto
695 1755 762 1808 tuae
786 1747 969 1810 harmonicen
991 1750 1150 1825 cogitanti,
1180 1751 1241 1810 seio
1271 1749 1312 1808 rei
1337 1745 1449 1822 aliquid
1472 1746 1594 1806 subesse

253 1833 282 1888 in
316 1839 366 1892 tuo
398 1841 556 1911 conceptnr
590 1843 620 1894 et
649 1835 721 1903 illud
746 1835 942 1911 jamdudum
972 1836 1049 1896 ultro
1077 1836 1173 1896 lessus
1202 1853 1248 1909 es,
1281 1845 1310 1896 te
1340 1835 1507 1894 harmonias
1530 1842 1596 1892 tuas

251 1921 368 1976 nonnisi
391 1919 537 1981 mediante
567 1921 622 1980 bec
644 1929 697 1982 tue
718 1925 835 2000 private
866 1922 966 1982 mnndi
988 1926 1102 2002 pictura
1131 1923 1263 2000 pertibus
1291 1922 1390 1982 mundi
1411 1919 1595 1997 applicasse.

252 2006 322 2082 lpse
351 2007 403 2066 tibi
425 2007 476 2068 lux
499 2010 650 2070 materiam
679 2010 849 2088 suppeditat
874 2013 952 2085 scio,
984 2019 1015 2072 et
1046 2009 1211 2088 pyramides
1233 2019 1303 2072 tusc
1335 2009 1407 2070 dant
1434 2008 1538 2068 modos
1567 2017 1595 2066 et
1718 2073 1726 2090 ,

252 2092 399 2169 quendam
422 2095 514 2156 veluti
538 2114 715 2171 mensuram,
747 2099 810 2160 sine
834 2099 940 2174 quibus
968 2097 1063 2160 modis
1091 2109 1285 2174 mensuraque
1315 2096 1396 2156 nulle
1417 2098 1540 2158 materia
1567 2098 1595 2152 in
1645 2149 1648 2157 .

252 2181 342 2240 uilem
365 2179 545 2244 lrarnoniam
569 2187 717 2261 congruit,
740 2187 797 2246 nisi
821 2193 852 2246 tn
876 2187 949 2246 sorte
972 2186 1104 2262 abjures,
1127 2195 1172 2259 te,
1203 2203 1269 2246 eum
1292 2183 1475 2247 diatesseron
1499 2180 1597 2261 appli-

252 2285 334 2328 cares
359 2270 532 2342 mundanis,
562 2271 598 2330 de
621 2272 704 2332 nulls
726 2272 813 2349 piane
836 2290 973 2352 mensure
1001 2289 1161 2334 numerere
1192 2276 1347 2348 cogitasse.
1391 2269 1462 2332 Jam
1484 2278 1546 2330 tute
1570 2283 1597 2330 re

251 2355 404 2432 recollige,
428 2357 570 2434 Roberte,
595 2367 749 2436 tecumque
772 2361 920 2439 expende,
950 2360 1099 2437 quodnam
1121 2361 1257 2438 probrum
1286 2363 1315 2417 in
1338 2367 1367 2420 te
1390 2359 1597 2434 conjecturae

252 2461 298 2504 mc
321 2445 372 2516 sit,
402 2443 470 2504 dnm
493 2446 545 2504 tibi
569 2463 624 2522 ego
647 2451 787 2550 picturae
813 2449 923 2510 mundi
951 2465 1065 2523 norae,
1093 2447 1150 2510 boe
1173 2453 1217 2508 est
1233 2451 1377 2524 priuetee
1398 2447 1597 2508 inventionem

251 2547 330 2590 mero
353 2534 456 2592 merito
480 2540 531 2592 tuo
554 2535 713 2607 assiprrari

339 2617 392 2678 Ad
414 2620 596 2698 Anelysin
620 2621 740 2690 XXVI.
786 2623 963 2700 Ecqnienem
985 2623 1033 2683 iric
1055 2621 1174 2700 Keplcri
1198 2621 1377 2698 triumphus,
1406 2622 1456 2696 qui
1480 2620 1597 2698 paean?

252 2705 400 2781 quodnam
428 2707 558 2768 lendum
587 2727 729 2770 mearum
752 2711 1007 2772 monumentum?
1038 2710 1120 2785 quid
1138 2712 1263 2784 ingenue
1293 2708 1400 2780 fateor,
1431 2709 1478 2768 uei
1508 2710 1611 2776 eonor,

250 2795 348 2888 operis
375 2798 435 2852 mei
462 2797 604 2856 notitiem
634 2816 654 2855 a
675 2801 822 2874 mysteriis
845 2801 905 2859 tuis
932 2799 1101 2874 longissime
1127 2797 1227 2858 adbuc
1248 2797 1366 2856 ebernei
1410 2795 1485 2856 Nem
1518 2795 1597 2871 quod
1722 2811 1731 2822 ·

250 2867 556 2944 deionsoartonour
577 2883 797 2948 metbernetieie
819 2889 1078 2946 commireimem
1101 2884 1309 2944 certitudinem
1338 2899 1459 2958 arrogo,
1487 2881 1516 2941 id
1539 2899 1597 2940 non

251 2967 289 3028 ed
312 2985 359 3028 ure
381 2971 533 3045 privatim,
556 2969 608 3030 sed
631 2970 699 3031 ad
691 2989 784 3047 rpsam
807 2973 957 3035 scientiam
980 2975 1112 3050 pertinet.
1157 2969 1214 3046 Qui
1238 2989 1308 3032 vero
1337 2971 1485 3032 dedecoris
1508 2969 1597 3046 abyr

250 3073 301 3114 ern
323 3056 539 3132 quomodove
531 3075 561 3116 ru
586 3076 652 3118 curn
677 3061 798 3136 famem
820 3069 908 3120 tuem
928 3060 1071 3134 wude,
1103 3058 1182 3136 quod
1213 3059 1327 3119 tradere
1350 3066 1378 3120 te
1410 3058 1475 3118 dieo
1498 3057 1597 3134 pbilo-

251 3143 386 3218 sopbiem
419 3145 691 3221 profundissimam,
723 3146 793 3223 quid
823 3150 962 3225 mysteria
992 3149 1021 3206 in
1049 3146 1102 3205 illa
1130 3146 1260 3206 conserte
1291 3141 1478 3225 celenensi-¹²)
1522 3144 1597 3205 Nam

253 3229 333 3306 qnod
355 3231 576 3308 perplexissima
599 3233 651 3292 ille
672 3235 811 3310 mysteria
834 3233 906 3306 dixi,
931 3234 959 3292 id
983 3235 1082 3294 nescio
1106 3235 1155 3310 qui
1179 3240 1210 3290 tu
1234 3234 1304 3292 milri
1320 3234 1486 3311 exprobres,
1510 3250 1596 3309 quem

250 3335 286 3376 ne
311 3317 438 3392 dignaris
462 3320 580 3395 quidem
604 3320 717 3380 erudire
748 3323 862 3398 scriptis
886 3324 958 3396 tuis;
988 3321 1091 3380 scribis
1114 3323 1192 3380 eninr
1222 3321 1292 3395 tiliis
1312 3324 1500 3394 sapientiae,
1516 3337 1597 3380 ‚cum

253 3423 299 3464 nre
322 3405 414 3464 filiuni
438 3410 620 3482 ignorantiae
642 3425 813 3484 persuasum
835 3410 955 3468 babeas.
1001 3408 1075 3465 Mihi
1098 3409 1197 3481 itaque
1227 3410 1341 3482 meique
1364 3407 1507 3466 similibus
1531 3425 1597 3483 my-

250 3495 343 3552 steria
367 3503 417 3552 tua
439 3495 578 3571 perplexa
601 3503 678 3564 sunt,
701 3495 799 3555 idest
828 3498 968 3572 mysteria
990 3495 1078 3569 culpa
1099 3502 1152 3552 tne
1175 3501 1358 3568 tuorumque,
1386 3509 1461 3568 qnos
1483 3492 1596 3565 lendes,

251 3597 355 3640 roseae
381 3584 477 3640 muas
503 3583 657 3659 frontem,
687 3583 737 3656 qui
763 3582 898 3658 „fugiunt
921 3580 959 3640 ad
985 3580 1108 3652 salices,
1138 3589 1167 3638 et
1189 3597 1219 3638 ne
1235 3581 1358 3655 eupiunt
1380 3589 1447 3640 ante
1470 3578 1594 3638 videri.“

250 3668 316 3742 Ago
352 3685 482 3742 namque
515 3671 570 3728 nisi
602 3668 763 3729 doctrinam
793 3671 906 3744 jactent
936 3670 1000 3744 ipso
1034 3665 1196 3742 Evangelio
1234 3666 1352 3726 coelesti
1385 3668 1596 3743 pretiosiorem,

252 3753 401 3831 prodeant
423 3757 453 3814 in
476 3756 626 3820 bominum
650 3756 851 3831 frequentiam,
874 3752 1233 3832 commentitiaeque
1256 3761 1397 3827 montem,
1421 3755 1459 3814 ad
1482 3755 1609 3826 iestnm,

248 3841 397 3900 dimittant
429 3841 589 3918 discipulos
618 3859 670 3920 per
692 3842 814 3906 castella
847 3850 876 3902 et
898 3844 996 3914 vicos,
1029 3850 1098 3900 tuno
1127 3842 1298 3916 loquantur,
1330 3842 1354 3901 si
1383 3844 1426 3902 ita
1447 3841 1534 3916 libet,
1567 3843 1596 3900 in

247 3928 397 4006 parabolis
420 3930 577 4006 perplexis,
601 3931 715 4006 copiam
740 3931 785 3990 rui
809 3933 944 4006 privatim
968 3930 1258 3988 conventurientibns
1272 3930 1381 3992 ranem
1403 3937 1432 3990 et
1455 3938 1525 3988 tnnc
1539 3931 1595 3992 nisi

246 4025 459 4093 percontemur,
483 4020 539 4076 nisi
563 4017 718 4092 discemus,
742 4015 944 4094 perplexitatis
967 4014 1083 4092 culpam
1105 4033 1160 4076 nor
1176 4017 1396 4078 sustinebimus.
1440 4018 1477 4076 Et
1499 4017 1595 4092 quod-

245 4121 315 4162 nam
338 4103 395 4162 boe
416 4105 456 4178 eit
479 4105 677 4181 opprobrium,
701 4105 780 4182 quod
803 4105 879 4178 dico,
904 4116 955 4164 tna
976 4105 1117 4181 mysteria
1136 4103 1174 4163 ab
1190 4107 1409 4166 accuratissime
1423 4103 1596 4166 certitudine

247 4192 528 4264 demonstrati—onum
551 4189 821 4253 mathenraticnruur
843 4193 1013 4270 longissime
1035 4193 1200 4262 recessisse,
1225 4207 1289 4250 enm
1313 4200 1345 4252 tn
1369 4195 1431 4270 ipsc
1454 4193 1483 4252 id
1500 4193 1595 4251 omnl-

248 4281 305 4340 bus
327 4281 461 4356 paginis,
485 4279 621 4340 omnibus
643 4297 735 4356 prope
756 4281 844 4342 lineis
867 4280 942 4340 ultro
965 4278 1108 4338 fatearis?
1151 4278 1324 4355 Pyramides
1347 4282 1459 4356 pingis,
1491 4297 1595 4340 nume·
1688 4297 1692 4310 ·

246 4384 295 4427 roe
319 4374 349 4428 et
371 4383 523 4428 mensures
544 4366 767 4428 mathematicas
790 4369 940 4446 applicas,
972 4383 1026 4426 neo
1047 4383 1099 4426 ees
1122 4368 1168 4426 nie
1199 4382 1251 4425 nos
1275 4369 1381 4430 intueri
1412 4366 1505 4426 oculis
1528 4386 1595 4428 me·

245 4455 427 4526 thematicie,
459 4471 514 4516 nec
535 4454 685 4532 applicem
708 4458 815 4532 pateris
838 4458 961 4516 circinos
982 4452 1123 4514 metiendi
1149 4470 1247 4513 oense.
1293 4453 1517 4516 Mathematicse
1541 4456 1595 4516 de-

245 4546 472 4604 monstrationes
495 4543 571 4604 adeo
594 4542 695 4619 prorui
719 4542 825 4615 babes,
860 4543 1031 4602 nt'dieertis
1057 4541 1153 4600 verbis
1184 4558 1235 4600 cas
1258 4551 1426 4602 contemnes
1460 4545 1593 4617 interque

245 4633 315 4694 rani
338 4635 442 4708 cepitis
466 4631 571 4694 deliria
593 4630 719 4704 rejicias.
763 4630 810 4690 De
831 4631 990 4708 mysteriis
1022 4627 1141 4688 tandem
1171 4645 1216 4688 me
1244 4628 1288 4688 nis
1319 4627 1410 4704 loqui.
1456 4629 1593 4690 Etiamne

245 4719 303 4778 lroc
325 4736 443 4795 quoqne
466 4718 674 4780 vindicandum
697 4717 820 4778 censes?
857 4717 917 4777 Sed
940 4736 958 4778 a
980 4725 1009 4776 te
1032 4714 1108 4774 mule
1131 4713 1279 4776 intellecta
1302 4714 1393 4776 dico?
1429 4716 1494 4776 Non
1511 4715 1590 4792 dioo;

245 4813 345 4884 potest
367 4809 433 4883 quis
455 4823 555 4873 seeum
577 4809 642 4884 ipse
664 4807 774 4883 optime
797 4804 961 4884 intelligere
984 4811 1130 4865 secretum
1154 4802 1284 4879 aliquod,
1307 4802 1388 4881 qnod
1409 4802 1593 4866 demonstre-
