3676 5536
319 345 380 405 ala
615 337 626 354 “
732 337 775 394 Ile
794 333 1055 407 Goufigurationibus
1073 333 1250 395 Harmonieis.

318 525 400 578 motu
422 518 564 594 gignitur,
594 519 723 594 compoti
755 518 895 577 tribueret
916 517 1101 591 harmoniam
1132 535 1231 576 verum
1258 519 1403 593 persuasit
1431 517 1516 576 nobis
1539 516 1664 576 conditio

317 623 412 664 rerum
435 603 631 678 dicendarum,
656 615 687 664 ut
708 621 767 664 non
789 612 902 664 tuntum
926 603 1055 663 ordinem
1073 613 1258 676 verteremus,
1282 606 1365 664 initio
1383 605 1421 664 ab
1438 605 1565 663 humano
1579 615 1662 664 cantu

317 692 394 752 iacto
417 695 564 752 haurituri
587 692 655 751 inde
678 691 715 750 ad
738 700 859 752 naturae
883 709 972 768 opera
994 701 1024 750 et
1046 693 1088 750 sic
1111 691 1227 752 demum
1251 692 1288 750 ad
1312 709 1386 769 opus
1401 695 1564 768 creationis,
1588 693 1663 768 quod

319 781 446 840 omnium
469 783 593 856 primum
616 787 645 839 et
667 780 907 854 perfectissimum
922 779 986 850 luit,
1009 777 1060 838 sed
1076 781 1164 837 etiam
1178 779 1264 838 finem
1279 779 1488 855 speculationis
1503 780 1664 839 abstractae

260 909 263 914 -
320 884 386 927 cum
407 869 550 944 principio
574 875 772 926 concretarum
794 867 1009 926 harmoniarum
1039 867 1068 922 in
1091 874 1178 924 cantu
1202 867 1443 943 conjungeremus
1466 867 1568 928 eodem
1591 868 1663 926 libro

319 958 417 1015 tertio.
459 955 547 1014 Initio
580 957 667 1031 igitur
698 955 777 1014 iacto
797 955 885 1030 hujus
917 957 945 1010 in
969 950 1108 1012 mundum
1137 955 1358 1014 introductionis
1386 955 1461 1015 libro
1485 955 1664 1014 antecedenti

321 1052 350 1102 et
376 1043 572 1119 transscriptis
594 1040 751 1100 harmoniis
773 1041 902 1100 humano
926 1043 1039 1114 cantui,
1064 1058 1151 1116 quem
1174 1043 1244 1100 artis
1266 1042 1395 1118 generali
1418 1033 1665 1102 vocabulo'com-

319 1130 407 1207 plecti
430 1129 525 1190 solent
546 1128 606 1205 alii,
630 1131 761 1205 sequitur
783 1147 860 1188 nuuc
883 1137 1003 1205 quartus
1025 1127 1113 1201 liber,
1144 1132 1193 1204 qui
1217 1132 1246 1187 in
1269 1130 1327 1190 hoc
1350 1129 1450 1189 ordine
1479 1133 1596 1190 inverso
1618 1147 1666 1188 se-

320 1217 430 1277 cundas
453 1215 635 1277 harmonicas
658 1227 810 1276 concretae
833 1224 931 1293 partes
954 1221 1077 1274 naturae
1098 1217 1207 1274 tribuit.
1364 1268 1369 1280 ,

406 1305 469 1364 Etsi
491 1320 560 1364 vero
584 1307 706 1380 sparsim
728 1303 803 1376 libro
818 1303 872 1362 lll.
898 1303 1125 1382 disputationem
1149 1303 1184 1363 de
1203 1304 1418 1384 harmoniarum
1434 1304 1561 1362 essentia
1574 1303 1666 1378 tetigi,

318 1392 436 1469 plenam
464 1401 561 1452 tamen
593 1392 679 1467 hujus
708 1391 926 1470 metaphysicao
959 1390 1165 1468 disputationis
1195 1395 1396 1461 tractationem
1435 1394 1463 1448 in
1494 1393 1666 1468 principium

294 1479 407 1560 ,huJus
429 1480 496 1539 libri
519 1481 613 1555 quarti
637 1478 738 1541 eodem
762 1478 884 1538 consilio
906 1477 1112 1538 reservandam
1135 1481 1243 1538 censui.
1289 1479 1362 1538 Cum
1385 1480 1462 1538 enim
1487 1479 1578 1554 vulgo
1601 1478 1666 1555 phi-

320 1566 509 1644 losophorum
540 1567 706 1633 harmonias
735 1583 792 1628 noa
821 1565 893 1652 alibi
923 1574 1063 1642 quaerant
1094 1569 1150 1626 nisi
1178 1569 1207 1643 iu
1237 1575 1340 1638 cautu,
1369 1569 1466 1642 sitque
1487 1565 1666 1642 inopinatus

319 1653 465 1733 plerisque
489 1671 632 1727 acroama,
657 1672 722 1712 cum
745 1653 872 1726 docetur,
896 1651 977 1711 aliud
1000 1653 1069 1728 quid
1093 1672 1157 1714 esse
1173 1671 1271 1726 sonos,
1296 1654 1375 1712 aliud
1391 1653 1566 1726 harmonias,
1593 1670 1667 1728 quae

320 1746 415 1801 inesse
437 1729 577 1818 puta'atur
598 1743 628 1798 in
651 1743 746 1814 sonis,
777 1741 904 1800 dandum
932 1739 1041 1816 aliquid
1070 1741 1138 1800 luit'
1153 1739 1344 1800 imbecillitati
1368 1753 1469 1817 eaptus
1499 1749 1531 1801 et
1551 1741 1669 1800 hermo·

319 1833 435 1888 niumm
463 1839 543 1887 ortus
573 1826 762 1905 explicaridus
791 1829 921 1888 terminis
942 1829 1041 1905 potius
1064 1830 1181 1888 musicis
1205 1830 1294 1902 vulgo
1323 1831 1416 1901 notis,
1448 1845 1502 1888 nec
1524 1827 1669 1888 turbanda

320 1917 374 1976 iuit
397 1915 524 1976 aviditas
546 1915 664 1975 lactoris
684 1918 851 1992 importuna
872 1915 1036 1974 subtilitate
1057 1917 1320 1993 metaphysicamrn
1343 1918 1555 1992 quaestionum.
1564 1913 1598 1996 *)

409 2005 449 2063 At
467 2005 531 2080 Jam
552 2021 650 2080 porro,
675 2020 740 2062 cum
763 2003 929 2064 harmonias
958 2005 986 2060 in
1009 2011 1115 2062 natura
1145 2007 1233 2080 inque
1256 2005 1403 2064 coelorum
1432 2003 1560 2064 motibus
1586 2009 1669 2086 pale·

207 2129 210 2138 -
319 2089 415 2150 iacere
437 2093 475 2149 sit
498 2093 628 2166 animus,
657 2089 762 2168 vulgus
792 2107 861 2152 vero
890 2089 1131 2168 pbilosophorum
1160 2093 1260 2150 statim
1287 2092 1325 2150 ad
1354 2093 1475 2167 primam
1499 2089 1668 2150 harmoniae

319 2181 498 2242 mentionem
522 2181 668 2254 concipiat
689 2179 817 2238 siderum
840 2181 981 2236 musicam
1005 2178 1150 2252 vocalem,
1180 2177 1283 2238 auditu
1305 2179 1520 2255 percipiendam
1551 2185 1667 2237 etcum

320 2265 457 2345 Scipione
480 2264 671 2326 Ciceroniana
693 2269 811 2326 arrectis
835 2267 954 2325 auribus
977 2264 1086 2338 adstet,
1119 2273 1292 2342 excepturus
1314 2274 1435 2326 tontum
1463 2273 1492 2326 ct
1513 2274 1580 2326 tam
1604 2265 1672 2324 dul·

319 2371 382 2424 ccm
402 2369 530 2427 ronum3
563 2371 628 2414 eum
651 2354 780 2429 proclive
803 2356 849 2426 sit,
872 2370 967 2412 rerum
990 2355 1138 2428 imperitos
1168 2369 1234 2412 cum
1257 2351 1307 2411 illo
1330 2357 1394 2430 ipso
1416 2354 1598 2413 somniatore
1621 2352 1669 2411 ct-

319 2456 423 2501 oeroue
445 2444 654 2517 argumentari,
676 2459 740 2500 raon
761 2457 845 2515 porse
865 2441 983 2498 rueme
1005 2447 1105 2499 marim
1126 2443 1249 2498 maturi
1271 2448 1384 2513 motus,
1414 2448 1531 2500 etcum
1554 2439 1671 2518 Pytha-

317 2531 435 2606 goraeis
458 2545 493 2587 ex
517 2527 675 2589 Aristotele
697 2529 838 2586 rationem
862 2527 998 2600 reddere,
1012 2534 1073 2584 'cur
1095 2527 1229 2586 eoelestis
1252 2543 1342 2586 sonus
1363 2544 1422 2600 nou
1445 2527 1623 2588 exaudiatur
1644 2529 1669 2584 in

319 2613 435 2692 'l'erris3
458 2633 534 2692 quae
557 2623 789 2692 praeconceptae
811 2615 963 2691 opiniones
985 2613 1140 2691 plurimum
1165 2615 1284 2674 obstant
1296 2613 1465 2690 lectoribus,
1487 2613 1526 2675 ad
1549 2625 1671 2678 naturae

233 2735 236 2740 ·
319 2702 482 2780 penetralia
505 2701 762 2776 contendentibus,
793 2699 928 2777 adeoque
958 2709 988 2762 et
1009 2701 1170 2762 absterrere
1192 2709 1313 2779 possent
1341 2702 1449 2763 multos
1467 2701 1584 2778 judicio
1606 2701 1670 2778 pol·

319 2790 415 2850 leutos
445 2791 636 2866 veritatisque
665 2798 841 2863 sectatores,
879 2797 920 2847 ut
940 2797 1117 2863 nugamenta
1144 2793 1202 2848 ista
1232 2789 1446 2867 Pythagorica,
1478 2793 1527 2848 vix
1560 2793 1671 2849 eminas

321 2879 431 2954 agnita,
455 2884 654 2954 aspernantes,
677 2877 783 2935 librum
806 2893 863 2934 non
886 2876 994 2935 lectum
1017 2875 1194 2951 abjicerent:
1218 2877 1263 2935 liis
1289 2875 1435 2937 decausis
1458 2875 1584 2938 idoneus
1606 2875 1672 2936 mihi

321 2965 402 3022 visus
432 2972 476 3022 eat
508 2965 555 3024 hic
586 2966 648 3042 ipse
678 2963 774 3038 locus,
805 2965 836 3023 in
864 2981 950 3040 quem
982 2960 1209 3040 disputationem
1242 2965 1318 3024 hanc
1344 2983 1455 3026 summe
1478 2966 1670 3028 necessariam

320 3051 464 3112 referrem.
1462 3089 1466 3096 -

406 3137 503 3198 Movit
525 3155 572 3196 me
594 3147 624 3197 et
646 3135 808 3197 Ptolemaei
833 3136 1006 3212 exemplum,
1031 3141 1081 3214 qui
1104 3155 1169 3198 enm
1192 3139 1275 3198 libris
1298 3142 1316 3196 a
1340 3139 1484 3215 prioribus
1507 3141 1607 3215 operis
1629 3139 1672 3197 sui
1764 3123 1769 3136 “

321 3225 480 3286 harmonici
504 3225 681 3284 absolvisset
702 3223 863 3284 doctrinam
885 3224 1092 3298 harmonlmm,
1117 3243 1192 3302 quae
1215 3233 1260 3285 est
1279 3225 1317 3285 tle
1340 3235 1435 3299 cantu,
1455 3226 1579 3302 jamque
1601 3225 1671 3285 libro

322 3316 408 3372 tertio
431 3309 687 3372 demonstrandum
710 3313 903 3388 suscepisset,
927 3329 1028 3372 omnes
1050 3320 1169 3372 naturas
1191 3314 1336 3390 periectas
1359 3314 1527 3373 harmonica
1549 3315 1582 3371 vi
1605 3331 1670 3390 par-

321 3402 457 3476 ticipare,
492 3400 718 3476 disputationem
743 3407 772 3457 et
793 3402 856 3476 ipse
880 3399 981 3476 incipit
1008 3399 1125 3459 abbae
1149 3400 1250 3460 eadem
1280 3404 1466 3476 quaestione:
1497 3401 1563 3461 Sub
1595 3399 1673 3478 quod

320 3505 415 3563 persus
435 3505 540 3546 renem
561 3486 721 3564 referenda
742 3489 781 3544 eit
801 3495 919 3546 nutura
940 3504 994 3546 scu
1015 3489 1061 3545 aa
1081 3487 1260 3548 barrnouieu
1288 3491 1411 3570 ejusque
1432 3491 1567 3548 acimtim
1614 3489 1671 3548 Etsi

321 3575 410 3652 igitur
439 3591 560 3634 examen
588 3582 618 3632 et
648 3589 796 3632 censuram
820 3573 982 3633 Ptolemaei
1013 3591 1069 3651 ego
1099 3576 1127 3632 in
1157 3575 1246 3650 hujus
1276 3577 1332 3634 mei
1356 3577 1452 3652 operis
1480 3575 1670 3652 appendicem

319 3661 424 3737 reJaci,
448 3660 570 3737 etquid
594 3661 632 3720 ad
655 3661 731 3720 hanc
753 3660 914 3720 Ptolemaei
938 3663 1138 3738 quaestionem
1163 3680 1197 3722 ex
1221 3663 1292 3722 mels
1314 3665 1463 3739 principiis
1488 3663 1669 3740 respoudea-

322 3749 391 3808 dum
414 3749 562 3823 videatur,
594 3748 623 3806 id
646 3749 684 3808 ob
707 3747 815 3808 dictam
838 3767 956 3809 causam
980 3749 1036 3808 hoe
1058 3757 1162 3825 quarto
1185 3743 1258 3808 libro
1287 3753 1432 3826 praemitti
1455 3750 1566 3810 debuit.
1612 3749 1670 3810 Nec

321 3835 352 3895 id
374 3844 486 3896 tautum
509 3835 547 3895 ad
569 3836 829 3912 praemuniendum
850 3835 989 3896 lectorem
1013 3836 1246 3914 avertendaeque
1268 3839 1400 3897 sinistras
1429 3839 1583 3915 opiniones
1606 3855 1669 3915 per·

321 3926 411 3997 tinet,
440 3923 493 3984 sed
516 3923 665 3984 etiamad
689 3923 914 4000 explicationem
937 3922 1183 3984 fundamentalem
1207 3927 1295 3984 totius
1318 3926 1414 4001 quarti
1436 3926 1516 3997 libri3
1546 3932 1581 3984 ut
1603 3925 1670 4001 qnia

319 4011 356 4072 ds
387 4011 545 4071 harmoniis
572 4010 719 4070 radiorum
745 4010 914 4070 sideralium
943 4011 1046 4071 dicturi
1070 4030 1185 4085 sumus,
1219 4029 1295 4088 quae
1324 4021 1352 4072 et
1375 4019 1447 4088 quot
1468 4013 1526 4072 siut
1548 4027 1667 4071 nomem

320 4100 485 4177 quibusque
507 4101 691 4175 geometricis
713 4099 863 4176 principiis
884 4099 1051 4168 formentur,
1074 4101 1155 4175 prius
1177 4101 1319 4174 scimus,
1343 4117 1420 4176 quae
1443 4100 1490 4158 sit
1503 4099 1669 4158 harmonia·

321 4203 383 4245 rum
405 4189 541 4260 essentia,
565 4188 638 4246 citra
659 4196 688 4245 et
710 4203 856 4258 sonomm,
880 4190 931 4261 qui
954 4187 1001 4246 bic
1024 4186 1095 4244 nulli
1118 4196 1195 4260 sunt,
1218 4195 1248 4246 et
1269 4190 1396 4264 ipsorum
1420 4189 1507 4246 etiam
1523 4185 1667 4246 radiorum

321 4273 596 4349 considerationem,
622 4281 652 4334 et
674 4273 822 4350 quoduam
844 4291 943 4334 suum
967 4277 1113 4352 proprium
1137 4275 1314 4349 subiectum,
1340 4278 1390 4350 qui
1414 4275 1545 4350 termini3
1574 4275 1667 4333 sintne

323 4360 353 4416 lu
377 4361 462 4422 rebus
485 4370 570 4422 extra
591 4361 785 4434 intellectum,
808 4378 847 4420 an
870 4362 899 4419 in
923 4361 988 4421 sole
1009 4363 1124 4434 aalma,
1147 4378 1206 4437 quo
1228 4361 1324 4422 medio
1342 4361 1544 4440 percipiantur
1564 4363 1668 4420 intror-

204 4511 211 4532 ·
322 4461 443 4522 sumque
466 4452 660 4529 recipientem
690 4465 751 4525 qua
772 4465 803 4508 re
826 4447 1033 4524 dijudicentur,
1066 4451 1133 4524 quis
1152 4449 1272 4510 eliacim
1303 4449 1380 4509 hauc
1403 4451 1620 4526 perceptionem
1641 4453 1668 4508 et

400 4665 424 4718 ⁵)
439 4665 508 4718 Atqui
523 4667 628 4713 Socrates
641 4671 702 4722 apua
715 4671 844 4722 Platonem,
866 4671 951 4712 clunis
964 4669 1045 4711 Proclo
1063 4671 1102 4727 llb.
1118 4671 1137 4712 1.
1153 4673 1176 4711 ln
1190 4671 1262 4718 linei,
1283 4671 1391 4712 musicum
1405 4669 1468 4712 ilium
1482 4669 1573 4718 dedali,
1588 4669 1627 4720 qul
1640 4669 1666 4710 eb

321 4721 352 4762 lle
365 4720 501 4766 hamanus.
523 4731 580 4771 uuae
594 4725 672 4766 ramat
685 4725 708 4764 in
723 4735 805 4773 nuru,
825 4725 968 4775 promedllur
980 4724 1009 4764 sd
1022 4725 1146 4765 lueeusliee
1159 4725 1285 4764 barmoniae
1301 4725 1502 4775 proportionesque
1515 4733 1590 4771 mn
1602 4723 1664 4762 iure·

322 4772 454 4823 sugendas,
479 4774 518 4822 qut
531 4775 620 4815 tentiam
634 4776 710 4816 evadit
723 4777 768 4827 ipsi
788 4777 811 4816 tn
825 4777 982 4828 philosophum
1003 4776 1176 4828 expergencius
1190 4777 1303 4820 harmonia
1317 4781 1412 4828 nuque
1431 4777 1460 4819 sd
1473 4774 1663 4827 anamundaro

321 4828 418 4878 marum
431 4835 508 4866 rerum
521 4835 562 4866 erre
576 4829 739 4877 aestimentque
752 4831 830 4879 ipsam.
