3698 5534
257 307 334 368 eti,
396 331 398 337 ’
772 303 923 360 Ptolemaei
939 298 1093 358 Harmonia.

256 478 284 534 in
302 479 460 548 praedicato
487 479 593 548 species
618 478 829 537 mathematicas.
867 477 1009 536 Conclusio
1028 477 1146 548 denique
1170 485 1212 532 est
1230 475 1429 548 quodammodo
1454 475 1514 532 loco
1533 473 1608 532 habi·
1637 489 1644 502 ·

256 559 338 614 tualis
358 560 531 629 operationis.
567 559 665 614 Adhuc
683 559 813 629 amplius:
836 559 975 616 theorema
1004 563 1046 612 est
1064 556 1227 626 speculatio,
1255 558 1395 628 problema
1417 564 1458 614 est
1480 557 1610 626 operatio,

258 653 342 692 caum
360 641 427 693 suae
444 637 681 694 demonstrationis
710 653 744 691 ex
762 637 960 692 theorematum
983 635 1258 692 demonstrationibus
1278 638 1411 704 derivata,
1438 651 1521 690 causa
1545 651 1609 690 vero

258 717 398 787 praecepti
424 717 452 770 in
470 717 523 771 bac
547 731 596 770 sua
623 715 855 772 demonstratione
881 718 1047 782 confirmata,
1077 716 1189 786 ejusque
1208 731 1274 770 osus
1294 724 1335 770 est
1353 715 1440 770 instar
1464 711 1611 769 habitualis

259 795 389 849 exercitii.
426 795 468 849 lta
490 794 631 864 multiplex
658 801 701 847 est
724 795 911 863 symbolisatio
935 797 999 862 ista,
1028 797 1050 850 si
1069 795 1218 850 meandum
1241 794 1327 864 mam's
1355 801 1382 850 et
1406 796 1495 848 miuus
1521 795 1611 848 omnia

258 874 460 929 consideremus
485 889 545 928 cum
571 873 735 927 Ptolemaeo.
773 874 827 928 Sed
852 875 933 944 plena
958 869 1081 930 trifariae
1108 873 1288 928 distinctionis
1312 871 1374 927 idea
1401 880 1442 926 est
1467 871 1496 924 in
1519 872 1609 930 hisce:

259 952 424 1007 aeconomia
439 953 515 1020 ipsa,
544 965 614 1021 quae
632 967 729 1007 causas
748 953 836 1020 aperit
856 951 1087 1022 appetendarum,
1112 957 1155 1006 est
1173 949 1381 1020 speculationis,
1409 948 1528 1005 calculus
1548 967 1610 1006 vero

259 1040 381 1086 motuum
400 1032 558 1086 coelestium
575 1031 610 1086 ad
629 1038 752 1100 tempora
771 1041 846 1086 certa
873 1033 914 1086 vel
933 1033 1064 1086 revolutio
1088 1030 1221 1100 sphaerae
1243 1029 1463 1102 theodorumque
1487 1039 1530 1088 est
1548 1043 1611 1099 ope·
1669 1039 1672 1054 '

259 1111 371 1165 rahonis
389 1110 558 1180 manuariae3
577 1110 693 1180 denique
711 1111 813 1179 agnitio
832 1119 1025 1181 tempestatum
1045 1110 1108 1164 anni
1126 1124 1161 1163 ex
1180 1107 1298 1162 siderum
1317 1118 1378 1163 orta
1398 1119 1425 1164 et
1443 1127 1542 1166 occasu
1554 1123 1612 1162 mu·

260 1188 446 1260 tatianumqu'e
472 1189 542 1244 aeris
571 1197 621 1244 etc.
646 1197 719 1258 (pare
748 1191 938 1260 agriculturae)
968 1197 995 1243 et
1018 1186 1316 1257 distinctioplagarum
1344 1201 1378 1240 ex
1404 1197 1516 1258 aspectu
1543 1185 1613 1242 coeli

260 1269 336 1338 (pars
362 1268 429 1322 artis
452 1269 605 1336 nauticae),
633 1277 697 1324 suut
722 1269 933 1324 inter'hahitus.
972 1267 1105 1338 Quorsum
1124 1266 1226 1321 referas
1251 1264 1515 1322 etiaminstiuctum
1533 1265 1611 1320 illurn

260 1346 424 1410 matusalem,
449 1347 614 1416 agnoscendi
633 1347 864 1416 configurationes
882 1350 951 1403 citra
969 1347 1132 1416 discursum,
1161 1344 1195 1399 de
1213 1360 1267 1412 quo
1285 1342 1371 1398 multo
1395 1343 1465 1399 libro
1483 1345 1528 1399 iv.
1548 1343 1612 1404 dixi,

261 1429 301 1482 sic
319 1424 400 1482 etiam
418 1426 574 1480 instinctum
593 1426 620 1478 in
641 1425 712 1494 Sole,
732 1421 897 1496 agnoscendi
914 1425 1069 1484 harmonias
1088 1423 1222 1480 coelestes
1242 1465 1249 1492 ,
1269 1422 1302 1476 de
1320 1434 1374 1490 quo
1392 1421 1438 1476 lib.
1451 1423 1482 1476 V.
1496 1437 1556 1492 cap.
1574 1425 1613 1481 lli.

261 1505 342 1560 Etim
361 1503 502 1558 harmonia
520 1503 639 1557 inventio
658 1517 810 1573 causarum,
830 1521 864 1559 ex
883 1505 981 1575 quibus
1001 1511 1066 1558 sunt
1083 1502 1248 1570 harmoniae,
1268 1501 1386 1570 pertinet
1403 1501 1436 1556 ad
1450 1501 1613 1571 speculatio·

261 1599 322 1637 nem
341 1597 507 1652 expressam,
525 1581 727 1637 harmoniarum
745 1583 772 1637 in
785 1583 896 1638 vocibus
915 1590 943 1638 et
960 1582 1070 1637 chordis
1088 1597 1137 1651 per
1149 1579 1295 1635 sectionem
1312 1577 1429 1635 chordae
1447 1581 1612 1650 canonicam,

260 1662 379 1731 pertinet
397 1660 432 1715 ad
451 1660 636 1728 operationem
653 1661 832 1729 manuariam,
858 1668 887 1716 et
905 1659 1052 1718 modulatio
1071 1669 1181 1727 cantus,
1209 1675 1257 1714 seu
1276 1674 1355 1728 voce,
1374 1674 1424 1714 seu
1442 1675 1536 1728 mauu,
1564 1674 1614 1712 seu
1685 1702 1690 1711 ,

260 1739 356 1808 lingua
374 1745 403 1794 et
418 1737 603 1793 instrumentis
623 1739 791 1802 sonantibus,
812 1747 854 1794 est
873 1740 907 1794 ad
925 1740 1035 1796 habitus
1054 1739 1205 1794 referenda.
1242 1739 1376 1806 Quorsum
1395 1739 1476 1792 etiarn
1494 1737 1613 1792 referen-

244 1818 313 1880 dus
331 1818 476 1873 instinctus
503 1816 548 1870 ille
567 1817 697 1873 naturalis
724 1819 752 1872 in
770 1817 938 1886 hominihus,
952 1821 1129 1890 agnoscendi
1158 1825 1185 1873 et
1210 1815 1343 1887 probandi
1369 1816 1525 1870 harmonias
1544 1815 1612 1871 citra

262 1895 343 1952 mam
362 1895 541 1966 disciplinam.
1158 1917 1162 1928 ·

811 2084 953 2155 CAPUT
973 2084 1032 2162 iii.
1045 2075 1067 2126 ¹³

350 2238 437 2316 Quod
459 2243 505 2302 sia
527 2239 713 2304 harmonicae
736 2246 1011 2324 contemperationis
1036 2245 1170 2305 omuibus
1193 2245 1279 2304 robus
1302 2246 1386 2316 insit,
1412 2261 1535 2321 quarum
1557 2259 1613 2302 ua-

264 2362 347 2430 turae
369 2353 481 2415 altioris
504 2356 689 2433 perfectionis
719 2357 812 2433 gradu
834 2360 1016 2431 consistunt,
1049 2367 1075 2417 et
1103 2358 1181 2436 quod
1214 2358 1242 2416 fd
1264 2361 1390 2418 maximo
1420 2357 1612 2435 appareatis

263 2467 399 2530 humanis
423 2470 527 2527 animis
551 2471 639 2545 inque
662 2469 838 2530 coelestibus
861 2469 1094 2531 revolutionibus
1108 2467 1150 2550 ¹¹).

352 2579 439 2656 Quod
461 2583 550 2657 igitur
578 2583 651 2642 haec
674 2584 844 2644 harmonica
874 2584 997 2644 facultas
1020 2587 1133 2660 species
1157 2584 1301 2661 quaedam
1330 2586 1369 2642 sit
1391 2601 1500 2644 causae
1520 2585 1613 2642 ratio·

265 2670 398 2741 cinantis,
422 2686 541 2729 amsans
565 2672 643 2730 circa
665 2673 961 2732 commemorationes
984 2685 1131 2745 motuum,
1160 2681 1190 2730 et
1211 2672 1290 2747 quod
1314 2673 1448 2744 scientia,
1472 2670 1613 2746 inhujus

264 2755 411 2816 facultatis
443 2757 691 2833 contemplatione
724 2769 880 2834 occupata,
912 2761 1024 2837 species
1055 2762 1092 2816 sit
1117 2759 1352 2832 mathematicas,
1386 2775 1507 2818 versans
1537 2761 1614 2816 cirea

267 2846 471 2923 proportiones
501 2843 727 2904 differentiarum
759 2845 938 2906 audibilium
963 2845 1144 2922 tondensque
1174 2849 1202 2904 iu
1235 2847 1377 2906 culturam
1407 2847 1502 2920 vitae,
1538 2863 1615 2922 quae

265 2931 343 2992 solet
365 2932 488 2990 existere
516 2949 552 2990 ex
575 2932 835 3010 contemplatione,
866 2937 891 2992 si
921 2936 1010 2993 etiam
1042 2934 1163 2997 accedat
1191 2936 1313 2992 imitatio
1338 2951 1454 3008 eorum,
1486 2925 1536 3008 qui
1560 2934 1615 2993 sub

266 3017 420 3094 disciplina
444 3031 544 3078 eorum
567 3030 635 3078 sunt
658 3024 822 3094 constituti,
853 3019 884 3078 id
906 3039 957 3097 per
977 3021 1038 3097 Jam
1063 3021 1170 3080 dictum
1193 3024 1235 3081 sic
1259 3022 1462 3080 adumbratum
1485 3027 1557 3082 esto.

353 3105 567 3182 Explioundum
590 3123 660 3166 vero
684 3117 713 3167 et
736 3107 780 3170 ad,
796 3119 922 3168 mentem
945 3109 1143 3168 revocandum
1167 3119 1208 3168 est
1230 3107 1472 3186 amplius,‘quod
1495 3123 1615 3168 necesse

267 3194 377 3268 ubique
400 3195 447 3265 sit,
471 3193 640 3253 facultatem
664 3203 763 3266 tautae
787 3188 992 3272 praestantiae,
1017 3197 1091 3256 sicut
1115 3207 1144 3256 et
1160 3199 1271 3256 ceterae
1288 3192 1425 3280 (rationis
1443 3190 1614 3276 facultates)

186 3347 194 3356 x
268 3282 403 3342 omnibus
428 3282 514 3340 etiam
538 3281 605 3340 aliis
630 3287 724 3348 inesse
748 3284 849 3356 rebus,
881 3297 956 3359 quoe
979 3283 1152 3362 principium
1176 3295 1272 3342 motus
1295 3284 1405 3344 liabent
1427 3285 1455 3341 in
1479 3301 1510 3342 so
1534 3284 1615 3359 ipsis,

268 3370 464 3444 inquantum
494 3369 523 3428 ld
548 3373 671 3444 quaevis
699 3371 801 3444 habet,
833 3373 963 3449 inprimis
995 3388 1063 3430 vero
1093 3381 1122 3430 et
1151 3373 1318 3449 plenissimo
1346 3375 1432 3432 rebus
1455 3374 1506 3445 iis,
1539 3387 1615 3446 quac

268 3457 447 3534 perlectioris
471 3465 500 3516 et
521 3451 718 3522 rationalioris
741 3466 862 3517 naturae
885 3461 1145 3537 comparticipes,
1168 3469 1286 3536 propter
1309 3469 1389 3520 oriris
1412 3459 1616 3536 cognationem

270 3553 300 3604 et
320 3545 549 3606 familiaritatem
558 3541 624 3620 ¹1¹);
653 3548 682 3602 iu
706 3548 741 3604 iis
765 3549 872 3622 quippe
895 3546 965 3606 eolis
994 3547 1114 3606 evidens
1131 3548 1200 3606 lieri
1223 3556 1332 3625 potest,
1363 3565 1451 3624 quam
1474 3544 1525 3604 illa
1547 3546 1616 3604 har-

269 3635 368 3692 monia
391 3642 420 3691 et
443 3634 602 3704 iraiversim
624 3641 654 3693 et
676 3641 809 3692 accurate
833 3641 949 3693 tucatur
972 3628 1128 3715 (quantum
1154 3635 1272 3711 quidem
1292 3635 1354 3694 lieri
1371 3637 1488 3693 omnino
1504 3627 1616 3712 potest)

269 3719 491 3780 similitudinem
515 3723 744 3797 proportionum,
768 3721 875 3796 quibus
899 3723 928 3778 in
951 3720 1139 3781 dissimilibus
1154 3724 1309 3799 speciebus
1333 3723 1432 3798 aliqua
1447 3729 1531 3797 grata
1545 3737 1617 3778 con·

270 3808 442 3884 temperatio
477 3815 506 3866 et
540 3810 745 3868 convenientia
780 3811 972 3868 constituitur.
1021 3809 1059 3868 'In
1094 3813 1262 3870 universum
1299 3813 1374 3868 enim
1412 3806 1618 3885 cruraquaelibet

272 3913 371 3955 earum
395 3912 501 3966 rerum,
525 3912 599 3971 quas
622 3904 727 3955 natura
749 3895 893 3974 gubernat
915 3903 944 3954 et
967 3895 1174 3975 complectitur,
1198 3899 1393 3974 proportionis
1408 3897 1533 3973 alicujus
1550 3911 1618 3972 par-

270 3985 363 4058 ticeps
395 3990 440 4046 eat
463 3999 530 4042 cam
561 3984 590 4040 in
614 3983 758 4058 motibus,
790 3991 851 4041 tum
874 3986 962 4042 etiarn
996 3988 1024 4042 in
1049 3985 1187 4060 subjectis
1214 3986 1271 4046 sibi
1298 3986 1444 4056 materiis,
1475 3984 1557 4059 cujus
1580 3979 1618 4040 ad

271 4072 481 4147 praescriptum
504 4086 762 4147 commoneamque
784 4072 904 4130 rationis
927 4065 973 4152 (in
997 4081 1137 4148 quantum
1161 4073 1211 4132 illa
1234 4071 1351 4149 quidem
1383 4073 1531 4130 obseriari
1555 4087 1618 4128 om-

272 4158 340 4216 nino
365 4159 589 4234 conservarique
612 4154 725 4240 potest)
749 4169 778 4218 et
800 4161 950 4234 generatio
974 4163 1004 4219 in
1026 4178 1055 4218 re
1078 4163 1154 4219 inest
1184 4168 1214 4220 et
1236 4161 1416 4219 alimentatio
1450 4168 1479 4219 et
1500 4174 1619 4220 conser-

274 4246 355 4304 vatio
379 4252 409 4305 et
431 4243 572 4321 quicquid
595 4249 711 4304 omnino
735 4245 863 4305 nielioris
887 4253 975 4306 notae
998 4246 1052 4306 dici
1077 4255 1189 4323 poteat3
1213 4265 1279 4308 cum
1295 4265 1363 4307 vero
1387 4247 1473 4306 rebus
1497 4241 1619 4328 (quibus

223 4401 230 4416 κ
274 4331 391 4408 quidem
415 4335 527 4412 potest)
550 4331 668 4392 ademta
690 4334 776 4394 fuerit
798 4334 873 4394 haec
894 4334 1119 4394 familiarissima
1141 4335 1276 4409 facultas,
1301 4337 1399 4395 omnia
1419 4327 1494 4395 tunc¹
1511 4350 1617 4402 eorum,

274 4435 350 4495 quae
377 4419 439 4494 jam
470 4419 610 4496 diximus,
643 4423 787 4481 contraria
816 4424 852 4479 iis
882 4423 1020 4481 eveniunt
1048 4429 1192 4499 ruuntque
1221 4430 1250 4482 et
1271 4429 1396 4500 vergunt
1424 4425 1452 4480 in
1475 4415 1617 4498 pejurus).

273 4505 385 4566 Verum
399 4507 429 4564 in
445 4510 585 4568 materiae
599 4510 691 4585 ipsius
708 4509 885 4568 motionibus
908 4509 1070 4570 alteratiris
1092 4507 1122 4568 id
1144 4527 1202 4570 non
1219 4511 1261 4570 ita
1275 4513 1463 4587 conspicuum
1479 4517 1532 4581 eat,
1555 4523 1619 4564 cum

275 4596 305 4650 in
328 4591 494 4669 illoneque
519 4599 666 4671 quantitas
689 4613 785 4673 neque
809 4597 935 4674 qualitas
959 4605 1074 4675 propter
1097 4598 1316 4675 instabilitatem
1344 4597 1526 4658 determinari
1551 4611 1619 4671 pos-

276 4675 368 4758 sit'V),
397 4681 425 4735 in
451 4684 577 4742 motibus
599 4700 684 4757 vero,
714 4687 763 4763 qui
793 4691 825 4743 ut
852 4684 1008 4762 plurimum
1037 4688 1110 4744 inter
1138 4687 1251 4762 species
1278 4703 1331 4746 eeu
1358 4686 1466 4745 formas
1496 4698 1619 4744 conver-

276 4765 426 4847 ammiti)
451 4766 532 4858 [arant
554 4777 652 4834 autem
674 4771 704 4846 ii,
728 4773 779 4852 qui
801 4773 901 4834 insunt
922 4773 1018 4848 rebus,
1040 4778 1159 4832 naturas
1174 4771 1360 4850 perfectiores
1375 4779 1404 4834 et
1418 4769 1620 4832 rationalioraa
