3732 5528
310 343 373 404 898
827 339 976 398 Ptolemaei
992 341 1145 398 Emonia,

744 447 755 474 h

311 513 411 584 allegat
429 515 577 583 multisque
597 514 727 584 exemplis
746 513 895 586 confirmat,
914 517 1062 572 communis
1081 517 1189 585 quidam
1206 531 1296 570 rerum
1315 515 1402 570 nodus
1421 515 1586 584 habetatum
1604 514 1654 570 hoc

279 615 280 620 ¹
309 593 492 672 tameaginter
516 595 577 649 illos
601 594 743 650 discrimen
766 602 820 660 ost,
848 597 920 664 quod
946 597 1113 666 Pythagoras
1139 595 1247 663 quidem
1272 594 1350 649 unius
1374 594 1503 663 simplicis
1527 594 1656 663 diapason

307 671 450 729 interualla
476 682 580 744 septem
606 675 754 732 admiratus
778 675 958 745 dignatusque
977 683 1032 742 est,
1060 675 1231 730 Ptolemaeus
1256 690 1335 742 vero,
1365 681 1510 741 angustum
1528 673 1655 726 mundum
1701 712 1704 717 .

309 750 367 808 fieri
385 767 513 823 cernens,
539 756 567 808 in
586 755 710 824 ampliori
732 761 879 825 systemate
902 755 1018 824 duplicis
1044 761 1155 809 octavae
1179 753 1362 822 septenarium
1380 759 1471 806 tamam
1487 758 1523 806 ·et
1541 752 1600 821 ipse
1618 751 1656 803 in·

309 829 382 885 venit
398 847 526 888 sonorum
545 831 689 888 stabilium.
725 835 763 888 At
780 850 840 888 cnm
858 850 892 890 ne
911 837 950 890 sic
967 835 1075 904 quidem
1094 834 1161 888 satis
1178 832 1296 902 amplum
1311 831 1358 885 liat
1370 831 1464 886 mundi
1477 830 1656 896 intervallum,

307 908 458 979 elegantior
482 913 589 966 omnino
614 921 641 966 et
665 914 854 981 mysteriorum
877 915 993 969 fertilior
1017 915 1122 970 censeri
1154 919 1246 982 potest
1273 911 1440 979 comparatio
1466 909 1656 978 Pythagorica,

308 1004 388 1056 quum
407 990 580 1046 Ptolemaios.
617 991 667 1046 Ille
691 995 766 1047 enim'
781 1003 885 1062 septem
909 994 1017 1048 omnino
1043 993 1178 1049 naturalia
1195 999 1334 1060 numerat,
1359 991 1412 1044 iste
1435 997 1539 1059 septem
1562 1005 1658 1060 magne

308 1085 343 1122 ex
364 1078 443 1138 parte
468 1073 624 1140 arbitraria,
650 1079 681 1126 ut
705 1072 827 1126 innotis
850 1073 991 1142 explicavi.
1037 1073 1108 1128 Satis
1136 1073 1170 1127 de
1195 1071 1397 1140 comparatione
1421 1070 1571 1125 Ptolemaei
1597 1085 1657 1124 cnm

308 1149 471 1220 Pythagora.

395 1229 492 1284 Restat
515 1238 546 1286 ut
569 1247 629 1285 mea
653 1231 734 1284 etiam
758 1230 868 1286 inventa
890 1247 951 1285 cum
970 1231 1142 1286 Ptolemaicis
1164 1245 1325 1298 comparem.
1362 1229 1481 1284 Primum
1498 1229 1582 1297 igitnr
1605 1243 1658 1282 non

308 1323 420 1376 possum
438 1325 492 1364 non
511 1309 648 1364 celebrare
667 1309 783 1364 divinam
801 1311 880 1377 quasi
899 1310 1031 1380 virgulam
1053 1311 1081 1366 in
1098 1309 1251 1364 Ptolemaei
1269 1317 1297 1364 et
1313 1309 1486 1380 Pythagome
1508 1306 1658 1374 conatibus,

308 1389 382 1456 quod
405 1395 571 1457 statuerunt,
599 1397 725 1458 oportere
749 1403 810 1444 esse
832 1389 949 1458 aliquem
974 1391 1166 1460 archetypum,
1193 1405 1227 1444 er
1251 1405 1305 1458 quo
1328 1405 1383 1445 non
1402 1395 1508 1443 tantum
1529 1399 1658 1440 numerus

309 1466 485 1536 sphaerarum
504 1469 669 1536 coelestium,
688 1469 736 1524 sed
756 1469 837 1524 etiarn
856 1469 1020 1536 singularum
1039 1469 1237 1537 magnitudines
1256 1485 1305 1524 seu
1317 1470 1507 1537 proportiones
1526 1465 1607 1521 unius
1625 1463 1659 1518 ad

309 1543 421 1600 alteram
440 1547 541 1604 iuverint
558 1547 705 1604 desumtae.
742 1546 859 1602 Axioma
877 1547 997 1602 divinum
1015 1555 1069 1612 est,
1095 1549 1293 1618 quodquidam
1311 1548 1375 1603 mihi
1393 1565 1454 1603 cum
1472 1547 1525 1602 iliis
1544 1545 1659 1600 auetori-

301 1623 359 1678 ·has
384 1626 562 1682 communiter
585 1627 740 1696 praelucet3
770 1625 803 1680 da
827 1633 917 1681 cetero
942 1625 1087 1681 dividimur
1131 1627 1256 1683 Secundo
1282 1627 1352 1681 enim
1381 1626 1510 1682 coelestia
1529 1625 1589 1693 ipsa
1612 1639 1660 1678 seu

307 1723 337 1756 ro
357 1703 396 1756 dn
414 1703 546 1758 rationem
564 1703 637 1771 apud
650 1717 692 1758 me
710 1704 813 1760 habent
831 1705 1062 1773 expeditissimam
1075 1721 1109 1759 er
1121 1706 1279 1775 Oopernico,
1300 1721 1350 1759 nec
1368 1705 1425 1758 ulla
1442 1703 1504 1759 talis
1523 1702 1614 1771 qualis
1632 1703 1659 1756 in

307 1780 465 1838 Ptolemaeo
484 1790 609 1852 superest
625 1783 785 1852 haesitatio,
804 1797 894 1852 neque
912 1782 947 1837 de
964 1798 1089 1854 numero,
1109 1799 1203 1851 neque
1216 1785 1250 1839 de
1267 1784 1374 1847 ordino,
1399 1798 1488 1852 nequo
1507 1783 1540 1837 de
1559 1781 1660 1852 magui·

308 1859 411 1916 tudine.
446 1861 516 1916 Nam
535 1861 562 1916 in
581 1863 747 1918 astronomis
766 1861 907 1930 Copemici
925 1861 1057 1930 sphaerae
1076 1862 1214 1917 mobilium
1238 1870 1303 1918 aunt
1320 1877 1432 1917 numero
1452 1877 1513 1916 ser:
1538 1878 1593 1916 una
1612 1863 1660 1917 Sa·

307 1939 388 2009 turni,
408 1955 471 1994 cum
487 1942 634 2009 parastatis
650 1941 766 2006 duobus,
786 1940 937 2008 ousiosis,
955 1940 1328 2012 oum‘satellitibuaquatuor,
1348 1941 1427 1998 tortia
1439 1941 1544 2010 Martis,
1564 1949 1662 2010 quarta

312 2015 427 2072 Telluris
446 2035 506 2076 enm
525 2020 612 2087 Luna,
630 2019 725 2088 quinta
743 2018 864 2087 Veneris,
884 2025 962 2074 sexta
980 2019 1120 2087 Mercurii,
1144 2036 1260 2088 quarum
1279 2020 1398 2075 omnium
1416 2027 1538 2076 centrum
1557 2020 1663 2074 obtinet

309 2095 363 2150 Sol.
399 2097 469 2154 Nam
487 2099 539 2154 etsi
557 2099 687 2167 sphaeras
705 2098 804 2154 solidas
822 2097 912 2152 verior
928 2097 1088 2153 ocdoadum
1105 2113 1194 2154 rerum
1214 2098 1358 2169 disciplina
1375 2100 1475 2168 nescit,
1501 2098 1549 2152 illa
1566 2105 1660 2153 tamen

309 2175 434 2245 regiones
452 2176 608 2246 sphaericos
632 2193 681 2246 pro
700 2179 813 2246 singulis
835 2177 952 2246 planetis
976 2178 1096 2248 singulas
1121 2177 1237 2247 largitur
1258 2169 1329 2235 u'ltro
1348 2179 1504 2248 stabilitque
1529 2185 1557 2232 et
1575 2175 1662 2230 munit

310 2253 471 2312 indubitatis
489 2257 664 2324 argumentis.
1463 2301 1466 2308 ι

395 2333 488 2388 Tertio
514 2334 681 2406 singulorum
704 2334 874 2404 planetarum
897 2335 1030 2404 sphaerae
1058 2335 1131 2406 apud
1155 2337 1341 2392 Ptolemaeum
1370 2343 1434 2392 sunt
1461 2335 1596 2404 implexae
1623 2331 1662 2386 in·

309 2409 560 2479 aequalissimamm
578 2416 786 2484 proportionum
805 2413 933 2482 epioyolis
952 2415 1066 2484 aliisque
1084 2410 1300 2484 'particularibus
1319 2414 1446 2482 orbibus;
1469 2412 1543 2482 apud
1562 2413 1662 2482 Ceper-

309 2489 398 2544 nicum
425 2493 505 2548 unioo
524 2493 642 2550 Telluris
668 2500 742 2549 motu
769 2494 841 2550 circa
864 2493 954 2550 Solem
980 2496 1113 2564 sphaerae
1127 2487 1224 2550 ¹omnes
1242 2493 1312 2549 finnt
1329 2492 1550 2563 simplicissimae.
1588 2490 1663 2546 Nihil

307 2569 390 2638 igitur
406 2569 537 2626 hahemus
556 2572 584 2626 in
601 2575 683 2628 rebus
701 2573 783 2642 ipsis,
809 2587 924 2640 quarum
948 2589 1048 2628 causae
1067 2573 1245 2640 inquirendae
1263 2581 1340 2640 sunt,
1368 2589 1421 2640 quo
1440 2572 1475 2627 de
1496 2570 1661 2628 dubitemus.

309 2643 353 2700 illi
378 2661 442 2702 vero
467 2655 572 2707 veteres
592 2650 672 2704 simul
699 2663 727 2706 et
748 2669 794 2707 res
818 2659 846 2706 et
871 2667 969 2710 causas
990 2645 1080 2708 rerum
1104 2652 1267 2721 conjecturis
1290 2651 1357 2706 alias
1384 2651 1464 2706 aliter
1488 2650 1661 2718 indagarunt

241 2791 243 2794 ¹
308 2725 387 2860 quasi
404 2725 540 2816 fortunam
559 2729 729 2801 invocantes,
755 2730 878 2788 destituti
897 2747 1041 2801 corporum
1060 2740 1088 2788 et
1106 2731 1210 2788 ordinis
1229 2731 1396 2802 experientia
1418 2731 1524 2799 sensili,
1547 2731 1601 2785 hoc
1620 2736 1662 2784 est

311 2822 341 2862 aa
369 2820 501 2862 ouomrca.
698 2820 703 2834 ·

395 2901 512 2969 Quarto,
533 2904 606 2970 quod
621 2905 679 2972 jum
697 2905 795 2962 attinet
813 2907 990 2977 archetypum
1010 2908 1098 2976 ipsum
1117 2911 1208 2964 rerum
1226 2909 1397 2977 coelestium,
1424 2909 1469 2964 hio
1486 2906 1662 2962 Ptolemaeus

309 2981 376 3038 nihil
394 2980 510 3036 divinius
528 2981 636 3052 invenit,
657 3001 736 3054 qaam
755 2987 877 3056 politiam
890 3003 979 3042 rerum
992 2988 1216 3055 harmonicamm,
1236 3003 1325 3058 neque
1337 2996 1436 3056 mmen,
1456 3003 1489 3042 ex
1503 3003 1558 3055 quo
1570 3001 1662 3040 rerum

309 3075 407 3136 genere
424 3059 472 3114 illa
489 3059 585 3129 politia
603 3062 760 3119 harmonica
778 3066 904 3134 primitus
923 3073 997 3122 esset
1015 3075 1090 3134 orta,
1115 3066 1276 3135 perquisivit
1294 3073 1433 3130 accurate,
1458 3071 1605 3120 contentus
1623 3063 1662 3118 ia-

310 3143 383 3200 milia
400 3152 572 3194 numerorum
592 3157 625 3197 ex
644 3142 768 3197 doctrina
786 3143 979 3214 Pythagorica,
1003 3144 1097 3213 itaque
1120 3144 1167 3200 uni
1190 3150 1217 3198 et
1235 3144 1321 3200 eidem
1340 3143 1481 3213 systemati
1504 3144 1662 3198 harmonico

310 3224 364 3279 trin
381 3223 427 3283 illg
445 3219 527 3286 (inter
544 3219 608 3288 alia)
626 3223 774 3291 praecipua
791 3223 915 3291 interque
933 3239 964 3278 se
983 3223 1112 3277 distincta
1127 3223 1310 3291 comparanda
1322 3223 1443 3278 censuit:
1466 3225 1491 3287 ι)
1510 3223 1662 3293 configura·

309 3304 410 3373 tiones,
438 3303 468 3366 2)
486 3298 628 3369 sphaeras,
654 3301 684 3368 3)
703 3308 801 3357 motus.
838 3301 897 3368 Ego
915 3317 979 3356 vero
999 3302 1189 3371 considerans,
1218 3303 1286 3357 haec
1308 3303 1368 3373 ipso
1387 3303 1438 3358 tria
1463 3317 1522 3357 esse
1541 3301 1663 3356 interae

310 3381 507 3451 diversissima,
531 3378 653 3436 diversos
676 3382 757 3436 etiam
775 3381 807 3436 iis
826 3382 1007 3449 archetypos,
1032 3379 1139 3434 diversa
1157 3380 1324 3448 exemplaria
1348 3381 1497 3436 constituta
1515 3395 1578 3436 esse
1602 3395 1662 3435 sum

311 3463 466 3518 arbitratus.
504 3461 541 3514 Et
564 3459 636 3514 eirca
658 3461 887 3530 configurationes
913 3459 1022 3528 quidem
1046 3460 1169 3529 proxime
1187 3459 1289 3515 accessi
1314 3459 1348 3514 ad
1366 3459 1514 3514 Ptolemaei
1537 3467 1662 3528 conatos,

312 3543 471 3598 ostendens.
497 3554 551 3595 non
576 3538 684 3606 quidem
708 3554 742 3593 ex
764 3540 870 3608 integro
894 3539 1069 3609 disdiapason
1095 3546 1243 3610 systemate
1263 3539 1366 3593 musico
1390 3555 1451 3592 cnm
1470 3538 1571 3592 circulo
1591 3555 1662 3594 com·

311 3627 418 3688 parato,
438 3624 469 3672 ut
485 3617 544 3685 ille,
564 3617 612 3670 aad
633 3632 666 3670 cx
684 3617 789 3673 ratione
809 3619 948 3674 divisionis
966 3619 1060 3674 circuli
1079 3625 1107 3672 et
1125 3635 1160 3674 ex
1178 3618 1294 3687 simplici
1313 3619 1443 3688 diapason
1465 3633 1526 3672 cum
1545 3620 1663 3675 semicir-

310 3696 373 3752 culo
391 3705 561 3767 oomparato:
588 3713 636 3750 cur
654 3703 682 3750 et
698 3697 727 3751 in
746 3707 843 3755 natura
862 3695 1090 3766 configurationes
1107 3697 1179 3751 inter
1196 3696 1316 3754 infinitas
1338 3713 1442 3768 paucae
1459 3705 1553 3752 essent
1571 3701 1665 3756 effim-

310 3789 369 3845 ees,
395 3784 424 3832 et
440 3777 467 3830 in
485 3775 588 3832 musica
607 3775 693 3830 similo
718 3777 783 3845 quid
807 3777 879 3831 circa
898 3776 1089 3830 consonantias
1108 3777 1252 3833 acciderat.
1289 3780 1348 3836 Hoc
1366 3779 1449 3849 igitur
1473 3785 1663 3848 argumentum

310 3857 363 3912 fuit
381 3857 434 3911 mci
451 3854 513 3910 libri
531 3855 621 3923 quarti
639 3855 872 3910 Harmonicorum.
909 3855 987 3910 Circa
1004 3869 1068 3910 vero
1087 3854 1193 3923 reliqua
1210 3856 1272 3927 duo,
1292 3859 1423 3928 sphaeras
1440 3859 1544 3916 scilicet
1562 3867 1591 3913 et
1608 3873 1662 3912 mo·

310 3944 364 4007 tus,
384 3937 423 3990 sio
441 3949 493 4003 ego
512 3949 572 3988 sum
590 3933 777 3999 ratiocinatus,
796 3931 910 3988 eandem
928 3939 1054 4002 oportere
1067 3935 1269 4003 proportionem
1283 3953 1345 3992 esse
1357 3939 1573 4010 archetyporum,
1584 3927 1662 4008 'qnae

310 4022 352 4070 est
369 4030 458 4070 rerum
476 4013 609 4084 ipsarum,
637 4027 689 4068 neo
706 4018 865 4082 utrumque,
890 4019 945 4066 tam
972 4013 1103 4080 sphaeras
1122 4029 1203 4081 quam
1221 4023 1322 4084 motus,
1349 4017 1436 4073 eidem
1453 4018 1493 4072 rei
1512 4015 1661 4087 comparari

309 4093 440 4162 legitimo.
478 4093 543 4147 (inm
563 4085 865 4160 enim'perpanderem,
893 4090 1086 4158 proportiones
1112 4107 1163 4148 neo
1179 4110 1216 4150 ex
1248 4098 1366 4152 hnmana
1384 4099 1487 4152 musica
1509 4097 1537 4151 in
1556 4097 1661 4152 eoelum

311 4174 432 4244 venisse,
455 4189 505 4228 neo
524 4187 557 4225 ex
575 4170 651 4226 coelo
670 4171 698 4224 in
716 4169 862 4236 musicam,
881 4168 930 4224 sed
949 4171 978 4222 in
997 4177 1141 4240 utrumque
1160 4189 1195 4226 ea
1213 4175 1315 4229 circulo
1334 4175 1484 4246 abstracto,
1508 4175 1612 4230 scilicet
1629 4191 1662 4228 ex

310 4252 470 4320 geometria:
498 4251 602 4308 loribus
627 4249 710 4318 igitur
732 4248 897 4315 geometriae
922 4247 1036 4318 apertis,
1061 4250 1118 4318 jam
1145 4253 1269 4321 patiebar
1291 4255 1420 4310 thesauro
1444 4255 1530 4310 omnis
1556 4253 1661 4324 generis

310 4329 439 4399 idearum,
457 4331 551 4401 figuris
571 4330 674 4384 scilicet
691 4337 745 4384 tam
765 4327 867 4397 solidis,
886 4344 969 4396 quarn
987 4328 1083 4397 planis.
1120 4332 1157 4385 Et
1175 4333 1279 4388 solidae
1300 4333 1408 4402 quidem
1426 4333 1530 4402 figurae
1548 4331 1661 4401 pulchre

311 4411 512 4476 respondebant
529 4409 690 4480 corporibus
708 4407 815 4476 solidis,
840 4408 938 4477 planae
964 4423 1028 4462 vero
1054 4425 1197 4478 corporum
1216 4411 1417 4480 affectionibus,
1445 4413 1484 4466 sio
1503 4411 1659 4481 superficies

311 4485 454 4554 sphaerica
471 4489 539 4546 locis
557 4503 605 4544 aon
625 4487 720 4556 spatiis
738 4485 909 4556 planetarum
928 4485 1102 4543 dimensionis
1114 4490 1232 4559 solidae,
1253 4490 1341 4545 lineae
1359 4506 1423 4545 vero
1441 4489 1586 4546 circulares
1604 4505 1659 4543 mo·

312 4561 394 4618 tibus.
431 4566 468 4619 Et
486 4565 682 4635 superficiebus
700 4565 809 4634 quidem
827 4565 977 4634 sphaericis
995 4565 1103 4621 inscribi
1122 4569 1358 4638 cicumscribique
1382 4569 1483 4639 figuras
1503 4569 1603 4624 solidas
1622 4566 1659 4618 vi·

312 4644 422 4712 debant,
446 4643 553 4699 maculis
572 4658 635 4700 vero
654 4645 755 4715 figuras
773 4644 878 4713 planas.
914 4645 956 4697 lbi
974 4659 1008 4698 ex
1026 4645 1097 4700 binis
1115 4647 1322 4716 quibuscunque
1341 4649 1465 4718 orbibus,
1491 4649 1538 4704 uni
1556 4647 1659 4717 figurae

310 4719 468 4790 adsormtis,
496 4721 652 4778 oriebantur
669 4725 860 4794 proportiones
878 4732 969 4780 certae
987 4725 1105 4796 orbium,
1131 4727 1176 4780 hie
1202 4742 1236 4782 ex
1254 4727 1399 4796 iiguramm
1424 4727 1450 4782 in
1470 4727 1600 4782 circulum
1619 4725 1658 4779 in·

311 4799 459 4868 scriptione
482 4798 509 4852 in
532 4799 657 4867 partibus
680 4803 772 4859 obtuli
796 4803 916 4860 sectione
940 4806 1095 4861 constitutis
1121 4805 1243 4864 videbam
1270 4821 1414 4876 expressas
1442 4813 1471 4860 et
1496 4807 1657 4860 constitutas
