3732 5528
305 327 369 387 436
774 316 938 388 appendicis
957 315 1184 372 Haimonioorum

282 501 334 558 'et
355 500 435 556 irrito
458 499 568 574 impetu
599 497 772 557 transvolas.
818 497 901 557 llere
934 506 1083 574 receptum
1112 511 1176 557 asse
1204 499 1298 568 nosti,
1329 497 1354 554 si
1377 491 1485 570 dogma
1507 493 1652 570 quoddam

306 588 378 645 berre
401 586 562 644 stabilitum
586 596 639 658 est,
663 593 784 644 etcum
808 585 1022 660 objectionibus
1047 593 1148 662 postea
1162 583 1324 643 levioribus
1341 585 1527 658 transigatur.
1566 581 1653 640 Cam·

304 689 415 748 panae,
440 675 551 747 inquis,
576 675 604 729 iu
629 672 743 751 templis
766 673 884 732 minime
907 672 995 732 silent
1016 673 1044 729 in
1068 673 1253 749 oppositione
1277 669 1378 729 Lunae
1402 686 1468 728 curn
1491 668 1654 742 malevolis,

303 769 388 836 pasta
411 769 571 835 grassante.
617 759 746 820 Si'bene
769 760 903 835 conjicio,
928 767 959 818 tu
982 763 1094 836 patriae
1117 771 1184 819 tuae
1208 775 1318 817 morem
1341 757 1389 816 hie
1403 760 1510 834 tangis,
1524 751 1562 813 'in
1587 773 1654 832 qua,

305 849 354 922 qui
378 849 496 905 suntin
521 864 615 922 agone
639 849 799 920 constituti,
824 849 844 905 ii
868 865 1028 924 campanae
1051 849 1135 924 signo
1150 851 1304 922 impetrato
1322 845 1456 923 publicas
1471 861 1571 920 praem
1594 843 1655 902 sol·

303 934 426 993 licitant.
470 934 535 993 Non
560 944 638 994 caret
660 935 733 994 haec
757 935 924 994 obseruatio
948 935 1034 993 laude
1058 953 1112 993 sua
1136 934 1304 1010 diligentiae
1329 941 1357 992 et
1379 933 1654 1008 circumspectionis.

303 1020 381 1080 Illud
404 1023 492 1081 etiarn
514 1020 683 1099 philosophi
705 1025 852 1081 remittent
874 1023 1004 1082 muribus
1028 1020 1221 1097 astrologicae
1237 1019 1417 1098 disciplinae,
1442 1019 1520 1095 quod
1544 1019 1583 1077 ab
1600 1019 1656 1076 hoe

305 1109 408 1168 effectu
432 1109 633 1185 oppositiones
656 1109 780 1168 lethales
804 1117 832 1169 et
854 1110 1000 1178 violentas
1024 1109 1165 1188 appellas,
1190 1112 1245 1170 etsi
1269 1110 1320 1183 qui
1343 1123 1389 1166 me
1408 1108 1499 1180 audit,
1523 1104 1574 1166 ille
1597 1123 1655 1164 non

303 1199 399 1272 magis
422 1199 632 1272 oppositiones,
656 1215 744 1272 quarn
766 1196 813 1255 vel
836 1197 961 1257 haustus
983 1206 1157 1274 purgantes,
1181 1197 1335 1274 clysteres,
1359 1197 1514 1254 vomitorio
1536 1192 1584 1252 rel
1610 1194 1655 1252 di-

305 1285 480 1342 minutiones
504 1287 655 1360 sanguinis
679 1283 802 1344 lethales
826 1294 856 1343 et
879 1285 1024 1343 violentas
1050 1285 1134 1343 dicet.

391 1369 471 1430 Vera
493 1375 570 1430 enim
593 1379 661 1430 sunt
684 1371 814 1447 epitheta
837 1370 873 1430 de
896 1371 1121 1448 particularibus
1143 1369 1293 1430 nonnullis
1316 1369 1485 1441 eventibus,
1512 1367 1606 1436 salsa,
1630 1370 1655 1426 si

305 1459 353 1518 vel
377 1467 510 1517 naturam
534 1459 636 1517 harum
660 1475 762 1530 rerum,
785 1457 834 1518 vel
858 1461 1000 1517 intantum
1023 1461 1150 1518 auctoris
1173 1465 1296 1535 spectes.
1343 1456 1429 1532 Legis
1457 1454 1503 1512 his
1527 1471 1656 1514 consona

303 1547 354 1606 lol.
381 1545 532 1604 110111
557 1548 613 1604 mei
637 1545 690 1603 IV.
737 1546 812 1623 Ergo
837 1556 867 1605 tu
890 1545 965 1604 hane
983 1546 1182 1626 „antipathiam
1204 1544 1352 1623 appellas,
1379 1543 1576 1620 sympathiam
1602 1559 1656 1600 ne-

302 1649 367 1708 gas.
415 1632 477 1691 lmo
501 1633 621 1709 inquam
646 1650 715 1708 eget
739 1635 764 1690 si
787 1650 852 1691 curn
876 1633 1033 1710 astrologis
1048 1634 1203 1709 loquimur,
1226 1649 1306 1691 mera
1328 1631 1401 1690 haee
1417 1639 1462 1690 ast
1477 1630 1655 1708 sympathia,

303 1723 346 1794 si,
381 1735 440 1795 quo
464 1729 593 1797 tempore
617 1719 701 1778 Luna
732 1719 913 1794 aSaturrrc,
948 1738 1036 1797 aeger
1059 1729 1286 1799 oppugnatura
1307 1719 1425 1791 morbo,
1457 1719 1530 1790 nisi,
1563 1721 1656 1776 missa

304 1805 473 1866 coelestium
497 1816 527 1867 ot
550 1806 751 1866 sublunarium
774 1810 1008 1886 consociatione,
1038 1808 1135 1866 sidera
1156 1809 1276 1866 seorsim
1304 1804 1485 1875 consideres,
1519 1806 1575 1862 uisi
1601 1805 1656 1863 hoe

304 1892 455 1952 adscribas
477 1893 631 1953 radiationi
655 1913 690 1953 ex
714 1897 866 1970 opposito,
899 1895 978 1971 qued
1005 1905 1073 1954 tune
1097 1894 1298 1954 Saturnuset
1322 1894 1406 1952 launa
1435 1895 1511 1950 inter
1534 1909 1566 1949 se
1593 1891 1656 1950 dis·

302 1980 427 2040 sideant.
471 1981 564 2057 Atqui
594 1999 629 2040 ue
652 1985 693 2040 sic
724 1981 841 2057 quidem
875 1985 1025 2061 oppositio
1047 1985 1171 2042 sustinet
1200 1982 1380 2059 antipathiae
1412 1982 1529 2039 crimen.
1570 1979 1654 2048 llam

303 2069 378 2128 haec
400 2067 573 2144 antipathia,
597 2071 787 2128 sciscentibus
810 2070 975 2144 astrologis,
999 2087 1051 2148 per
1073 2079 1205 2129 naturam
1228 2069 1304 2129 iuest
1326 2069 1480 2140 sideribus,
1505 2083 1539 2125 ae
1561 2083 1674 2148 prop-¹

302 2163 385 2216 terea
406 2172 465 2214 non
490 2159 518 2212 in
542 2159 727 2232 oppositione
749 2155 844 2215 selum
868 2166 961 2229 tenet,
995 2157 1046 2216 sed
1069 2159 1157 2217 etiam
1182 2160 1209 2214 in
1234 2156 1427 2233 quadratura,
1457 2157 1485 2214 in
1510 2153 1657 2230 conjunc-

302 2245 392 2304 tione.
438 2241 481 2301 Ex
504 2241 629 2301 adverso
652 2243 691 2301 da
713 2243 874 2302 beneficum
896 2245 1053 2320 planetam,
1077 2245 1147 2302 nihil
1164 2246 1218 2303 erit
1240 2246 1270 2302 in
1293 2245 1357 2319 ejus
1379 2245 1565 2320 oppositione
1589 2258 1656 2300 cum

303 2329 389 2388 Luna
410 2330 546 2406 periculi,
579 2343 637 2406 quo
661 2330 696 2389 de
720 2340 855 2390 moneant
878 2331 1031 2408 astrologi.
1080 2332 1144 2391 Non
1167 2339 1211 2391 est
1235 2349 1303 2409 crgo
1335 2335 1363 2388 in
1385 2332 1572 2406 oppositione
1598 2331 1656 2389 sita

303 2433 399 2493 nequo
421 2417 589 2494 sympathia
611 2433 706 2494 neque
730 2417 902 2494 antipathia,
929 2418 980 2477 sed
1005 2421 1080 2478 vires
1104 2419 1199 2479 solum
1223 2419 1406 2479 efficacitatis
1428 2417 1564 2492 majores.

318 2547 323 2568 ,
391 2506 482 2580 ,Atqui
513 2503 569 2564 hoc
592 2507 687 2581 ipsum
712 2513 771 2577 est,
805 2504 885 2581 quod
916 2523 980 2564 curn
1005 2510 1195 2567 consenantia
1226 2523 1331 2566 vocum
1363 2506 1526 2581 comparari
1555 2502 1653 2562 debet

304 2590 391 2665 Quod
414 2593 490 2650 enirn
514 2605 558 2652 est
581 2593 610 2649 in
634 2591 748 2667 arigulis
778 2593 954 2672 efficacitas,
977 2595 1033 2654 hoc
1055 2605 1101 2654 est
1128 2597 1157 2651 in
1182 2595 1304 2654 vocibus
1331 2593 1538 2664 consonantia,
1571 2589 1654 2666 quod

302 2678 363 2737 illic
397 2677 601 2749 inefficacibus,
634 2678 663 2736 id
693 2679 740 2738 hie
773 2688 818 2739 est
847 2678 1038 2740 dissonantia.
1082 2681 1157 2741 Nam
1184 2683 1238 2741 atsi
1268 2681 1429 2759 particulae
1461 2695 1517 2739 con
1547 2685 1576 2737 et
1609 2678 1655 2736 dra

301 2768 539 2826 contrarietatem
563 2768 728 2838 insinuant,
754 2784 813 2825 uon
836 2775 1000 2827 esttamen
1027 2787 1098 2828 vera
1121 2771 1310 2829 contrarietas
1333 2771 1407 2828 inter
1430 2767 1654 2826 consonantiam

304 2861 333 2912 ct
361 2851 588 2926 dissonantiam,
618 2853 670 2912 sed
698 2857 845 2930 oppositio
874 2855 999 2931 simplex
1021 2855 1260 2928 contradictoria,
1293 2873 1351 2915 non
1381 2859 1410 2913 in
1440 2853 1507 2912 idea
1538 2861 1654 2911 tantum

303 2941 378 2998 inter
411 2941 551 3012 angulum
581 2944 776 3014 geometricae
807 2940 1031 3017 pulchritudinis
1063 2947 1181 3002 unicum
1212 2951 1241 3002 et
1263 2943 1391 3002 lnlirritos
1422 2958 1479 3000 nou
1502 2939 1653 3016 pulchros,

303 3026 356 3086 sad
387 3029 476 3086 etiarn
504 3029 533 3084 in
563 3028 667 3086 ellectu
696 3027 898 3088 delectationis
928 3039 957 3088 et
980 3029 1148 3090 offensionis
1176 3032 1298 3090 aurium.
1329 3029 1419 3088 *Nam
1451 3032 1476 3088 si
1499 3027 1664 3102 diligenter*

304 3112 455 3188 attendas,
487 3117 551 3191 ipso
575 3131 717 3173 concursu
739 3131 877 3174 sonorum
907 3133 964 3174 non
987 3120 1082 3192 magis
1105 3117 1258 3177 offenditur
1289 3117 1418 3191 auditus,
1451 3120 1477 3175 si
1499 3117 1566 3174 soni
1591 3113 1653 3172 dis·

303 3211 418 3274 sonent,
442 3203 577 3278 quamsi
600 3209 769 3275 consonant,
803 3219 856 3262 uec
878 3202 968 3262 ullam
991 3217 1010 3262 a
1033 3205 1213 3264 dissonantia
1235 3208 1401 3281 passionem
1423 3205 1549 3264 sustinet
1579 3219 1653 3261 eon·

305 3291 421 3348 uariam
443 3288 649 3364 delectationi,
672 3289 723 3348 sed
746 3289 812 3348 ideo
836 3289 931 3348 solum
955 3290 1034 3350 rlolet
1058 3294 1096 3352 ob
1120 3291 1330 3366 dissonantias,
1353 3295 1423 3368 quia
1446 3295 1653 3364 circumgestat

303 3382 445 3452 cognatas
468 3376 549 3450 ideas
572 3393 709 3436 sonorum
733 3381 964 3452 consonantium,
988 3396 1062 3454 quos
1085 3397 1150 3440 oum
1170 3379 1329 3452 desideret,
1352 3381 1460 3456 quippe
1479 3379 1541 3454 jarn
1565 3385 1654 3436 antea

305 3461 485 3538 degustatos,
509 3463 575 3522 ideo
599 3467 730 3541 privatus
753 3466 790 3522 iis
813 3467 930 3526 tristitia
952 3465 1132 3527 contrahitur
1155 3470 1267 3526 animus
1291 3469 1426 3540 interior,
1451 3483 1508 3525 non
1532 3465 1652 3523 auditus

302 3553 332 3609 iu
354 3553 459 3610 mentis
482 3551 579 3610 limine
601 3554 724 3628 positus.
771 3552 821 3612 Sic
845 3555 871 3610 in
896 3571 985 3631 puero
1008 3553 1089 3613 aliud
1112 3561 1157 3614 est
1179 3556 1271 3613 tames
1294 3553 1341 3612 rel
1365 3557 1429 3612 sitis
1454 3571 1536 3625 vera,
1568 3551 1650 3612 aliud

302 3637 410 3714 cupido
434 3637 569 3698 vescendi
593 3638 629 3699 de
653 3641 759 3698 cerasis
783 3641 821 3699 ob
845 3641 947 3700 oculos
969 3643 1087 3717 positis,
1117 3659 1193 3719 quae
1215 3645 1271 3700 nist
1294 3645 1464 3700 memoriam
1489 3639 1652 3699 dulcedinis
1679 3662 1682 3668 ·

303 3724 413 3784 dudum
435 3725 606 3802 degustatae
629 3727 804 3792 relucerent.
828 3728 908 3787 nuda
930 3731 975 3786 sui
999 3730 1133 3790 absentia
1147 3747 1266 3806 puerum
1290 3746 1347 3788 non
1370 3737 1546 3806 torquerent.
1584 3725 1652 3785 Hoc

302 3813 393 3889 igitur
413 3813 548 3888 obtento,
582 3813 652 3873 nihil
683 3815 781 3873 obstat
812 3815 1022 3874 dissonantiam
1054 3816 1191 3895 copulare
1222 3833 1287 3876 cum
1311 3815 1529 3888 inefficacitate,
1564 3814 1652 3891 quasi

302 3917 379 3976 quae
402 3899 482 3958 nuria
503 3904 540 3959 sit
563 3902 691 3976 negatio,
713 3917 771 3959 non
795 3904 901 3979 positio
925 3906 1061 3962 contrarii
1083 3907 1176 3983 ipsius
1199 3903 1389 3964 efficacitatis.

390 3985 574 4064 Superfluum
598 3989 755 4062 existimas,
781 3988 877 4064 plures
894 3991 1049 4051 observare
1072 4001 1208 4068 aspectus
1229 4010 1316 4068 quam
1338 3993 1476 4068 quinque.
1522 3988 1651 4046 Primum

302 4091 361 4134 non
385 4075 626 4152 estsuperfluum,
651 4073 745 4133 dicere
769 4091 863 4134 rerum
886 4080 1089 4154 apparentium
1104 4097 1223 4155 causus3
1247 4089 1280 4138 ut
1301 4081 1334 4150 si,
1359 4096 1417 4155 quo
1433 4088 1563 4154 tempore
1579 4073 1652 4133 nulli

304 4170 372 4221 sunt
395 4171 530 4239 aspectus
554 4180 588 4222 err
612 4163 749 4236 antiquis,
776 4161 890 4222 videam
913 4173 1046 4224 naturam
1062 4169 1217 4245 praecipue
1234 4169 1427 4244 commoveri,
1451 4165 1539 4240 digna
1553 4162 1653 4238 philu-

303 4249 398 4325 sopho
421 4266 490 4310 eura
513 4257 557 4310 est
580 4267 727 4326 quaerere,
752 4266 840 4325 quam
863 4252 901 4310 ob
924 4269 984 4310 rem
1007 4257 1190 4329 potissimum
1213 4255 1268 4313 hcc
1292 4257 1356 4332 ipso
1372 4253 1420 4312 die
1442 4262 1547 4311 natura
1569 4267 1652 4309 com-

302 4345 474 4413 mereatur,
504 4336 592 4412 digera
615 4345 659 4396 ast
681 4336 856 4414 philosopho
880 4341 995 4414 opinio,
1028 4343 1053 4399 si
1077 4340 1193 4414 videat,
1225 4343 1276 4401 illo
1300 4341 1346 4401 die
1374 4357 1438 4401 esse
1461 4341 1535 4398 inter
1558 4337 1651 4397 bonos

302 4422 437 4499 planetas
459 4427 656 4498 semisextum,
680 4424 878 4502 recipiendum
900 4426 1032 4486 fortassis
1054 4430 1083 4486 iu
1106 4443 1256 4487 numerum
1279 4437 1308 4489 et
1330 4431 1535 4500 semisextum,
1563 4425 1652 4500 digna

302 4509 478 4586 philosopho
508 4512 665 4586 sedulitas,
698 4512 848 4573 attendere
878 4513 916 4574 ad
947 4516 1057 4575 similes
1087 4519 1257 4576 occasiones
1288 4515 1371 4576 alias.
1417 4516 1454 4574 lit
1477 4517 1520 4574 ita
1541 4513 1650 4572 lactum

304 4603 358 4657 ost.
403 4597 478 4656 Nam
500 4599 537 4659 de
559 4600 649 4676 hayus
671 4609 806 4679 aspectus
830 4601 1003 4663 efficacitate
1024 4607 1123 4664 testati
1138 4611 1205 4664 sunt
1227 4607 1437 4683 meteoroscopi
1462 4611 1529 4662 ante
1545 4615 1650 4660 causas

302 4685 438 4770 inventus
461 4685 595 4763 adeoque
618 4705 663 4751 rue
686 4704 743 4748 nen
767 4687 950 4750 mediocriter
978 4693 1106 4752 exercuit
1133 4691 1182 4751 hic
1204 4693 1391 4766 semisextus,
1417 4693 1458 4751 'ut
1480 4705 1583 4750 eausam
1605 4689 1651 4746 sic

304 4774 509 4833 constituerem
531 4782 712 4852 aspectuum,
736 4784 769 4835 ut
791 4777 879 4837 atium
901 4777 948 4838 hio
970 4781 1060 4856 recipi
1083 4780 1111 4838 in
1127 4795 1277 4839 numerum
1297 4786 1406 4856 posset,
1430 4795 1495 4839 cum
1511 4775 1650 4850 viduam,
