3732 5528
314 353 377 414 stt
523 297 525 307 Α
804 335 977 402 'Ptolemaei
994 346 1151 404 Harmonia

313 541 368 585 aca
387 527 500 593 propter
517 522 655 578 residuum
678 522 736 590 ¹¹1„
754 522 795 578 sei
816 522 861 590 ³ls,
881 523 930 578 sed
946 527 1059 590 propter
1077 523 1110 592 ll,
1124 522 1287 592 geometrice
1299 523 1471 580 constitutas.
1495 523 1659 591 Quinam

313 603 415 662 monle
433 602 461 658 in
480 605 514 660 12
531 601 631 674 unsa,
651 603 715 671 quis
733 617 787 656 nna
804 599 885 656 uncia
901 600 1065 670 geometrice
1082 602 1200 658 recensa
1218 610 1269 666 est,
1288 601 1401 658 effecurs
1422 609 1557 662 astrorum
1576 606 1659 673 sequi·

313 691 358 739 tar
375 687 404 736 et
419 682 448 736 in
465 680 629 738 harmonicis
647 677 1028 756 triadispasonepidiapente,
1055 695 1109 735 nou
1128 679 1269 751 abstante,
1293 681 1367 751 qnod
1391 681 1529 738 residuam
1549 683 1661 752 partium

313 764 344 816 ll
365 761 392 816 in
412 759 575 816 harmonicis
594 775 654 814 cum
672 765 730 814 toto
751 759 783 813 12
801 759 1006 814 consonantiam
1024 758 1128 814 nullam
1143 759 1216 816 lacit.
1252 762 1341 818 Causa
1356 769 1413 829 est,
1432 762 1496 830 quia
1514 761 1555 816 ris
1572 775 1660 832 aspac-

312 849 372 905 tas‚
396 839 448 894 etsi
466 857 483 892 a
500 837 592 894 cuculi
611 838 730 892 arcubus
747 843 927 904 monstratur,
951 835 1082 904 redigitur
1104 846 1193 892 marea
1215 838 1241 893 in
1265 841 1382 911 angulos
1405 840 1440 896 ad
1458 848 1596 911 canuam,
1618 843 1662 900 ubl

315 915 457 976 confluunt
473 916 555 984 radii;
571 917 630 984 iam
648 933 712 970 vero
731 917 851 985 residua,
871 917 972 984 quippe
990 917 1092 984 maiora
1111 918 1293 988 semicirculo,
1314 935 1368 976 uon
1382 919 1529 974 creduntur
1541 919 1661 990 angulos,

314 997 388 1068 quod
407 995 476 1052 libro
494 997 540 1050 lV.
559 1012 618 1066 cap.
638 998 663 1052 5.
682 1003 710 1050 et
729 997 753 1052 fi.
773 995 903 1050 omissum
921 994 984 1050 hinc
1002 995 1106 1064 supple.
1423 998 1426 1008 '

400 1076 461 1130 Nou
479 1083 595 1144 possunt
620 1076 757 1130 axiomata
780 1073 826 1128 illa
844 1073 1000 1129 harmonica
1018 1073 1053 1128 dc
1070 1074 1283 1132 identiscusutia
1305 1076 1432 1130 continue
1450 1074 1596 1145 duplarum
1618 1094 1661 1148 ap·

312 1153 407 1228 plicari
425 1153 539 1222 circsrlo,
559 1163 589 1206 nt
607 1155 768 1222 probemus,
787 1155 868 1210 edam
886 1153 996 1209 residua
1013 1153 1110 1208 mrcnli
1122 1155 1221 1222 jurare
1232 1153 1385 1223 geniturum
1401 1160 1576 1224 aspectuum,
1595 1156 1663 1212 sicut

312 1234 421 1310 residua
438 1232 556 1288 chordae
571 1233 670 1300 jurant
688 1234 840 1302 genituram
858 1232 1111 1288 consonantiarum:
1130 1235 1195 1303 quia
1212 1235 1235 1290 ai
1255 1233 1357 1290 circulo
1375 1233 1572 1302 applicaremus
1592 1233 1662 1288 ario·

312 1321 385 1370 nasta
402 1311 437 1368 de
455 1311 630 1381 quadruplis,
648 1312 785 1367 interdum
803 1327 837 1366 ex
857 1312 960 1366 minore
978 1312 1162 1380 proportionis
1180 1315 1297 1370 imminu
1310 1313 1462 1368 iacmemus
1480 1313 1618 1382 maiorem,
1635 1321 1663 1368 ut

312 1393 392 1448 sisic
410 1391 592 1448 ratiocinaris:
619 1391 740 1446 semiana
757 1390 856 1446 circuli
880 1397 973 1459 potest
998 1390 1128 1446 constitui
1152 1393 1293 1462 proportio
1318 1391 1413 1461 tripla,
1436 1409 1485 1448 seu
1516 1396 1545 1460 ¹),
1563 1393 1662 1462 circuli,

312 1487 376 1540 ergo
396 1477 513 1540 possunt
531 1477 559 1524 et
576 1471 609 1538 Ὗ,
629 1475 657 1524 et
674 1471 721 1538 tl„
740 1469 793 1524 hcc
812 1485 866 1524 non
885 1469 965 1536 rdet,
983 1469 1120 1537 quiajam
1138 1472 1171 1539 ts,
1190 1479 1322 1542 superant
1339 1471 1470 1528 menium
1488 1480 1585 1540 totum,
1603 1487 1663 1528 cca·

312 1551 444 1606 tinsntem
469 1555 574 1604 tanturn
598 1549 646 1618 is„
669 1555 698 1602 et
721 1547 818 1616 iumpis
842 1546 982 1616 duplicare
1006 1563 1098 1606 arcum
1123 1549 1232 1620 cuculi,
1262 1564 1409 1606 numerans
1433 1549 1536 1618 aliquid
1563 1551 1599 1608 de
1623 1567 1663 1620 eo,

314 1631 388 1700 quod
407 1637 449 1686 est
467 1628 529 1698 plus
546 1635 628 1683 totu.
650 1629 738 1696 igitur
755 1627 826 1684 idem
845 1634 910 1684 sum
927 1627 955 1682 iu
974 1627 1076 1682 circulo
1100 1643 1183 1682 cause
1206 1629 1446 1686 demonstrationis
1463 1632 1509 1700 Ἃ,
1532 1631 1607 1700 quad
1628 1634 1663 1699 Ἀ,

314 1711 379 1780 qnia
395 1711 444 1780 ³1„
470 1707 572 1764 circulo
590 1708 618 1761 in
637 1723 668 1762 se
684 1707 775 1776 ipsulm
792 1706 938 1769 undennis,
961 1704 1133 1771 abjiciuntur.
1170 1708 1226 1763 Aut
1250 1707 1273 1764 si
1291 1721 1324 1764 cx
1343 1707 1377 1776 Ὗ,
1395 1708 1493 1764 feceris
1511 1724 1596 1764 mrum
1613 1708 1662 1764 cir·

312 1791 403 1845 cultam
427 1796 524 1856 totum,
544 1793 574 1842 'et
596 1803 646 1855 pro
666 1788 699 1853 δή,
724 1786 822 1856 prioris
846 1783 940 1840 cuculi
959 1783 1017 1850 jam
1041 1783 1074 1852 ³1,
1091 1785 1249 1852 posterioris
1267 1786 1335 1842 uelis
1359 1785 1473 1852 inferre,
1498 1803 1607 1844 rursum
1631 1787 1657 1844 id

311 1887 364 1926 nou
384 1869 519 1924 succedet.
557 1869 625 1922 Nam
650 1873 707 1921 tres
729 1865 837 1936 quidem
862 1871 954 1932 partes
978 1862 1069 1918 iacere
1087 1863 1201 1931 potuisti
1218 1865 1248 1919 in
1265 1864 1367 1922 circuio
1384 1879 1434 1934 per
1457 1867 1659 1935 inscriptionem

313 1946 453 2018 trianguli,
477 1947 531 2014 jam
550 1955 580 2000 ut
599 1954 719 2013 quatuor
736 1945 815 2012 fiant,
839 1939 1040 1998 inscribendum
1058 1940 1131 1996 leret
1150 1942 1374 2013 quadrangulum.
1409 1947 1435 2000 A
1453 1946 1582 2016 trianguli
1600 1962 1661 2004 ιοτιι

311 2024 476 2082 inscribendi
493 2023 675 2094 possibilitate
698 2023 733 2078 ad
753 2019 968 2090 quadrangulum
991 2017 1058 2072 nihii
1083 2021 1207 2088 sequeitur
1229 2021 1255 2074 ri
1278 2023 1359 2084 hrrlus
1381 2026 1540 2092 argumenti.
1577 2024 1661 2080 Occu·

313 2109 395 2174 pstor
413 2104 483 2160 enim
501 2101 650 2171 geometria
668 2101 781 2157 seorsim
797 2101 870 2156 drea
888 2100 989 2168 ligurus
1007 2096 1174 2166 siugrlsrusn
1192 2107 1341 2168 securum,
1366 2100 1611 2160 demonstrationes
1629 2117 1661 2160 ex

312 2183 445 2251 cujusque
464 2190 577 2236 numero
594 2179 755 2248 angulorum
775 2185 932 2244 excurrens,
952 2183 982 2230 ut
999 2175 1068 2232 libro
1085 2193 1146 2232 mec
1163 2180 1185 2234 1.
1205 2179 1397 2236 demonstrari.
1427 2180 1514 2249 Igitur
1525 2181 1662 2238 auium

312 2259 346 2316 de
363 2259 445 2316 rectis
464 2257 658 2328 multiplicibus
676 2276 730 2313 noa
749 2265 865 2328 possunt
883 2257 1080 2312 mammonam
1098 2259 1187 2314 carris
1206 2268 1236 2314 et
1256 2260 1367 2316 circulo.

399 2357 535 2426 Legitima
551 2357 635 2427 igitur
653 2363 681 2410 et
698 2356 818 2411 causalis
838 2355 1004 2424 comparatio
1023 2355 1239 2410 hannonicemm
1263 2357 1500 2412 consonantiarum
1522 2375 1585 2413 cum
1603 2375 1661 2429 par

269 2485 270 2495 ,
313 2435 499 2491 trinuscireuli
517 2441 646 2505 aspectus
664 2434 842 2489 icruentibus
861 2439 903 2487 est
922 2433 987 2487 iata:
1014 2439 1046 2487 nt
1063 2434 1127 2502 quia
1146 2435 1279 2505 principia
1303 2435 1391 2490 solum
1408 2435 1611 2494 harmoniarum
1629 2453 1660 2492 es

311 2515 413 2571 cuculo
438 2519 503 2570 arsut
524 2515 674 2582 iisdemque
699 2521 796 2583 postea
820 2513 968 2567 miscentur
992 2511 1045 2566 alia
1070 2510 1162 2582 aliqua
1183 2513 1256 2568 intra
1281 2522 1359 2583 septa
1376 2515 1561 2584 harmonicas,
1588 2517 1661 2572 aciae

210 2647 214 2660 ,
313 2594 397 2663 igitur
412 2593 475 2648 illae
487 2589 659 2662 harmoniae,
678 2609 748 2662 quae
766 2597 831 2648 suut
848 2593 980 2660 diapason
998 2605 1053 2643 nou
1071 2590 1201 2661 minores,
1220 2599 1413 2660 comparentur
1429 2594 1596 2662 aspectibus.
1621 2595 1662 2648 lta

312 2671 438 2742 opposito
462 2673 537 2726 venit
561 2673 705 2741 diapason,
739 2671 883 2740 quincunci
911 2671 1042 2737 diapason
1072 2685 1132 2722 cum
1161 2669 1336 2737 semiditono,
1367 2670 1501 2738 biquintili
1530 2671 1661 2742 diapason

312 2765 373 2804 cum
392 2749 497 2812 ditono,
523 2748 674 2820 sesquadro
693 2751 824 2819 diapason
843 2764 904 2804 curu
923 2749 1104 2817 fficmssarcu,
1130 2748 1200 2802 trino
1220 2749 1351 2818 diapason
1368 2765 1430 2804 cum
1449 2751 1591 2820 duecte,
1617 2751 1661 2806 tri·

272 2823 273 2826 ’
310 2827 391 2883 dacili
408 2827 540 2896 diapason
558 2843 619 2883 cum
637 2837 715 2884 sexta
734 2829 814 2897 dura,
835 2829 968 2902 quadrato
992 2827 1178 2898 disdiapason,
1208 2830 1315 2896 quintili
1338 2829 1513 2899 disdiapason
1537 2847 1599 2886 cum
1625 2831 1662 2885 di·

313 2914 394 2975 tono,
426 2906 516 2962 sextili
542 2905 918 2976 disdiapason-epidiapente,
954 2908 1030 2963 octili
1057 2908 1255 2978 disdiapason,
1285 2909 1364 2964 desili
1391 2909 1575 2980 tsisdiapascn
1603 2925 1661 2965 cum

314 2984 416 3053 ditono,
435 2986 580 3040 semisexto
600 2984 781 3054 trisdiapason
800 2987 1012 3056 curudiapecte.
1037 2988 1092 3042 Tot
1105 2993 1169 3043 snut
1180 2989 1250 3044 enim
1264 2997 1535 3058 aspectus,.qncrcm
1546 2987 1662 3044 edamus

312 3062 356 3117 vel
373 3061 482 3118 aridem
500 3063 657 3118 selenitem
675 3065 703 3117 in
722 3064 878 3133 suspicione
896 3071 950 3132 est,
975 3079 1025 3119 uec
1049 3066 1119 3120 alise
1137 3069 1240 3136 ligurus
1263 3067 1365 3141 chcnlo
1383 3069 1531 3136 inscriptae
1548 3067 1662 3123 nobilio·

312 3143 388 3197 ribus
413 3143 544 3198 scientiae
569 3143 861 3211 dernenstraticnisqne
885 3143 1014 3210 gradibus
1039 3149 1203 3214 consistunt,
1230 3163 1311 3216 «quam
1330 3147 1382 3200 hae
1406 3147 1495 3215 ipsae:
1522 3145 1660 3216 diamasa

313 3219 394 3276 stella
412 3220 625 3291 dodecagortict,
646 3222 726 3279 stella
737 3225 929 3293 pentagouica,
949 3222 1029 3278 stella
1048 3226 1219 3293 octogonlea,
1239 3225 1375 3295 trigonus,
1394 3225 1475 3281 stella
1488 3225 1660 3296 dctugcnlet,

310 3307 484 3369 tetragonus,
503 3311 686 3370 pentagonus,
706 3303 880 3372 hexagonus,
899 3303 1068 3374 decagonus,
1088 3304 1289 3373 dodecagouns,
1308 3303 1342 3358 dc
1354 3304 1454 3373 quibus
1466 3312 1530 3360 suut
1542 3305 1595 3359 mei
1608 3303 1660 3358 duc

310 3379 388 3448 primi
415 3378 486 3434 libri.
523 3379 688 3435 Harmoniae
715 3381 825 3450 quidem
854 3399 887 3438 ex
911 3399 965 3436 urna
992 3392 1069 3452 parte
1093 3390 1241 3438 excurrunt
1269 3383 1377 3451 lorrgiue
1403 3383 1439 3438 ob
1467 3383 1660 3439 admixtionem

309 3459 475 3513 crismatum
489 3457 625 3524 ⁴dictorum
644 3461 671 3515 in
689 3469 764 3516 recto
783 3462 952 3530 possibilium
971 3469 1092 3531 (semper
1109 3469 1197 3516 tamen
1210 3469 1339 3515 contentu
1353 3469 1416 3516 sunt
1428 3461 1657 3531 proportionibus,

310 3551 379 3606 quas
397 3535 464 3604 iacit
481 3536 597 3592 ememus
609 3538 820 3594 demonstrative
838 3546 929 3594 sectus
946 3555 1007 3594 cam
1027 3541 1174 3608 segmentis
1193 3537 1329 3608 singulis),
1349 3555 1382 3594 ex
1400 3540 1486 3594 altera
1504 3555 1568 3596 sero
1581 3547 1659 3609 parte

268 3659 269 3668 ,
310 3615 421 3671 eaedem
439 3617 596 3671 humaniue
614 3621 669 3673 scis
688 3621 804 3690 propriis
822 3619 936 3689 legibus,
961 3635 996 3674 ex
1011 3619 1105 3674 eadem
1129 3619 1293 3673 axiomatum
1307 3619 1425 3672 mixtura
1442 3617 1580 3689 demessis,
1598 3631 1658 3674 sese

242 3763 244 3770 γ
311 3695 498 3764 constringunt
515 3699 625 3752 metius.
651 3700 731 3753 diam
751 3700 813 3767 quia
832 3701 858 3753 in
877 3699 983 3754 illarum
1001 3698 1125 3766 genitura
1143 3699 1169 3752 iu
1188 3697 1430 3753 considerationem
1448 3697 1658 3755 armentaticus

311 3775 420 3832 residue
438 3774 599 3830 chordarum
619 3793 766 3847 eorumque
788 3779 982 3833 consonantiae
1001 3793 1061 3830 cum
1080 3783 1138 3830 tata
1156 3783 1184 3830 et
1201 3791 1262 3830 cum
1280 3781 1433 3843 segmento,
1454 3777 1492 3830 'lit
1507 3777 1603 3845 igitur,
1628 3782 1657 3831 ut

310 3869 345 3908 ex
363 3855 487 3909 omuibus
506 3855 622 3910 residuis
641 3860 724 3924 (quse
742 3864 858 3925 possunt
876 3856 981 3910 infinito
1001 3871 1112 3911 numero
1137 3873 1171 3910 er
1194 3855 1323 3909 continua
1344 3856 1492 3912 bisecticns
1515 3857 1611 3912 mccli
1632 3865 1658 3911 at

312 3933 537 4004 multiplicatione
555 3933 688 4002 diapason
706 3933 848 4002 constitui]
874 3933 932 3988 sola
956 3942 1061 4004 septem
1085 3943 1150 4005 apta
1173 3935 1356 4003 inveniantur,
1380 3951 1452 4003 quae
1475 3935 1657 3992 harmonicam

310 4014 428 4068 chordae
450 4013 597 4068 sectionem
621 4020 648 4067 et
674 4015 806 4082 cujusque
832 4014 917 4068 totins
935 4015 1108 4084 partiumque
1132 4015 1266 4084 triplicem
1289 4015 1495 4070 consonantiam
1513 4016 1657 4072 absolvant

244 4137 248 4158 ,
310 4106 396 4162 euque
415 4093 519 4148 ratione
538 4093 650 4160 medum
669 4093 696 4146 in
716 4100 810 4152 cautu.
828 4093 881 4147 lioc
899 4101 941 4146 est
960 4094 1101 4162 vestigium
1121 4093 1246 4148 concinui
1264 4093 1400 4148 interualli
1418 4102 1533 4161 ponant:
1554 4094 1657 4150 sedicet

262 4225 266 4232 ,
307 4171 369 4238 alla,
389 4185 459 4240 quae
476 4171 580 4226 iaciant
598 4187 658 4226 cnm
671 4177 729 4226 tota
740 4172 942 4240 proportionem
961 4172 1181 4240 sesquiquintum.
1192 4180 1220 4226 et
1238 4171 1441 4226 consociandam
1460 4172 1656 4237 semiditonum,

311 4263 436 4319 quaeque
460 4249 676 4318 sesquiquartam
701 4259 727 4304 et
750 4249 884 4318 ditonum,
909 4249 1109 4318 sesquitertiam
1134 4259 1162 4303 et
1187 4249 1370 4316 diatessaron,
1400 4245 1606 4318 sesquialteram
1630 4259 1657 4306 et

313 4329 451 4396 diapente.
472 4329 751 4398 supertripartientem
771 4330 878 4397 quintus
902 4337 930 4384 et
952 4334 1057 4382 sextam
1080 4327 1202 4396 mollem,
1226 4327 1499 4397 superbipartientem
1517 4330 1658 4384 tertiaret

312 4414 416 4462 smum
441 4409 536 4464 duram
559 4407 776 4477 conccrdantiaa,
801 4409 918 4477 denique
943 4407 1107 4477 subduplam
1129 4415 1157 4462 et
1181 4409 1326 4478 disparem
1353 4407 1398 4464 hic
1419 4406 1491 4462 enirn
1509 4409 1654 4474 semisexti,

312 4491 438 4551 espemns
456 4487 649 4554 mhcamssimi,
667 4489 805 4544 residuum
823 4489 948 4544 undecim
966 4485 1185 4546 duodecimaruua
1203 4485 1285 4556 plane
1303 4486 1405 4542 exulat.
1434 4488 1491 4542 llas
1509 4501 1572 4542 rerc
1592 4487 1655 4544 resi·

312 4563 428 4618 duorum
445 4568 635 4635 proportiones
654 4567 689 4622 ad
706 4575 794 4623 totum
812 4567 865 4623 etsi
883 4581 1027 4637 possaunus
1046 4581 1111 4621 saue
1129 4567 1155 4620 in
1175 4567 1267 4622 cuculi
1285 4565 1353 4620 secti
1371 4565 1495 4634 partibus
1512 4565 1656 4620 ostendere

311 4651 341 4697 ct
367 4641 464 4710 cuique
485 4659 519 4698 ex
541 4647 689 4714 majoribus
714 4648 897 4704 ecmonantiie
920 4648 977 4716 iarn
1000 4647 1070 4702 iuter
1094 4655 1221 4715 aspectus
1243 4644 1395 4700 distributis
1413 4661 1491 4702 susm
1508 4645 1656 4714 usbaugers

312 4721 443 4776 minoren
461 4732 617 4793 coguamm,
636 4735 666 4781 nt
683 4726 786 4781 hsheat
803 4726 909 4782 stadiis
926 4726 1008 4786 etiam
1026 4725 1229 4790 semiditonum,
1249 4723 1370 4792 quintilis
1388 4724 1525 4792 donam,
1543 4723 1577 4777 de
1596 4721 1653 4792 qui·

313 4799 365 4862 but
383 4806 456 4861 acet
474 4798 660 4877 Ptolemaeus,
684 4807 833 4876 qwatns
852 4805 1033 4875 diatessaron,
1057 4804 1144 4860 imaus
1168 4803 1308 4873 diemotc,
1332 4811 1363 4858 ut
1381 4809 1410 4859 et
1426 4801 1573 4860 secuudum
1591 4801 1654 4856 Ptc·
