3564 5540
307 379 347 440 ’l8
896 369 1048 428 Dedicatio.

303 551 396 614 veluti
425 559 527 614 votum
555 569 653 614 meum
680 551 785 630 legatis
807 551 863 610 tuis
886 538 1045 612 ad'aulam
1065 549 1279 629 imperatoriam
1308 547 1397 612 semel
1427 553 1517 626 atqua
1541 549 1643 609 iterum
1751 567 1752 604 1

304 646 443 701 testatum
472 641 536 704 feci.
580 639 699 716 Causas,
722 638 758 699 de
786 637 842 702 hoc
869 636 1110 700 Harmonicorum
1138 653 1268 700 meorum
1295 637 1455 714 patrocinio
1486 635 1642 714 cogitandi,

304 727 512 806 suppeditabat
531 728 604 786 mihi
625 727 806 804 dissonantia
826 724 878 786 illa
899 725 1051 804 multiplex
1073 727 1102 783 in
1123 726 1209 786 rebus
1230 726 1374 799 humanis,
1400 723 1556 804 manifesta
1579 726 1644 801 qni·
1751 761 1752 808 f

304 813 379 890 dem,
402 823 435 875 ut
456 832 514 876 uon
536 818 629 894 possit
649 830 707 876 nou
731 812 892 890 offendere3
916 831 952 874 ex
973 814 1121 873 concinnis
1138 820 1235 874 tamen
1256 819 1286 873 et
1301 811 1460 873 articulatis
1483 811 1645 872 intervallis

304 903 439 978 conflata,
461 919 583 980 quorum
605 903 678 965 haec
699 908 744 963 est
758 907 871 976 natura,
893 908 926 959 ut
941 898 1072 962 auditum
1087 901 1116 958 in
1130 899 1227 960 media
1242 899 1438 960 discordantia
1454 901 1645 978 promissione

304 1006 490 1052 successurae
512 991 610 1051 suavis
642 988 812 1050 concordiae
834 987 997 1049 demulceat
1027 985 1215 1064 ejusdemque
1243 988 1458 1066 exspectatione
1491 993 1644 1046 sustentet.

304 1077 460 1139 Enimvero
490 1076 578 1154 digna
612 1086 673 1138 erat
700 1076 818 1137 homine
840 1075 1004 1136 Christiano
1034 1076 1200 1153 persuasio,
1227 1074 1324 1135 Deum
1345 1091 1426 1148 esse,
1458 1075 1507 1150 qui
1532 1091 1646 1134 omnem
1751 1097 1752 1142 ι

304 1163 460 1225 melodiam
483 1167 559 1224 vitae
582 1163 726 1224 humanae
755 1163 969 1238 moderaretur,
1002 1162 1090 1240 digna
1112 1160 1310 1240 magnitudine
1332 1162 1388 1222 Dei
1410 1163 1561 1241 patientis,
1589 1179 1646 1220 uon

305 1251 411 1311 offendi
432 1251 597 1329 prolixitate
620 1251 862 1314 dissonantiarnm
884 1267 939 1310 nec
960 1266 1026 1328 spes
1049 1250 1189 1327 abjicere;
1212 1255 1401 1329 reputantem,
1424 1265 1481 1308 non
1497 1249 1555 1310 Dei
1577 1265 1646 1327 pro·

305 1337 466 1402 videntium
482 1338 565 1400 ‘lenta
587 1356 684 1416 agera,
707 1337 760 1399 sed
781 1345 911 1398 nostrum
930 1337 1111 1416 singulorum
1134 1338 1201 1398 aevi
1222 1338 1347 1417 spatium
1364 1336 1503 1398 velociter
1516 1337 1645 1396 avolare.

304 1425 440 1486 Docebat
464 1426 599 1503 equidem
612 1427 703 1487 sacris
718 1427 854 1504 oraculis,
876 1425 973 1486 omnia
989 1425 1085 1484 aDeo
1108 1426 1193 1485 certis
1216 1431 1246 1484 et
1267 1424 1443 1485 salutaribus
1466 1425 1570 1484 usibus
1585 1441 1646 1484 asse

307 1512 461 1588 destinata,
484 1517 573 1575 etiam
596 1513 717 1574 dissona
738 1515 804 1587 ista,
827 1511 866 1573 ad
888 1510 1090 1574 elucidandam
1112 1519 1141 1572 et
1156 1511 1415 1572 commendandam
1437 1513 1646 1572 consonantiae

303 1601 487 1663 suavitatem.
532 1601 591 1660 Gur
612 1609 711 1662 autem
732 1619 751 1662 a
772 1606 824 1662 tua
844 1601 1028 1679 potissimum
1049 1599 1148 1677 Harpe
1164 1599 1319 1667 Dauidica,
1340 1599 1404 1660 Rex
1418 1597 1542 1678 Inclyta,
1566 1602 1646 1678 prin-

303 1689 411 1766 cipium
436 1685 557 1767 aliquod
587 1695 753 1765 exspectare
775 1689 983 1748 consonantiae
1003 1686 1209 1748 restaurandae
1234 1685 1379 1748 desideria
1404 1703 1472 1747 mea
1492 1705 1539 1746 me
1558 1686 1647 1763 jube-

303 1782 380 1836 rent:
412 1777 467 1837 etsi
490 1791 548 1835 non
570 1783 617 1836 est
637 1775 725 1852 hujus
746 1775 806 1836 loci
827 1775 920 1836 fusius
943 1773 1104 1854 explicare,
1128 1792 1164 1834 ue
1186 1773 1358 1853 prudentum
1381 1776 1491 1835 monita
1514 1781 1645 1834 contem-

302 1879 370 1924 nere
397 1861 512 1936 videar,
534 1861 611 1924 hanc
625 1869 721 1924 umen
743 1870 805 1923 toto
829 1860 940 1922 dudum
961 1863 998 1922 ab
1022 1864 1091 1922 orbe
1106 1861 1268 1922 confessam
1281 1869 1396 1942 partam
1417 1863 1527 1938 gloriae
1550 1878 1644 1921 rerum

302 1951 356 2010 aba
378 1948 590 2029 Tegeatarum
617 1953 758 2028 attingere
794 1967 879 2010 nemo
902 1949 1071 2028 prohibeat:
1103 1948 1183 2025 qnod
1205 1949 1331 2026 Angliae
1360 1965 1482 2026 regnum
1510 1948 1646 2010 haeredi·

303 2043 363 2098 tate
386 2043 415 2098 et
437 2054 580 2098 consensu
601 2037 703 2116 populi
724 2037 856 2116 adeptus,
873 2038 959 2098 brevi
982 2035 1026 2096 illi
1048 2052 1198 2098 commuue
1214 2053 1279 2098 cum
1294 2036 1396 2114 Regno
1410 2037 1538 2110 Samiae,
1560 2037 1646 2113 idag-

303 2141 359 2185 nae
383 2123 552 2186 Britanniae
583 2142 688 2186 nomen
712 2125 832 2200 dedisti,
863 2141 900 2184 ex
921 2133 1045 2200 unaque
1080 2126 1232 2203 provincis
1253 2123 1386 2201 Regnum
1407 2131 1436 2185 et
1457 2122 1645 2184 Harmoniam
1751 2159 1752 2162 =

302 2229 392 2272 unam
415 2214 497 2291 (nam
519 2211 598 2290 quid·
611 2211 694 2273 alind
718 2221 763 2274 ast
784 2213 934 2290 Regnum,
958 2229 1046 2289 quam
1067 2210 1243 2296 Harmonia)
1266 2213 1505 2289 contemperanti,
1535 2210 1643 2272 dheor-

303 2297 380 2359 diam
402 2299 623 2361 haereditariam
645 2303 795 2362 naticnum
818 2299 1075 2360 infensissimarum
1096 2300 1263 2360 felicissima
1285 2298 1447 2373 sustulisti,
1477 2303 1643 2359 memoriam

303 2386 468 2448 crebrarum
490 2394 519 2449 et
540 2390 803 2449 cruentissimarum
825 2386 961 2459 cladium,
984 2386 1091 2463 quihus
1114 2404 1168 2448 ceu
1190 2388 1267 2448 notis
1289 2384 1465 2463 quibusdam
1486 2387 1577 2447 series
1599 2404 1644 2447 sa·

304 2473 435 2535 culorum
462 2482 525 2536 crat
554 2477 746 2552 interstincta,
777 2475 892 2554 penitus
919 2475 1090 2535 exstinxisti.
1134 2473 1201 2533 Hoc
1228 2472 1419 2534 domesticum
1449 2479 1534 2532 tuum
1569 2490 1642 2554 opus
1751 2507 1752 2518 ι

304 2576 390 2622 omen
411 2557 497 2643 (inter
519 2568 614 2624 cetera
637 2561 857 2642 ponderosiora)
886 2578 944 2622 uon
969 2560 1089 2621 infidum
1116 2561 1188 2621 mihi
1211 2563 1356 2621 continere
1387 2559 1558 2640 videbatur,
1587 2561 1643 2621 fore
1751 2609 1752 2616 ,

304 2655 338 2708 nt
360 2649 449 2711 etiam
471 2649 555 2724 foris,
584 2649 647 2710 Rex
669 2652 742 2710 inter
764 2648 876 2726 Reges,
905 2646 990 2708 nider
1011 2649 1154 2710 Defensor
1182 2650 1256 2708 inter
1279 2647 1384 2707 Christi
1406 2647 1524 2728 fideles,
1551 2648 1643 2726 majus
1751 2623 1752 2684 3

267 2729 269 2735 ’
304 2735 425 2811 aliquod
448 2742 477 2796 ct
497 2737 692 2814 praestantius
715 2738 861 2814 etiamque
885 2733 1044 2796 durabilius
1074 2753 1146 2815 opus
1178 2733 1346 2814 perficeres:
1376 2734 1454 2811 quod
1477 2735 1597 2813 quidem
1619 2745 1644 2798 et
1751 2751 1752 2774 ι

303 2824 382 2884 votis
404 2824 477 2884 meis
500 2823 596 2884 tacitis
618 2830 648 2885 at
670 2825 847 2886 ominationc
877 2822 995 2901 publica
1015 2825 1046 2882 in
1068 2823 1142 2884 libro
1165 2823 1201 2883 de
1224 2820 1316 2882 Stella
1337 2821 1433 2904 Nova,
1456 2839 1534 2899 quae
1555 2823 1643 2885 veluti

304 2909 497 2971 carbunculus
525 2910 639 2971 arderet
660 2911 758 2992 (notus
780 2905 896 2972 scotiae
919 2907 1099 2991 versiculus),
1126 2927 1191 2970 sum
1217 2919 1395 2988 prosecutus.
1439 2909 1544 2988 ltaque
1566 2910 1644 2972 velut

301 2997 365 3074 jam
387 2997 527 3074 confecto,
556 2997 636 3077 quod
663 3000 801 3079 optabam
830 3005 859 3059 et
880 2998 1060 3075 augurabar,
1091 2996 1264 3057 Harmostae
1292 3003 1353 3058 tam
1380 2995 1536 3074 laudabili,
1567 3016 1644 3059 meas

304 3084 463 3161 aliquando
486 3083 650 3148 Mundanas
672 3085 848 3162 Harmoniae
870 3086 1000 3146 occinere
1022 3093 1103 3146 taum
1125 3083 1234 3144 firmius
1255 3083 1326 3144 mihi
1348 3085 1558 3164 proponebam.

389 3171 504 3234 Vellem
526 3173 591 3253 hic,
620 3173 829 3236 dissonantiam
851 3172 999 3250 publicam
1020 3189 1126 3234 vocum
1147 3172 1286 3232 trifariam
1308 3172 1536 3251 obstrepentium
1557 3171 1644 3250 paulo

303 3259 375 3318 mihi
396 3261 539 3322 mitiorem
561 3278 635 3338 ease,
657 3267 691 3323 ut
713 3260 807 3323 audiri
827 3260 945 3338 publice
968 3277 1003 3321 ex
1026 3259 1115 3320 animi
1135 3261 1194 3320 mei
1215 3259 1360 3320 sententia
1382 3276 1512 3338 possem:
1538 3277 1598 3336 qus
1618 3263 1645 3320 iu

303 3363 335 3408 re
358 3348 440 3408 visua
462 3347 547 3410 fucrit
568 3347 716 3428 adspirare
737 3351 816 3408 votis
839 3347 984 3408 eventus?
1012 3363 1087 3426 qnae
1110 3347 1232 3408 vulnera
1253 3349 1369 3426 capitia,
1400 3348 1505 3424 quibus
1529 3347 1645 3408 harmo-

304 3435 360 3494 niis
383 3440 507 3510 tentata,
538 3454 558 3496 a
579 3452 637 3514 quo
658 3433 793 3498 medico?
823 3442 853 3496 et
881 3441 914 3495 ut
940 3437 1028 3496 ctiam
1054 3434 1133 3494 hunc
1162 3451 1216 3512 ego
1245 3436 1274 3493 in
1296 3434 1371 3495 libro
1395 3433 1430 3494 dc
1454 3433 1542 3496 stella
1562 3433 1645 3496 Nova

303 3520 391 3599 longe
415 3529 502 3584 antea
523 3524 601 3583 vivis
623 3523 769 3584 coloribus
791 3521 993 3600 depinxerim?
1022 3520 1064 3582 At
1085 3521 1233 3599 quodnam
1256 3524 1310 3582 erit
1331 3539 1437 3601 operae
1458 3523 1600 3601 pretium,
1622 3525 1644 3582 si

302 3608 485 3670 harmoniam
507 3609 644 3672 fflectam
666 3613 782 3690 privato
804 3612 927 3688 strepitu
948 3627 1003 3671 neo
1024 3611 1141 3672 vincam
1156 3609 1285 3670 fremitus
1301 3608 1433 3688 publicos
1449 3609 1644 3672 imbecillitate

303 3695 427 3758 laterum
449 3704 479 3757 et
499 3697 646 3760 molestias
668 3698 787 3760 absurdi
809 3704 965 3759 concentus
989 3700 1018 3757 in
1039 3699 1113 3758 meis
1134 3697 1254 3759 auribus
1275 3698 1393 3775 insuper
1415 3697 1565 3775 augeam?
1588 3697 1644 3758 Ra·
1751 3743 1752 3748 ι

304 3783 423 3845 tandum
446 3784 580 3863 equidem
604 3793 658 3862 est,
680 3783 870 3866 prohdolor,
892 3793 1003 3847 tumere
1024 3784 1121 3846 adhuc
1142 3783 1248 3844 vulnus
1271 3784 1466 3860 decussatum,
1491 3803 1530 3844 au
1552 3784 1644 3846 malu-

271 3947 274 3952 .
301 3888 367 3932 mus
389 3873 540 3934 sacratiori
561 3871 741 3950 felicioriqua
767 3871 929 3944 vocabulo,
957 3873 1137 3948 cruciforme,
1170 3878 1296 3952 tumere,
1328 3873 1466 3950 inquam,
1494 3871 1643 3951 multiplici
1751 3867 1752 3900 ³

302 3958 403 4037 labro,
434 3967 464 4020 et
484 3959 566 4020 nullo
599 3959 716 4021 illorum
738 3961 926 4035 connivente,
956 3957 1137 4030 medicinam,
1152 3957 1293 4020 hactenns
1314 3960 1424 4020 initam
1455 3961 1643 4037 omnibusque

303 4048 435 4125 partibus
456 4047 586 4122 irrisam,
609 4054 763 4126 propterca
785 4046 866 4124 quod
886 4047 1031 4128 medicus,
1053 4054 1087 4107 ut
1108 4063 1196 4124 aegm
1219 4044 1309 4108 deliro
1331 4045 1521 4126 pharmacum
1543 4045 1643 4108 fallens

184 4153 191 4166 ,
307 4136 428 4212 ingerat,
450 4133 544 4200 multa
564 4134 690 4210 simulat,
712 4134 805 4194 multa
820 4134 906 4208 dicat,
930 4151 1005 4212 qnae
1027 4151 1134 4196 asana
1147 4135 1258 4195 ratione
1273 4132 1428 4214 plurimum
1448 4135 1529 4196 abire
1545 4135 1644 4196 viden·

304 4225 358 4281 tur.
402 4219 529 4284 Recreor
548 4230 646 4284 nmen
667 4221 724 4283 hac
746 4222 811 4301 ipsa
832 4223 1020 4302 cogitatione,
1042 4220 1122 4300 quod
1143 4238 1294 4301 supremus
1309 4221 1462 4284 vulnerum
1482 4229 1644 4284 nostrorum

305 4305 427 4368 (iurator
447 4312 518 4370 artis
539 4327 612 4372 auae
634 4316 730 4372 certus
752 4312 791 4368 sit
812 4325 866 4370 nec
887 4311 1044 4387 quicquam
1066 4303 1172 4370 frustra
1193 4309 1328 4390 applicet
1373 4309 1451 4387 Ergo
1473 4312 1525 4386 qui
1550 4325 1643 4370 curan

300 4393 364 4469 iam
386 4401 432 4456 est
452 4413 625 4476 aggressus,
658 4399 709 4474 qui
733 4396 796 4474 jam
818 4397 984 4474 expedivit,
1007 4397 1070 4473 jam
1098 4393 1207 4456 mundo
1234 4398 1407 4458 monstravit
1434 4395 1645 4458 consolidantia

304 4483 369 4556 ista,
392 4483 507 4546 interim
528 4503 598 4548 vcro
620 4502 672 4565 per
694 4483 875 4566 emunitates
897 4482 1031 4564 publicas
1053 4483 1239 4546 erodentibus
1260 4487 1358 4561 utinn,
1382 4483 1480 4562 quoad
1495 4493 1645 4546 consumta
1751 4541 1752 4558 ,

304 4585 390 4630 carne
411 4571 528 4648 putrida
549 4579 579 4635 at
600 4573 679 4649 fara,
709 4571 859 4634 charitatis
888 4571 999 4633 scilicet
1020 4572 1181 4651 extinctas,
1211 4587 1313 4632 sensus
1344 4571 1450 4650 aliquis
1478 4570 1589 4634 doloris
1609 4571 1643 4632 ad

304 4659 391 4719 vivae
413 4661 507 4720 carnis
529 4659 754 4736 profunditatem
776 4658 973 4722 descenderit:
1003 4657 1081 4719 idem
1111 4656 1212 4738 procul
1240 4656 1330 4721 dubio
1356 4660 1531 4720 lenientibus
1559 4661 1642 4722 etiam

303 4751 401 4806 utetur
423 4762 513 4825 propa
541 4744 618 4806 diem
647 4746 686 4807 ad
708 4746 909 4826 deprimendos
931 4753 1075 4826 tumores,
1103 4753 1136 4806 ut
1164 4744 1412 4807 consolidantibus
1438 4745 1497 4807 illis
1520 4745 1641 4824 denique

304 4831 387 4894 loona
417 4849 481 4894 casa
510 4834 605 4911 possit
639 4833 814 4913 tandemque
848 4836 1028 4898 ducenantia
1057 4833 1130 4895 hacc
1160 4833 1296 4896 diuturna
1325 4831 1370 4919 (ut
1398 4819 1438 4896 ad
1465 4837 1639 4914 propositum
