3668 5526
314 296 382 364 411
831 302 1054 370 lnidamoaiam
1069 301 1167 376 Mundi

286 472 430 558 ..umbus
448 480 511 532 msc
528 492 615 534 annos
633 479 667 536 14
692 480 721 548 u.
741 485 814 550 cccl,
841 488 871 536 ec
893 481 921 536 u
947 481 1013 538 rimo
1038 481 1072 534 ue
1089 479 1174 536 suita
1189 463 1268 536 riou
1293 483 1357 540 ante
1374 493 1460 534 amos
1481 477 1513 534 rc
1531 478 1572 546 m.
1593 477 1667 544 ers),

317 567 424 607 rursaam
441 554 469 608 in
488 555 579 611 iertio
598 556 795 614 interveniente
812 565 875 614 ante
893 561 1008 617 annosi
1027 559 1057 628 (L
1071 561 1139 627 tbi),
1159 565 1186 612 et
1201 557 1320 626 denique
1337 558 1365 612 'm
1382 557 1581 614 Dissertatione
1599 573 1667 612 cum

316 633 414 686 nuncio
433 634 538 692 sidereo
557 637 669 694 Galilrsi
687 645 750 693 ante
769 652 854 694 aneos
872 639 888 696 b
903 643 954 700 tii.
975 645 1033 702 111)
1052 655 1105 692 non
1121 637 1359 707 paucedlsserni,
1384 635 1451 692 iacit
1476 643 1567 692 tamen
1593 653 1668 692 nun·

315 709 451 766 nullorum
469 717 601 770 cacozelia
619 723 647 772 et
664 717 804 786 supinitas,
821 723 853 772 ut
872 719 952 772 etlam
970 711 1022 774 hoe
1040 717 1100 772 loco
1119 718 1154 773 sit
1171 716 1273 786 aliquid
1291 715 1441 772 dicendum.

400 829 504 888 dictent
519 832 600 900 igitur
615 838 729 888 naturae
751 832 865 888 studiosi
877 831 946 890 'mm
972 834 1051 890 initia
1068 849 1147 902 quam
1165 848 1325 902 progressus
1342 832 1511 890 inventorum
1529 839 1558 887 et
1575 832 1668 888 intro·

315 909 456 970 docmina
482 927 612 970 noverum
639 916 804 982 aspectuum.
839 913 871 970 Iu
889 914 1020 984 Mysterio
1040 913 1267 984 Cosmugmphico
1294 910 1400 967 ostendi
1425 927 1460 968 ex
1485 911 1667 976 harmonicis.

314 996 417 1057 septem
437 985 543 1047 omnino
561 1009 622 1056 asse
641 992 784 1054 divisiones
809 993 926 1050 chordae
951 993 1134 1050 harmonicas.
1159 993 1198 1047 eie
1225 997 1409 1059 comparatas,
1436 997 1466 1047 ut
1492 999 1585 1060 partes
1604 995 1666 1044 mm

312 1067 383 1122 inter
401 1084 438 1137 se,
457 1088 537 1140 qnam
556 1088 620 1135 cnm
633 1071 739 1139 integra
756 1071 857 1128 chorda
875 1079 1030 1128 comoneat
1066 1073 1133 1128 uum
1152 1072 1193 1126 his
1215 1077 1321 1141 septem
1339 1069 1515 1126 diddamhus
1532 1071 1666 1134 cumeae,

313 1162 382 1216 quse
399 1147 470 1203 linea
486 1142 636 1220 recta'est,
656 1143 896 1218 manuducentibns
915 1152 1070 1207 Ptolemaeo
1089 1159 1116 1206 et
1135 1151 1257 1206 cartiano
1276 1148 1451 1204 animadverti
1469 1151 1664 1218 cognationem

311 1223 479 1282 intercedere
496 1227 608 1284 totidem
627 1225 802 1284 divisionibus
820 1229 912 1284 circud
935 1245 988 1302 per
1011 1228 1219 1300 applicationem
1237 1226 1367 1282 linearum
1385 1233 1532 1292 securum,
1558 1227 1665 1296 quibus

312 1299 414 1368 figurae
432 1305 569 1372 regulares
586 1307 769 1364 inscribuntur
792 1307 904 1378 circulo;
934 1315 998 1364 snut
1019 1316 1109 1363 antem
1131 1308 1186 1362 hae
1209 1309 1282 1363 larus
1301 1307 1455 1378 serangnll,
1482 1307 1553 1363 latus
1577 1308 1661 1376 qnin-

239 1417 251 1434 .
311 1383 448 1456 quangnli,
464 1384 535 1442 latus
553 1388 746 1458 quadranguli,
766 1386 837 1442 latus
856 1387 1001 1457 trianguli,
1017 1389 1148 1444 subtensa
1165 1386 1251 1442 tribus
1269 1388 1386 1458 octavis,
1405 1387 1533 1443 subtensu
1547 1387 1662 1443 duabus

307 1457 413 1524 quintio
431 1464 561 1531 rtardbm
579 1467 672 1524 circuli
688 1481 742 1522 seu·
761 1466 806 1524 tani
833 1467 931 1536 angulo
955 1466 1165 1538 quinquanguli,
1193 1473 1233 1522 et.
1246 1465 1385 1522 diameter.
1420 1463 1594 1536 Cognatiuuis
1612 1465 1662 1520 lex

310 1534 379 1590 haec
397 1549 451 1609 est,
480 1543 553 1612 qnod
572 1544 686 1600 circulus
704 1545 747 1599 his
765 1552 870 1614 septem
896 1546 982 1602 modis
1006 1545 1107 1601 divisus
1126 1561 1174 1600 een
1193 1545 1314 1613 signatus
1333 1547 1360 1599 in
1379 1561 1433 1600 una
1451 1545 1573 1616 qnalibet
1590 1544 1660 1598 divi-

311 1615 387 1672 eione
406 1618 511 1677 duabus
530 1626 609 1695 notis,
628 1641 719 1680 arcum
738 1624 851 1694 eiusque
870 1625 1026 1680 subtensam
1043 1625 1258 1693 terminantibus,
1277 1626 1300 1679 si
1319 1627 1481 1681 extendatur
1498 1627 1526 1682 iu
1541 1633 1659 1694 rectum,

307 1692 439 1752 1111111111
464 1700 493 1756 in
520 1719 575 1758 una
601 1709 724 1760 notarum
749 1704 853 1773 satque
880 1706 982 1762 chorda
1005 1713 1033 1760 et
1057 1712 1227 1774 supponatur
1248 1703 1402 1772 magadium
1423 1710 1504 1760 nome
1522 1702 1658 1772 reliquae:

309 1779 402 1838 names
426 1781 553 1848 megedin
574 1783 717 1839 distinctae
746 1791 774 1839 et
796 1785 868 1840 inter
889 1800 919 1840 se
940 1793 969 1839 ot
990 1800 1053 1840 cum
1079 1791 1138 1838 tota
1161 1783 1262 1838 chorda
1288 1790 1446 1838 consonant.
1483 1781 1549 1838 Cum
1574 1783 1660 1849 igitur

309 1848 405 1907 harum
423 1867 526 1927 septem
545 1863 637 1918 circuli
656 1862 824 1933 divisionum,
842 1863 1186 1935 respondentiumseptem
1205 1863 1379 1919 divisionibus
1398 1862 1560 1917 harmonicis
1578 1860 1659 1915 ehor-

310 1929 368 1998 dae,
387 1941 503 2002 quatuor
520 1941 586 2010 sint,
606 1958 675 2011 quae
692 1938 809 1997 formant
826 1953 962 2014 aspectus,
974 1943 1015 1998 ’ab
1033 1944 1176 2013 astrologis
1196 1944 1333 1999 observari
1351 1942 1454 2014 solitos,
1474 1941 1578 1997 scilicet
1595 1957 1659 1996 sex-

305 2010 459 2099 maudo,
479 2019 715 2094 quaman'gnlatis,
733 2024 905 2095 triangularis
924 2031 951 2080 et
969 2024 1148 2094 diametralie,
1167 2024 1315 2080 efficientes
1334 2023 1465 2094 sextilem,
1485 2023 1659 2092 quadratum,

308 2093 408 2176 tranum
426 2099 453 2147 et
471 2099 636 2169 oppositum,
665 2108 693 2156 et
715 2119 775 2156 cum
799 2107 927 2158 constans
947 2102 1114 2172 experientis
1136 2107 1297 2170 testaretur,
1313 2096 1426 2169 'figurat
1443 2101 1495 2156 has
1511 2097 1603 2154 valere
1623 2097 1660 2152 ad

307 2166 469 2226 incitandam
487 2183 612 2232 naturam
630 2179 814 2252 sublunarem,
839 2184 945 2252 quoties
964 2184 1077 2240 dnomm
1100 2183 1271 2252 planetarum
1287 2182 1356 2237 radii
1373 2181 1455 2237 talem
1473 2177 1577 2240 zodiaci
1595 2193 1661 2247 par-

306 2251 363 2299 tem
380 2247 568 2323 intercipiunt,
586 2271 640 2310 uon
658 2258 746 2316 minus
765 2271 845 2330 quam
865 2261 981 2317 chordae
1000 2261 1144 2316 divisiones
1163 2261 1356 2330 respondentes
1374 2259 1467 2314 valent
1485 2259 1520 2313 ad
1537 2257 1661 2312 suaviter

308 2321 498 2388 demulcendas
516 2349 609 2389 aures:
636 2336 662 2390 in
682 2337 751 2397 hauc
770 2340 922 2409 opinionem
941 2341 1051 2410 transii,
1077 2337 1230 2398 creatorem
1248 2347 1295 2412 aut
1314 2357 1347 2396 ex
1365 2337 1528 2408 harmonicis
1545 2335 1659 2391 rationi·

304 2393 357 2460 bns
375 2405 537 2469 desumsisse
555 2411 629 2484 leges
649 2416 856 2476 ordinandorum
869 2427 1035 2490 aspectuum,
1053 2419 1152 2476 autad
1171 2419 1304 2476 coelestes
1315 2425 1443 2490 aspectus
1461 2425 1660 2486 attemperasse

308 2497 385 2539 aures
403 2483 547 2557 humanas,
571 2495 821 2562 concordantiarum
837 2498 951 2564 judices.
987 2499 1054 2554 Inde
1072 2514 1134 2554 vero
1152 2499 1327 2570 sequebatur,
1351 2505 1476 2570 oportere
1494 2513 1545 2554 nos
1563 2493 1658 2568 plures

309 2563 388 2618 etiam
407 2572 434 2620 et
452 2569 559 2622 omnino
577 2582 682 2640 septem
706 2573 734 2628 in
760 2573 835 2628 coelo
855 2577 998 2632 observare
1016 2587 1143 2647 aspectus
1166 2586 1275 2648 praeter
1292 2570 1522 2647 conjunctionem,
1551 2575 1659 2635 scilicet

307 2641 387 2695 etiam
405 2645 558 2716 quintilem,
584 2648 753 2724 biqniutllem
772 2659 801 2707 et
818 2657 1008 2728 sesquadrnm3
1035 2659 1115 2713 sicuti
1134 2667 1198 2714 sunt
1219 2657 1247 2712 ln
1266 2657 1368 2713 mamea
1385 2663 1495 2726 praeter
1511 2655 1658 2712 unisonum

306 2728 411 2789 septem
429 2723 595 2782 aliae·voces
613 2729 809 2786 concordantes
828 2749 888 2787 curn
906 2735 971 2805 ima,
999 2737 1119 2804 singulae
1145 2753 1178 2791 ex
1203 2736 1317 2805 siugulis
1341 2735 1518 2790 divisionibus
1537 2735 1658 2791 chordae

306 2807 395 2872 ortae,
420 2809 451 2857 ut
467 2803 507 2858 ita
521 2819 605 2860 cansa
623 2822 671 2861 suo
691 2807 798 2865 effectui
816 2809 991 2886 adaequetur.
1025 2813 1205 2884 sequentibus
1229 2813 1306 2869 annis
1324 2827 1385 2868 cnm
1405 2812 1550 2884 diligenter
1568 2821 1657 2870 atten-

306 2878 395 2933 derem
414 2880 448 2934 ad
468 2882 536 2953 dies,
556 2885 653 2952 qnibns
672 2887 741 2941 tales
760 2899 887 2959 aspectus
906 2894 1078 2962 contingunt,
1098 2895 1203 2965 quoties
1222 2894 1274 2948 soli
1291 2893 1460 2966 incidebant.
1478 2893 1657 2960 animadverti

305 2957 478 3028 creberrime,
505 2959 645 3030 quintilem
671 2969 698 3018 ct
716 2963 886 3036 biquintilem
903 2967 1029 3026 efficaces
1053 2986 1128 3042 esse,
1155 2971 1289 3028 interdum
1312 2973 1394 3028 etiam
1411 2972 1577 3042 sesquadrns
1596 2988 1657 3028 scae

305 3036 420 3104 prodere
438 3036 587 3095 videbatur.
625 3043 749 3099 Gonclusi
767 3047 864 3114 igitur,
892 3048 1031 3106 addendos
1050 3067 1109 3106 esse
1128 3059 1182 3108 tres
1205 3053 1255 3106 hoe
1275 3058 1402 3119 aspectus
1420 3049 1544 3120 reliquis,
1572 3049 1656 3120 idque

245 3133 247 3146 ¹
305 3113 340 3167 ad
357 3113 532 3172 Maestlinnm
550 3123 577 3181 (1.
597 3125 656 3180 tull
676 3129 704 3176 et
721 3122 874 3198 Fabricium
894 3129 922 3192 (1.
936 3133 987 3181 ³09
1006 3149 1025 3181 s.
1045 3133 1105 3202 111)
1123 3129 1268 3200 perscripsi
1286 3137 1314 3184 et
1332 3145 1403 3185 anno
1422 3131 1500 3188 1602.
1518 3129 1655 3187 Tbesrhns

302 3193 338 3250 de
350 3193 544 3252 Fundamentis
559 3199 739 3270 astrologiae,
759 3204 858 3273 quihus
874 3204 949 3260 illius
968 3207 1031 3262 anui
1048 3209 1240 3278 prognosticon
1260 3225 1320 3264 sum
1338 3209 1504 3278 complexus,
1524 3210 1655 3279 evulgavi.

303 3273 348 3326 Ex
366 3274 417 3328 hoc
435 3275 526 3346 itaque
544 3285 665 3348 tempore
683 3285 805 3338 certatim
816 3293 989 3356 prognostas
1006 3286 1049 3342 hie
1068 3294 1182 3344 utuntur
1208 3289 1372 3356 aspectibus.
1408 3287 1462 3344 Sed
1480 3289 1580 3344 accidit
1598 3289 1655 3358 qni·

303 3350 424 3421 busdam,
445 3362 475 3410 ut
492 3356 745 3435 sesquiqnadrutum
763 3362 790 3415 iu
809 3363 1037 3431 semiqusdrctum
1056 3366 1227 3436 mutaverint,
1248 3379 1296 3421 seu
1315 3375 1406 3421 errore
1423 3367 1526 3422 librarii
1543 3366 1654 3434 inducti,

303 3429 359 3484 sive
379 3447 428 3486 sna
445 3434 663 3500 ratiocinatione,
689 3440 745 3496 sivo
769 3442 885 3510 denique
910 3445 1080 3500 auctoritate.
1116 3446 1185 3502 Nam
1210 3461 1270 3502 cum
1290 3463 1340 3516 ego
1359 3461 1409 3515 pro
1427 3439 1654 3515 sesquiqnadrato

303 3509 443 3566 brevitatis
462 3529 545 3569 causa
562 3517 730 3585 scripsissem
749 3520 927 3590 sesquadrum
956 3525 1038 3592 (qnod
1066 3525 1208 3580 videbatur
1226 3541 1324 3584 sonere
1348 3526 1456 3581 latinius
1476 3541 1557 3595 qnam
1574 3527 1655 3581 trioc-

302 3587 375 3658 tiiis),
388 3593 701 3680 'typographuslalicubi
719 3601 805 3670 sigma
826 3601 943 3656 medinm
963 3603 1053 3658 omisit
1069 3605 1259 3673 expressitque
1277 3604 1454 3674 eequadrom;
1473 3611 1501 3658 et
1519 3603 1572 3660 hac
1589 3621 1655 3659 voce

302 3672 417 3724 mnntnr
435 3669 516 3726 hodie
534 3673 617 3744 aliqui
635 3691 685 3745 pro
711 3681 867 3749 sesquadic.
886 3689 887 3696 ’
907 3683 990 3750 Atqui
1015 3678 1165 3752 siqosdrus
1188 3691 1266 3739 sonat
1291 3683 1490 3751 semiquadrnm
1509 3697 1557 3738 scu
1577 3683 1654 3738 semi-

302 3747 476 3823 quadratum,
504 3759 535 3807 ut
553 3753 651 3810 selibra
669 3757 846 3830 semssihram‘,
874 3761 1011 3816 semodius
1036 3761 1228 3817 semimodium.
1264 3761 1361 3832 Itaque
1384 3763 1429 3816 alii
1452 3763 1559 3832 decepti
1577 3759 1654 3818 semi·

303 3825 459 3897 quadratos,
478 3830 504 3885 id
524 3841 566 3887 est
583 3835 685 3907 octiles,
706 3846 862 3907 computant
880 3857 929 3909 pro
949 3843 1114 3910 sesquadris,
1134 3841 1183 3898 45⁰
1199 3857 1250 3912 pro
1268 3843 1342 3898 135⁰.
1372 3831 1451 3910 Q'uod
1469 3859 1531 3897 cnm
1548 3849 1654 3897 ceteros

301 3906 570 3970 nominatisque
594 3915 623 3970 ia
645 3919 818 3990 prognostica
841 3920 904 3976 anni
923 3922 1006 3987 1617,
1034 3923 1140 3978 exstitit
1162 3931 1252 3979 tamen
1271 3921 1440 3990 astrologus,
1467 3922 1514 3992 qui
1533 3929 1563 3978 ut
1580 3929 1654 3978 recte

301 3982 403 4040 factum
420 3997 579 4048 constanter
595 4003 727 4066 tueretur,
746 3999 793 4066 qui
810 4000 892 4055 etiam
907 4001 959 4055 hoo
971 4002 1036 4056 mihi
1051 4003 1156 4071 tribuit,
1175 4019 1209 4056 ex
1226 4017 1288 4058 mea
1299 4002 1436 4056 sententia
1452 4001 1652 4071 semiqnadrnn

300 4064 507 4154 observandum,
527 4074 598 4139 quod
612 4089 664 4144 ego
676 4093 729 4130 non
748 4091 783 4132 er
802 4079 884 4134 animi
901 4081 1044 4147 metentis,
1062 4083 1110 4137 sed
1124 4081 1220 4138 saitem
1238 4089 1269 4137 et
1285 4081 1465 4148 objectionem
1484 4081 1652 4150 1111111111

301 4141 410 4198 Scilicet
427 4148 499 4202 ratio
515 4165 576 4206 mea
591 4152 648 4219 jum
667 4167 700 4206 ex
720 4154 881 4211 harmonicis
899 4158 1035 4227 explicata
1051 4177 1106 4214 non
1125 4161 1191 4215 satie
1209 4161 1316 4216 insedit·
1326 4161 1458 4216 lectorum
1476 4159 1585 4227 animis,
1604 4161 1652 4214 ita·

301 4235 354 4288 que
371 4223 484 4281 velutin
500 4230 715 4300 supplementum
734 4235 793 4303 ejus
812 4245 954 4308 accersunt
971 4239 1189 4307 praecellentiam
1207 4239 1379 4312 semiquadri,
1397 4239 1445 4294 sed
1463 4253 1498 4293 ex
1514 4237 1653 4309 principiis

300 4297 379 4389 ¹⁰!lde
398 4303 464 4359 aliis,
501 4307 534 4364 In
552 4311 585 4364 iis
604 4325 667 4384 vero
685 4312 824 4384 principiis
831 4307 844 4387 ,'
859 4333 929 4386 quae
947 4323 1012 4372 tunc
1030 4335 1080 4388 ego
1098 4320 1246 4388 sequebar,
1266 4317 1370 4376 utillum
1388 4319 1478 4374 locum
1497 4315 1593 4372 babuit
1611 4331 1651 4370 se·

295 4379 455 4470 mrqrtedrtrs
474 4383 516 4439 vel
535 4387 630 4458 octilis,
649 4389 701 4445 hoc
719 4399 768 4458 cst,
789 4391 882 4450 divisio
902 4384 1018 4451 chhrdse
1038 4399 1154 4466 cognata
1172 4397 1325 4466 octengulo.
1350 4397 1444 4452 Divisa
1462 4395 1534 4450 enim
1553 4394 1652 4454 chorda

299 4467 327 4508 m
348 4459 358 4510 1
380 4465 408 4513 et
424 4461 453 4532 7,
482 4463 532 4519 etsi
551 4473 717 4536 segmentum
739 4473 749 4524 1
771 4487 831 4525 cum
849 4481 908 4528 tote
926 4473 943 4530 8
961 4481 1105 4543 consonat,
1134 4469 1224 4529 tamen
1243 4493 1330 4546 neque
1353 4477 1492 4532 residuum
1510 4475 1649 4544 ilcnmd,

299 4549 387 4624 neque
412 4541 425 4592 l
446 4557 506 4598 cum
524 4549 541 4601 'l
559 4555 714 4612 consonant.
751 4549 835 4606 Secus
858 4559 900 4607 cst
923 4551 951 4606 in
979 4551 1127 4623 sesquadro
1152 4569 1200 4607 seu
1224 4553 1346 4618 trioctili,
1372 4555 1419 4611 nbi
1437 4553 1554 4610 circulus
1573 4561 1601 4608 et
1617 4551 1651 4607 ad

300 4625 358 4681 tius
377 4620 530 4688 exemplum
548 4627 649 4682 chorda
667 4627 793 4686 dividitur
810 4630 836 4686 in
854 4631 912 4686 311
924 4634 955 4706 55
975 4637 1125 4690 consonant
1143 4632 1214 4688 euim
1225 4641 1280 4689 mm
1300 4641 1440 4706 segmenta
1458 4633 1554 4698 3115,
1571 4645 1650 4700 qnam

300 4697 388 4758 totum
405 4695 424 4761 8
441 4705 470 4756 tl
487 4715 547 4764 cum
564 4705 580 4762 3
599 4711 627 4764 11
645 4723 705 4764 cum
723 4707 740 4765 5
759 4717 899 4767 consonat.
