3570 5536
480 321 617 418 indiciam
633 361 745 434 Kopleri
762 361 797 417 de
813 373 1001 418 mensurarum
1017 359 1185 431 montione.
1439 369 1501 431 619
1604 335 1606 342 ¹

163 537 304 606 gressione
322 538 350 592 in
367 539 510 596 mensuris.
548 539 586 594 Et
599 538 655 606 jam
673 539 782 608 quidem
800 538 865 608 dixi,
892 537 1033 610 pulchram
1058 537 1142 592 videri
1159 539 1361 609 proportionem
1387 538 1504 614 duplam,

164 631 248 684 quaro
267 623 294 672 et
312 618 477 672 octonariam
495 619 524 672 in
542 616 680 674 divisione.
717 619 749 674 Id
767 635 799 678 eo
818 619 912 689 magis,
931 618 995 690 qnia
1012 617 1040 671 in
1058 617 1225 672 nostratibus
1243 617 1415 688 ponderibus,
1434 623 1504 679 uluis

163 703 190 750 et
203 697 337 752 mensuris
349 704 459 768 recepta,
471 704 521 753 est.
558 697 639 753 Solus
652 713 700 769 pes
719 716 780 754 oum
792 714 853 754 asse
871 699 993 753 Romano
1012 696 1126 753 discedit
1143 697 1171 752 in
1188 701 1344 771 ternariam,
1363 706 1504 774 senariam,

162 774 355 832 duodenariam
372 777 551 844 diuisionem„
917 803 919 810 ·

248 854 281 907 In
298 854 449 923 colligenda
466 871 529 910 vero
546 856 719 913 multitudine
737 858 837 914 assium
864 857 971 914 omnino
998 856 1122 930 praefero
1138 859 1367 930 'inaequalitatem
1394 866 1505 934 quibus·

163 949 270 1002 cunque
287 935 523 1006 progressionibus
541 937 676 1002 nonnanis
695 945 722 992 et
739 936 913 1007 aequalibus:
941 953 995 992 non
1014 939 1087 1006 quod
1112 953 1155 992 me
1181 938 1297 996 delectet
1320 943 1505 1015 inaequalitas,

164 1014 212 1068 sed
231 1013 303 1083 quod
322 1015 436 1070 suadeat
455 1021 482 1069 et
499 1017 620 1084 requirat
637 1015 690 1072 boc
708 1019 734 1086 1)
752 1017 826 1073 varia
843 1018 972 1072 mercium
988 1025 1102 1083 natura,
1125 1018 1155 1086 2)
1173 1019 1368 1092 antiquissima,
1384 1024 1440 1091 jam
1458 1041 1507 1095 par

164 1092 255 1147 omnia
271 1093 332 1150 loca
354 1095 448 1152 inolita
466 1096 642 1168 consuetudo,
672 1095 827 1154 difficillime
845 1095 981 1166 mutanda
1000 1097 1026 1165 ³)
1038 1097 1197 1154 numerandi
1208 1099 1393 1158 commoditas.
1410 1104 1505 1160 Dicam

164 1173 198 1230 de
216 1174 340 1230 omnibus
357 1176 454 1230 tribus.

251 1255 293 1310 De
311 1261 437 1310 natura
454 1270 544 1310 rerum
556 1255 798 1310 memorandarum
816 1255 851 1314 do
870 1255 1023 1325 exemplum
1042 1256 1118 1311 vini.
1155 1256 1207 1312 Hie
1218 1273 1316 1327 magna
1333 1265 1375 1316 ast
1393 1276 1507 1316 commo·

167 1331 238 1388 ditas
257 1349 273 1387 a
291 1331 429 1404 cantharo,
449 1334 495 1404 qui
514 1335 692 1403 quantitatem
710 1334 794 1390 habet
820 1351 873 1390 non
892 1331 1008 1390 alienam
1026 1351 1043 1388 a
1060 1334 1157 1390 diurno
1175 1336 1256 1406 rictu,
1274 1337 1310 1392 ad
1329 1338 1429 1394 dolium
1447 1355 1508 1408 pro·

163 1412 248 1480 gredi,
261 1411 348 1492 ,qualo
366 1414 480 1470 duorum
497 1417 612 1470 triumve
631 1414 769 1470 bominum
787 1417 839 1484 ope
854 1415 968 1470 tractari
985 1417 1088 1482 potest;
1117 1413 1151 1468 ab
1169 1411 1222 1470 boc
1240 1413 1275 1469 ad
1293 1417 1310 1471 b
1328 1416 1370 1472 vel
1394 1417 1411 1473 6
1429 1417 1509 1488 dolia,

164 1499 231 1560 quot
249 1506 286 1546 sc.
305 1507 359 1546 uno
376 1491 499 1562 plaustro
519 1493 697 1550 communiter
714 1493 776 1548 vehi
794 1491 933 1549 commode
951 1501 1074 1562 possunt.
1110 1492 1162 1548 llio
1180 1494 1231 1548 etsi
1249 1510 1300 1550 non
1329 1510 1436 1564 semper
1452 1510 1510 1550 rem

165 1587 216 1626 acu
235 1571 378 1641 tangimus,
397 1579 488 1627 muron
505 1589 559 1628 non
577 1571 657 1640 longe
676 1573 781 1627 abimus
811 1589 828 1626 a
854 1572 1051 1642 significatione
1077 1571 1201 1627 vocabuli
1223 1573 1308 1638 Fass,
1326 1573 1434 1630 Fueder
1451 1580 1511 1642 eto,

170 1649 242 1718 quod
256 1649 326 1706 ‘iacit
344 1653 379 1707 ad
397 1651 561 1720 memoriam,
581 1657 609 1706 et
627 1649 780 1722 exemplum
798 1652 930 1706 babemus
949 1653 976 1706 in
995 1650 1167 1706 astronomia
1203 1652 1271 1708 Cum
1293 1651 1363 1706 enim
1387 1653 1414 1706 in
1439 1665 1510 1709 anno

165 1735 258 1782 esseut
277 1725 335 1784 dies
353 1729 412 1794 305,
430 1729 555 1801 artifices,
573 1731 680 1786 invitati
696 1730 887 1786 commoditate
905 1729 985 1784 vicini
1006 1730 1124 1800 numeri,
1146 1735 1239 1800 partes
1258 1730 1317 1800 300,
1336 1735 1364 1786 et
1381 1730 1415 1786 ob
1432 1731 1511 1788 luna·

165 1807 253 1879 dones
270 1817 363 1878 partes
381 1812 498 1880 maiores
513 1827 563 1881 per
581 1827 611 1867 se
631 1812 663 1868 12
681 1812 887 1867 constituerunt.

252 1885 295 1942 De
317 1889 565 1945 consuetudine
590 1890 704 1946 ostendo
728 1889 779 1945 bas
808 1889 981 1946 difficultates
1010 1889 1136 1958 exemplo
1163 1891 1323 1960 ponderum.
1360 1892 1513 1949 centenarii

166 1985 219 2024 vox
237 1967 265 2022 in
284 1967 406 2022 omnibus
424 1968 529 2037 linguis,
551 1977 593 2026 est
615 1977 732 2039 recepta.
768 1969 801 2024 Vi
828 1968 954 2026 vocabuli
980 1970 1032 2027 100
1057 1970 1149 2038 pondo
1176 1970 1271 2026 insunt
1293 1971 1322 2026 in
1349 1973 1512 2030 centenario·

165 2050 222 2104 Aut
238 2047 320 2116 igitur
338 2046 472 2104 abolenda
490 2049 541 2104 erit
559 2065 612 2102 vox
630 2049 791 2113 centenarii,
817 2049 1014 2106 introducenda
1031 2049 1100 2115 alia,
1128 2053 1175 2102 aut
1200 2049 1356 2104 centenario
1382 2065 1512 2108 numerus

168 2129 299 2184 librarum
318 2127 423 2184 dandus
442 2127 520 2186 alius,
539 2137 633 2184 conus
651 2129 824 2186 manifestum
846 2131 920 2187 vocis
945 2145 1049 2186 sonum.
1086 2128 1237 2195 Utrumque
1259 2143 1322 2182 vero
1345 2129 1427 2199 plane
1450 2147 1514 2199 gra·

167 2209 305 2262 vissimum
324 2207 413 2276 lactu3
433 2223 485 2262 nsu
503 2223 557 2262 non
575 2208 614 2264 ita
633 2209 787 2280 expetibile,
808 2210 831 2264 si
850 2209 913 2278 quid
932 2207 1009 2262 valeo
1024 2207 1140 2276 judicio.
1171 2207 1241 2262 Nam
1254 2207 1277 2262 si
1291 2224 1345 2277 qua
1357 2211 1511 2280 progressio

167 2289 305 2358 recipitur,
323 2288 350 2342 id
368 2287 400 2342 fit
418 2303 501 2344 cansa
520 2288 671 2356 compendii
689 2287 718 2342 in
736 2287 884 2357 majoribus
904 2287 1030 2356 numeris,
1049 2287 1143 2354 itaque
1160 2296 1273 2357 recepta
1285 2295 1334 2364 ,est
1352 2290 1468 2358 primum
1486 2291 1513 2346 in

167 2384 293 2424 numeros
311 2367 393 2436 ipsos,
413 2366 459 2436 qui
472 2372 535 2422 sunt
548 2366 619 2420 omni
637 2373 820 2421 renumerata
837 2364 1044 2433 numerosiores,
1065 2363 1162 2420 deinde
1180 2365 1208 2418 in
1226 2367 1430 2436 astronomiam,
1450 2369 1515 2436 quia

168 2445 334 2502 numerando
353 2446 388 2502 ad
406 2444 583 2500 subtilissima
600 2461 650 2500 nos
668 2444 796 2514 progredi
820 2459 931 2500 necesse
956 2450 1014 2512 est,
1043 2444 1077 2499 ob
1096 2453 1217 2500 motuum
1235 2446 1463 2516 perpetuitatem,
1481 2462 1516 2502 ne

168 2527 234 2596 quid
251 2525 279 2580 in
297 2526 445 2596 longinquo
464 2531 593 2594 peccetur
610 2524 738 2580 notabile.
774 2525 836 2580 lam
864 2539 934 2594 quae
961 2539 1011 2578 nos
1037 2523 1164 2578 metimur
1186 2531 1214 2578 et
1237 2541 1307 2593 quae
1330 2526 1514 2595 ponderamus

168 2603 361 2671 communiter,
389 2603 436 2658 illa
457 2602 553 2658 breves
576 2603 684 2657 omniuo
709 2619 827 2658 summes
845 2602 964 2670 iaciunt,
991 2603 1108 2670 majores
1134 2618 1198 2658 vero
1226 2605 1299 2672 apud
1327 2605 1514 2674 paucissimos.

167 2687 236 2742 Nam
255 2685 295 2740 sio
313 2685 447 2748 existimo,
467 2683 491 2737 si
509 2683 570 2750 quis
592 2685 676 2740 l0000
693 2682 850 2738 fuderorum
865 2683 919 2736 vini
931 2683 1056 2738 Rhenani
1067 2689 1203 2750 numeret,
1221 2683 1302 2737 unius
1320 2685 1384 2739 anni
1402 2697 1515 2752 proven-

169 2775 225 2818 tum
243 2779 298 2818 non
316 2761 384 2818 adeo
397 2761 494 2826 ¹multis
512 2762 617 2818 vicibus
636 2762 695 2818 iore
713 2763 849 2830 majorem.
885 2762 938 2831 Qui
955 2779 1019 2818 vero
1044 2762 1161 2830 majores
1183 2777 1301 2817 summas
1327 2769 1458 2831 ucctmt,
1485 2769 1530 2834 ut¹
1604 2805 1608 2818 .

167 2848 196 2902 in
214 2861 243 2898 re
261 2845 419 2917 mopetaria,
437 2842 470 2897 iis
489 2841 642 2912 exemplum
661 2841 830 2898 Archimedis
848 2841 875 2895 in
899 2841 1031 2896 tradendo
1056 2855 1155 2898 arenae
1174 2857 1286 2897 numero
1304 2844 1339 2899 ad
1357 2842 1515 2898 imitandum

168 2933 211 2982 est
226 2925 405 2997 propositum.

255 3003 307 3058 Est
325 3019 388 3058 vero
406 3002 517 3070 insuper
535 2999 680 3056 metuenda
697 2999 802 3070 clades,
829 3003 853 3056 si
870 3001 1017 3071 recipiatur
1034 3000 1232 3070 progressionis
1250 3001 1410 3070 aequalitas.
1446 3004 1516 3058 Nara

167 3095 200 3140 ut
217 3093 375 3162 praesentes
395 3089 423 3136 et
440 3087 566 3151 posteros
584 3081 612 3136 in
630 3088 766 3149 potestate
785 3088 879 3137 nostra
897 3079 1062 3147 babeamus,
1094 3078 1210 3147 majores
1236 3087 1309 3136 certe
1334 3089 1443 3140 nostros
1461 3100 1515 3139 non
1561 3129 1565 3140 .

170 3165 308 3218 babemus.
343 3163 440 3232 Itaque
460 3177 520 3216 cam
539 3159 619 3214 iidem
637 3161 829 3231 inaequalitate
848 3163 876 3215 in
895 3160 1046 3230 colligendo
1065 3160 1120 3214 sint
1131 3159 1184 3227 usi,
1202 3175 1237 3214 an
1250 3176 1304 3214 non
1319 3161 1382 3216 olim
1395 3164 1515 3232 ipsorum

168 3244 282 3300 rationis
307 3240 467 3296 numerandi
492 3241 601 3310 penitus
628 3240 843 3310 obliviscemur,¹
861 3243 1003 3312 repudiata
1029 3238 1234 3309 inaequalitate:
1263 3240 1303 3294 uti
1327 3241 1434 3308 quidem
1457 3241 1516 3296 sola

169 3335 321 3392 temporum
339 3321 516 3378 diuturnitate
533 3321 636 3378 iactum
651 3323 709 3388 jam
729 3321 850 3378 videmus
870 3323 903 3377 de
921 3320 1053 3376 mensuris
1071 3319 1267 3387 Romanorum,
1292 3335 1360 3389 quas
1379 3321 1429 3376 viri
1450 3321 1514 3377 doo-

168 3403 266 3458 tissimi
283 3401 327 3456 vix
346 3401 419 3456 omni
436 3401 527 3454 studio
546 3401 574 3454 in
591 3401 679 3456 lucem
697 3409 835 3456 revocant.

255 3481 319 3536 Dixi
338 3497 401 3536 vero
421 3488 448 3534 et
466 3480 624 3536 numerandi
643 3478 920 3535 commoditatem
943 3477 1067 3545 adjuvari
1091 3477 1291 3546 inaequalitate.
1329 3478 1399 3533 Nam
1419 3479 1453 3536 ad
1470 3495 1516 3536 eu·

169 3562 261 3630 pedite
280 3559 483 3626 numerandum,
496 3560 661 3628 ,praesertim
679 3559 706 3612 in
726 3556 922 3613 contractibus.
947 3556 1094 3624 requiritur
1115 3556 1245 3612 memoria
1263 3563 1290 3610 et
1308 3558 1516 3614 ¹reminiscentia.

168 3641 230 3695 Jam
243 3640 321 3695 valde
332 3639 437 3694 lubrica
453 3638 576 3694 redditur
593 3637 710 3692 facultas
728 3637 789 3705 ista,
809 3636 855 3690 ubi
873 3635 950 3690 nulla
975 3642 1069 3691 contra
1092 3649 1121 3688 se
1140 3633 1267 3688 diatimta
1284 3635 1387 3691 invenit
1405 3637 1515 3693 admini-

170 3719 240 3774 cula.
278 3719 344 3784 Quis
358 3719 427 3772 enim
446 3719 539 3774 statim
557 3733 586 3770 se
605 3715 721 3784 colliget,
740 3715 769 3770 iu
786 3716 913 3770 secundis
931 3731 967 3770 an
984 3714 1072 3769 tertiis
1090 3721 1220 3782 versatur,
1240 3714 1264 3768 si
1282 3716 1462 3772 secundorum
1481 3719 1515 3772 ad

169 3800 251 3854 tertia
269 3799 306 3854 sit
323 3799 417 3853 eadem
434 3798 583 3868 proportio,
603 3811 673 3865 quac
691 3794 837 3864 primorum
856 3795 891 3849 ad
910 3792 1036 3864 secunda,
1053 3795 1105 3849 uisi
1124 3793 1158 3848 ad
1171 3808 1263 3848 omnes
1277 3794 1365 3849 nictus
1378 3796 1517 3852 oculorum

169 3893 278 3932 manum
297 3877 397 3932 babeat
415 3878 443 3932 in
461 3877 555 3932 tabula
572 3883 703 3943 notatque
722 3889 848 3930 numeros
867 3873 1009 3943 apicibus?
1039 3871 1163 3940 Omnino,
1182 3873 1255 3940 quod
1273 3871 1301 3926 ia
1319 3871 1395 3928 clivis
1414 3875 1516 3943 platea·

169 3975 227 4012 rum
241 3964 305 4011 sunt
318 3957 410 4026 scrupi
422 3965 449 4012 et
466 3956 561 4022 laevia,
578 3954 630 4009 boo
648 3954 754 4009 videtur
771 3953 799 4007 in
817 3951 1049 4008 numerationibns
1068 3965 1128 4008 osse
1146 3952 1327 4021 inaequalitas
1345 3961 1373 4008 ct
1390 3956 1518 4012 continua

191 4057 221 4094 ro
256 4055 336 4094 asaro.

171 4058 189 4110 p
224 4056 296 4176 grlit
313 4134 377 4171 vero
395 4133 444 4187 per
463 4130 559 4170 omnes
577 4115 702 4184 regiones
721 4125 776 4168 una
793 4118 821 4166 et
839 4112 934 4166 eadem
956 4112 1025 4166 ratio
1045 4110 1223 4180 collectionis,
1248 4113 1342 4169 eadem
1365 4114 1518 4170 aestimatio

171 4200 260 4256 iuderi
278 4199 304 4253 in
325 4197 470 4266 amphoris,
489 4195 637 4250 centenarii
655 4195 683 4248 in
701 4191 777 4247 libris
796 4191 964 4258 stabiliatur,
987 4206 1073 4259 eaque
1091 4189 1166 4260 talis,
1194 4208 1264 4260 quae
1281 4193 1411 4262 pulchros
1429 4201 1459 4248 et
1476 4209 1518 4247 ro·

169 4279 269 4334 tundos
288 4291 415 4332 numeros
434 4275 525 4345 eligat,
547 4289 616 4344 quae
635 4289 688 4328 non
707 4272 786 4339 louge
805 4271 886 4325 abeat
912 4270 946 4324 ab
974 4270 1101 4325 extremis
1124 4271 1258 4326 variarum
1284 4271 1433 4340 regionum,
1465 4285 1518 4327 non
1550 4341 1554 4352 .

168 4359 208 4414 ita
225 4357 340 4412 multam
358 4353 494 4424 improbo;
520 4369 582 4408 crum
606 4345 698 4408 omues
723 4350 803 4405 bodie
829 4349 954 4416 regiones
979 4361 1049 4416 pene
1066 4349 1102 4404 ao
1121 4363 1201 4404 unam
1219 4349 1352 4405 rationem
1370 4348 1518 4417 adspirent

169 4438 266 4504 ltaque
284 4435 355 4489 banc
372 4439 477 4502 partem
495 4431 661 4501 quaestionis
685 4447 745 4486 cum
772 4427 969 4484 introducenda
995 4443 1182 4486 mensurarum
1205 4428 1326 4497 ipsarum
1345 4428 1519 4496 aequalitate,

170 4533 229 4586 cap.
247 4516 268 4570 l.
289 4512 426 4580 ventilata,
447 4511 527 4581 plane
546 4519 686 4566 conuecto.
