3668 5526
847 333 1006 433 Antonias
1521 373 1584 434 toa

245 549 327 602 tenes
350 559 418 602 ecce
442 543 614 616 institutum,
639 543 762 618 opponis
786 541 918 618 tibiipsi
942 544 1003 600 vim
1024 541 1101 601 Solis
1123 539 1320 603 admirabilem
1353 543 1467 604 duabus
1490 545 1584 622 plenis

239 631 368 708 paginis.
414 627 492 705 Quid
515 629 614 690 hostes
637 630 758 702 faciant,
786 627 888 687 dicunt
909 631 935 688 si
957 629 1029 688 talia
1051 637 1181 688 auctores
1204 633 1259 706 ipsi
1290 631 1326 690 de
1348 635 1408 692 suis
1437 631 1584 710 dogmati-

246 715 321 776 bus?
366 717 425 774 Cur
448 724 479 775 ut
501 719 572 776 mihi
596 720 762 795 oppositum
785 726 931 791 ostentas,
956 716 1035 792 quod
1057 720 1120 793 ipse
1143 717 1372 779 luculentissima
1393 723 1525 781 oratione
1548 721 1584 780 de

246 802 324 864 Solis
349 803 491 880 dignitate
514 805 692 883 protelastl?
795 805 800 814 '
1031 817 1035 826 ’

334 889 392 950 Sed
423 893 500 951 enirn
523 892 576 952 Sol
598 894 652 952 tibi
675 893 808 967 geminus
837 897 898 962 est,
931 907 1007 949 nnus
1029 891 1246 968 inconspicuas,
1278 899 1306 951 et
1333 891 1376 952 illl
1406 902 1438 952 ut
1459 897 1584 973 principi

246 978 401 1037 tribuenda
422 981 480 1054 ista
503 984 610 1040 omnia.
656 977 777 1046 Invenio
798 977 918 1037 inferius
941 981 1028 1038 etiam
1050 978 1182 1055 planetas
1209 982 1379 1053 geminatos.
1424 981 1584 1057 Ecquando

247 1065 364 1125 tandem
392 1064 480 1126 finem
512 1069 651 1145 imponis,
683 1065 830 1148 lichene,
863 1066 1101 1124 nomenclaturae
1135 1073 1201 1124 tuae
1235 1068 1428 1127 arbitrariae?
1473 1070 1583 1144 Solent,

247 1154 354 1230 quibus
378 1153 455 1213 oculi
479 1157 547 1214 vino
571 1164 600 1214 et
622 1154 740 1230 crapula
762 1154 915 1229 diriguere,
939 1151 1054 1228 singula
1077 1169 1128 1230 per
1142 1167 1266 1212 errorem
1288 1157 1442 1215 aestimare
1457 1161 1598 1232 gemina·

247 1259 317 1299 num
340 1241 442 1300 eadem
464 1244 510 1301 vie
539 1246 576 1300 sit
607 1242 765 1302 cerevisiae
790 1241 991 1312 Britannicae,
1022 1255 1079 1298 non
1112 1239 1206 1298 babeo
1239 1239 1342 1300 dicere.
1387 1242 1452 1302 Non
1483 1262 1582 1304 somus

248 1338 344 1388 tamen
368 1328 441 1388 adeo
465 1329 605 1402 carnales,
628 1337 661 1386 nt
683 1343 748 1387 eum
765 1327 851 1400 Solis,
875 1336 907 1385 ut
922 1327 1113 1398 instrumenti,
1136 1327 1234 1384 munla
1254 1343 1404 1388 corruamus
1420 1333 1581 1405 inmundo,

236 1418 408 1494 ‚saptentiae
439 1418 584 1476 creatricis
611 1415 832 1488 obliviscamur,
864 1433 941 1490 quae
972 1418 1159 1473 instrumento
1187 1415 1284 1474 utitur.
1330 1415 1404 1475 Nam
1431 1422 1582 1494 quaerenti

248 1505 317 1576 tibi,
344 1521 400 1561 carr
420 1521 485 1562 non
507 1503 710 1562 attribuamus
731 1504 926 1561 harmoniam
956 1504 1168 1562 elcmmtomtm
1188 1503 1291 1577 potine
1308 1506 1458 1579 principi,
1488 1523 1581 1582 quam

245 1593 431 1668 principiale
454 1589 557 1671 (Soli),
581 1591 742 1668 respondeo
766 1607 836 1666 ego,
859 1590 951 1664 bunc,
978 1607 1065 1666 quern
1088 1592 1117 1647 in
1140 1605 1226 1666 opere
1248 1607 1313 1648 meo
1336 1589 1503 1652 harmonico
1526 1593 1579 1656 de·

248 1680 322 1752 texi,
354 1687 486 1736 ornatum
510 1688 641 1736 nrotnum
665 1677 862 1738 harmonicum
885 1694 939 1736 nec
961 1695 979 1734 a
1001 1677 1113 1736 ulabili
1134 1677 1201 1736 Sole
1225 1693 1305 1750 esse,
1337 1680 1450 1738 necrab
1472 1683 1581 1740 inviol-

246 1765 299 1823 bili
321 1763 421 1841 aliqua
443 1774 584 1838 creatura,
608 1766 659 1824 sed
683 1770 805 1844 primurn
829 1783 892 1824 esse
915 1773 1086 1841 conceptum
1109 1767 1138 1821 ln
1161 1763 1319 1846 archetypo
1341 1772 1445 1826 mentis
1461 1768 1580 1828 divinae

245 1850 334 1928 idque
357 1855 395 1912 ab
418 1865 555 1928 aetern03
579 1853 683 1913 deinde
704 1855 733 1911 in
756 1862 885 1929 tempore
907 1870 958 1930 per
981 1856 1073 1928 ipsam
1097 1853 1269 1911 creationem
1297 1863 1481 1929 procuratum
1504 1873 1579 1930 esee,

247 1949 279 1998 nt
301 1949 378 1998 esset
399 1938 458 2019 (llic
481 1958 568 2017 quem
591 1957 646 2016 ego
670 1939 772 2019 doceo)
802 1957 855 1998 nec
883 1937 1086 1998 inclementis
1116 1955 1170 1998 nec
1200 1943 1228 1996 in
1251 1941 1449 2012 elementatis,
1473 1944 1525 2002 sed
1549 1947 1577 2001 in

246 2027 371 2086 motibus
395 2029 579 2106 planetarum
602 2027 785 2090 coelestibus
829 2026 891 2086 Nec
913 2042 985 2103 opus
1009 2027 1098 2086 babet
1128 2026 1200 2086 baec
1223 2027 1385 2102 harmonia,
1418 2041 1451 2088 ut
1473 2033 1578 2090 etiam-

244 2132 313 2176 num
343 2113 430 2174 hodie
455 2117 602 2192 procedat
632 2115 670 2175 ab
692 2117 798 2172 enimn
828 2131 880 2171 seu
910 2121 1028 2172 natura
1056 2113 1158 2172 incida
1176 2118 1346 2189 primario,
1377 2119 1452 2176 elcut
1476 2129 1580 2178 ventos

244 2201 320 2260 solet
342 2205 462 2261 excitari
485 2223 504 2263 a
526 2203 627 2263 flatore
652 2200 689 2262 ed
713 2201 875 2279 implendas
898 2200 1027 2271 listulas,
1058 2205 1277 2260 consonantiam
1300 2203 1443 2279 editurae,
1473 2203 1581 2265 sufficit

245 2293 335 2360 enim,
371 2299 402 2348 nt
432 2293 551 2350 extremi
580 2290 763 2366 planetarum
794 2299 891 2348 motus
917 2287 1118 2347 moderatione
1149 2291 1394 2350 eccentricitatum
1421 2293 1450 2348 ln
1484 2301 1581 2354 tantm

243 2379 302 2434 siut
324 2380 452 2452 expressi
483 2378 661 2451 celeritates,
693 2383 820 2452 quantae
850 2374 1099 2452 comprehendunt
1126 2378 1340 2452 proportionem
1368 2379 1578 2455 harmonicam
1671 2437 1675 2444 .

244 2463 362 2536 suflicit,
386 2465 513 2524 animam
537 2482 610 2539 enac,
635 2481 720 2542 quae,
744 2465 948 2524 encaeniatum
970 2463 1038 2521 illae
1059 2467 1278 2542 proportiones,
1301 2463 1367 2526 illae
1388 2473 1420 2525 et
1440 2469 1582 2544 pereipiat
1630 2495 1656 2516 ω

243 2559 272 2609 et
295 2552 331 2611 ab
355 2553 390 2610 iis
414 2553 545 2611 irritetur.

330 2637 469 2714 Sequitur
491 2637 573 2698 locus
595 2637 685 2714 paulo
707 2637 905 2710 tolerabilior;
936 2637 1040 2712 incipis
1070 2653 1228 2712 agnoscere
1250 2639 1375 2698 animam
1407 2640 1483 2699 circa
1504 2640 1580 2700 banc

241 2734 435 2786 meteororum
459 2725 604 2786 officinam
637 2733 823 2803 occupatam,
856 2741 920 2783 eam
949 2740 1018 2783 vero
1050 2723 1122 2784 dicis
1155 2741 1218 2784 esse
1247 2725 1327 2784 illam
1361 2729 1455 2802 ipsam
1479 2727 1579 2800 mnndi

244 2815 381 2876 animam.
427 2813 495 2874 Jam
519 2831 607 2891 supra
629 2813 744 2872 lacilcm
768 2813 814 2872 hic
836 2829 881 2872 me
903 2811 956 2870 tibi
980 2812 1114 2886 exhibui,
1146 2821 1224 2885 esto,
1249 2812 1406 2874 dnmmodo
1435 2815 1579 2891 quidquid

240 2903 301 2976 agit
323 2903 437 2960 nonnisi
467 2901 612 2962 mediante
642 2901 698 2959 boc
721 2899 847 2961 Telluris
870 2899 936 2958 loeo
960 2907 1038 2976 agat,
1065 2901 1094 2956 ln
1118 2915 1176 2974 quo
1199 2911 1371 2961 concurrunt
1397 2902 1579 2980 planetarum
1659 2939 1663 2948 ·

172 3043 182 3056 ,
240 2988 325 3062 radii,
349 2987 467 3066 quando
490 2995 558 3047 sunt
582 2991 696 3067 oper'osl
719 2990 749 3046 in
772 2997 912 3047 naturam.
957 2986 1007 3046 Sic
1029 2990 1106 3046 enlm
1130 2995 1158 3046 et
1180 2987 1236 3048 boc
1256 2988 1374 3066 largiar,
1403 3007 1462 3050 nen
1484 2993 1580 3050 inesse

239 3077 268 3134 in
290 3075 396 3152 hepate
426 3077 603 3154 peculiarem
631 3079 775 3162 animam,
803 3075 854 3135 sed
886 3073 1055 3134 laenitatem
1088 3073 1215 3153 aliquam
1245 3078 1418 3137 universalis
1447 3077 1527 3136 iliius
1550 3081 1580 3136 ln

240 3180 359 3240 corpore
383 3163 510 3224 humano
541 3167 688 3237 animae,·
706 3181 781 3240 quac
811 3161 889 3239 quod
919 3165 1104 3238 egicanem,
1132 3162 1161 3221 id
1191 3162 1335 3224 mediante
1364 3166 1470 3241 hepate
1497 3174 1577 3242 agat.

241 3251 338 3327 Atque
368 3253 406 3311 ob
438 3253 467 3312 id
495 3255 589 3331 ipsum
617 3252 701 3312 sedes
730 3251 833 3311 barum
863 3250 1035 3310 facultatum
1066 3251 1225 3310 rectissime
1254 3253 1420 3311 tribuuntur
1450 3251 1509 3311 illis
1532 3255 1579 3311 im

237 3342 415 3401 strumentis.
1199 3343 1206 3356 “

326 3427 369 3486 Ex
400 3427 456 3487 boc
485 3426 550 3487 loco
579 3425 745 3487 transvolas
776 3423 813 3484 ad
846 3423 1061 3500 hyperphysica
1091 3422 1234 3498 quaedam
1268 3439 1373 3499 opera,
1406 3423 1441 3483 de
1471 3426 1579 3501 quibus

236 3531 336 3574 sacrae
367 3515 484 3588 literae,
518 3519 708 3590 quaerisque,
753 3529 823 3570 nnm
851 3509 903 3569 illa
932 3513 991 3568 sint
1026 3511 1064 3567 ab
1095 3509 1285 3587 aspectibus?
1315 3519 1347 3570 ut
1377 3512 1456 3586 quod
1489 3513 1581 3572 'Petra

234 3601 401 3661 Dathanem
425 3609 454 3659 et
477 3603 597 3660 Abiram
620 3600 755 3678 deglutiit
778 3598 815 3657 ad
838 3599 980 3674 imperata
1004 3597 1058 3655 Dei
1087 3605 1115 3654 et
1138 3597 1197 3654 alla
1218 3597 1335 3655 similia.
1382 3597 1498 3672 Quaero
1522 3617 1577 3674 ego

234 3690 371 3761 vicissim,
396 3705 464 3746 num
487 3688 654 3762 hujusmodi
677 3704 767 3764 opera
788 3687 846 3743 sint
868 3684 906 3741 ab
929 3684 1027 3768 anima
1049 3681 1163 3755 mundi,
1190 3691 1241 3740 aut
1263 3702 1281 3740 a
1304 3701 1454 3766 quoquam
1477 3696 1576 3746 creato

234 3775 358 3854 spiritu?
403 3775 461 3834 Cor
483 3777 571 3852 igitur
594 3793 629 3834 cx
652 3787 703 3834 tua
726 3775 864 3849 opinione
887 3769 965 3828 cadit
987 3784 1052 3828 mea
1075 3769 1181 3829 Terrae
1204 3773 1313 3844 anima,
1341 3787 1400 3830 non
1424 3771 1502 3832 cadit
1525 3781 1577 3832 tua
1656 3789 1663 3806 ³

233 3859 362 3920 Mundi?
406 3861 483 3937 Quin
506 3865 604 3938 potius
632 3865 688 3921 ista
711 3859 887 3920 miraculosa
909 3861 1093 3936 seponimus,
1127 3856 1164 3917 ad
1187 3868 1326 3918 consueta
1349 3875 1418 3919 vero
1446 3867 1476 3918 at
1497 3869 1576 3920 stata
1658 3879 1661 3889 ’

147 4006 151 4014 ,
234 3957 357 4008 naturae
381 3966 470 4026 opera
493 3947 709 4009 convertimur?
755 3944 828 4022 Quis
850 3945 947 4005 Deum
970 3943 1125 4004 fertilitatis
1148 3961 1183 4003 ac
1204 3955 1364 4021 proventus
1379 3945 1487 4006 Terrae
1502 3965 1576 4008 auc-

222 4046 324 4096 torem
347 4037 457 4113 negat?
503 4039 563 4095 Aut
585 4055 643 4113 qna
673 4037 785 4095 ratione
808 4035 1025 4094 transscnbitur
1052 4033 1217 4108 aspectibus
1248 4033 1397 4106 fertilitas,
1430 4038 1454 4092 si
1478 4043 1576 4094 trans-

230 4125 367 4185 scribitur
389 4123 448 4182 illis
471 4125 653 4185 conturbatio
676 4119 894 4183 meteororum?
939 4121 1027 4180 Anne
1045 4121 1152 4178 sullicit
1173 4119 1211 4178 ad
1233 4120 1428 4192 fertilitatem,
1459 4123 1574 4182 incitari

232 4215 316 4274 statis
339 4212 517 4288 temporibus
540 4220 673 4271 naturam
700 4207 907 4270 sublunarem?
941 4207 1025 4284 ‘Quis
1048 4223 1148 4267 onmes
1177 4207 1287 4266 mundi
1309 4209 1463 4284 infimioris
1484 4227 1576 4268 coen·

232 4309 280 4358 tas
302 4319 323 4358 a
344 4299 501 4358 stellarum
524 4299 652 4359 motibus
674 4297 784 4358 nectit?
827 4295 900 4372 Quis
923 4311 993 4356 vero
1016 4296 1144 4354 vicissim
1167 4294 1423 4372 philosophorum,
1456 4297 1576 4372 qualem

232 4395 264 4447 tn
287 4385 416 4446 Roberte
439 4403 593 4464 personam
616 4389 707 4463 geris,
742 4384 779 4443 ad
802 4383 831 4442 id
855 4385 1028 4462 ineptiarum
1057 4399 1121 4442 cum
1144 4382 1263 4441 insulsis
1285 4383 1434 4442 nonnullis
1458 4385 1575 4444 theolo-

231 4476 344 4551 gastris,
368 4473 465 4533 adhue
487 4491 504 4534 a
527 4482 618 4532 matre
640 4473 818 4543 rubentibus,
841 4471 1031 4547 progreditur,
1056 4480 1096 4542 nt,
1119 4485 1185 4528 curn
1207 4469 1289 4545 legit,
1313 4472 1410 4530 Deum
1434 4473 1579 4550 mutae,

231 4579 328 4620 escam
350 4561 432 4632 dore,
457 4570 611 4638 propterea
635 4578 743 4620 vanum
760 4565 788 4618 et
804 4559 904 4616 inutile
921 4559 1065 4616 existimet
1081 4559 1267 4632 investigare,
1292 4575 1368 4634 quae
1382 4559 1575 4633 arbonqnanr

143 4686 154 4694 -
232 4659 328 4706 escam
359 4651 406 4710 cui
432 4650 535 4709 tundat
565 4646 706 4707 animali?
751 4647 824 4705 eum
855 4645 955 4702 Deam
984 4643 1065 4702 audit
1095 4649 1215 4719 aperire
1243 4661 1374 4704 mansan
1401 4661 1508 4718 ceam,
1538 4653 1575 4704 nt

179 4775 186 4783 -
230 4743 357 4810 saturet,
388 4745 540 4815 propterea
565 4729 644 4796 v'ctet
670 4732 929 4812 patremfamilias
958 4734 1070 4807 aperire
1092 4748 1224 4805 manum,
1255 4740 1289 4790 nt
1315 4730 1458 4790 ¹lrordeum
1489 4734 1574 4809 eqnis
1599 4757 1602 4766 ,

231 4821 421 4900 suppeditet?
453 4817 502 4883 ’Et
532 4827 580 4884 cui
607 4823 658 4882 tini
686 4831 748 4882 tute
778 4825 841 4897 ipse
874 4825 956 4880 tuom
984 4817 1057 4878 illud
1086 4823 1187 4896 ingens
1215 4835 1290 4896 opas
1321 4819 1514 4880 nacrcecsm
1543 4828 1573 4881 ct
