3676 5536
274 379 334 438 its
651 455 654 464 .
803 372 844 428 De
862 369 1088 441 Propertiouibus

270 552 301 609 iu
323 551 379 612 bac
402 550 549 610 murtena
570 548 712 627 ligaturas
741 551 881 628 respicias
904 547 1082 626 syllabarum
1104 547 1191 629 (laud
1213 568 1254 610 ou
1279 559 1355 626 potr
1374 547 1437 632 tor)
1459 567 1567 628 easque
1591 559 1624 611 ut

270 639 390 698 bisonas
413 637 589 713 consideres,-
610 645 681 709 tuuc
702 639 731 696 in
756 653 792 698 ea
813 634 905 715 dymyq
927 653 1006 697 mera
1029 644 1058 696 et
1081 654 1153 715 pura
1176 638 1256 697 nulla
1279 643 1341 697 erit.
1388 641 1428 698 At
1450 643 1474 698 si
1497 657 1624 718 perpen-

272 725 334 801 das,
358 729 506 786 rusticano
529 725 747 799 morcinctum,
770 733 804 783 ut
826 742 863 783 ex
885 741 967 794 sono,
991 727 1041 800 qni
1063 725 1233 802 productius
1257 734 1319 785 erat
1342 725 1499 800 canendus,
1528 729 1623 786 taetus

270 815 308 872 sit
331 815 452 873 bisouus
475 829 630 889 assurgens
653 814 683 870 in
705 812 772 885 tine,
795 819 825 871 et
847 812 872 869 si
894 811 1015 887 syllabis
1040 812 1118 871 bisce
1141 811 1302 889 simplicem
1316 829 1421 883 sonum
1436 815 1619 890 producimu,

272 905 322 977 qui
353 908 397 960 est
425 901 569 976 ligaturae
598 901 723 975 primus,
746 901 908 976 restituas,
941 893 1073 958 invenies
1102 915 1204 978 puram
1228 897 1343 979 dyoiyqv'
1369 903 1396 958 iu
1415 901 1466 960 'his
1489 900 1624 982 (Pasroli

272 985 402 1068 laudes),
434 991 502 1047 item
525 984 720 1067 (immolent),
749 989 818 1046 item
841 984 1046 1066 (Christiani),
1075 981 1144 1046 item
1166 985 1328 1068 (Innocens
1347 988 1445 1068 patri)
1474 998 1503 1048 et
1527 989 1623 1048 brevis

272 1077 303 1132 iu
326 1072 476 1158 (comem),
500 1078 593 1152 nloaq
616 1091 687 1134 vero
710 1091 805 1147 meru,
829 1071 898 1132 licet
920 1089 977 1131 non
1001 1075 1155 1147 naturalis,
1175 1081 1225 1134 'est
1246 1078 1275 1133 in
1299 1076 1432 1154 extemplo
1455 1075 1589 1135 Tureico.

359 1159 610 1238 Quemadmodum
635 1163 723 1238 igitur
744 1179 776 1221 se
799 1161 889 1220 habet
904 1160 1039 1220 ¹sceleton
1064 1162 1101 1221 ad
1126 1178 1229 1238 corpus
1253 1163 1332 1239 apud
1355 1166 1550 1238 anatomicos,
1582 1165 1623 1222 sic

272 1268 304 1311 se
327 1249 435 1309 liabent
458 1251 487 1306 in
518 1265 577 1309 uno
601 1254 759 1326 systemate
789 1256 912 1308 octavae
936 1251 1143 1310 soni.cousoni
1174 1259 1203 1310 et
1231 1252 1307 1309 inter
1328 1268 1359 1310 se
1388 1259 1416 1310 et
1439 1269 1504 1310 cum
1527 1251 1623 1310 radice

271 1336 318 1396 vel
342 1337 405 1396 basi
436 1344 560 1398 octavae
592 1336 630 1396 ad
653 1339 747 1414 ipsam
777 1335 931 1396 melodiam
962 1354 1013 1395 seu
1032 1344 1171 1397 'cantum
1218 1337 1300 1397 Sicut
1323 1340 1398 1397 euim
1422 1354 1489 1397 caro
1522 1337 1622 1416 implet

272 1427 352 1484 sinus
376 1425 485 1484 ossium
509 1440 603 1500 saque
625 1426 716 1483 vestit
736 1422 774 1482 ad
798 1423 940 1495 decorem,
965 1426 1007 1482 sic
1030 1423 1085 1483 baa
1107 1433 1206 1499 partes
1230 1428 1391 1484 recensitae
1417 1425 1537 1501 impleut
1559 1443 1624 1484 sce-

271 1511 354 1571 leton
382 1519 520 1586 octavae,
551 1514 721 1589 praesertim
745 1507 837 1590 tiympq
866 1517 895 1569 ei
926 1533 1057 1585 nectant,
1088 1521 1268 1587 pererrantes
1299 1512 1365 1571 loca
1387 1513 1520 1587 dissona,
1552 1517 1625 1572 iuter

275 1615 419 1659 consonos
442 1615 532 1658 sonos
554 1598 724 1675 interjecta,
748 1599 929 1658 conformant
952 1605 980 1657 et
1003 1592 1264 1678 qnasi²eorporant
1286 1599 1451 1659 melodiam.
1494 1669 1497 1678 Δ

362 1685 402 1748 Il.
427 1685 500 1745 (lum
522 1694 626 1746 cantus
649 1685 785 1746 definitur
808 1689 858 1756 sic,
883 1684 960 1761 quod
985 1685 1152 1745 exordiatur
1173 1704 1192 1744 a
1210 1694 1292 1746 certo
1314 1687 1443 1764 quodam
1466 1703 1548 1760 sono,
1575 1691 1623 1764 qui

1044 1794 1124 1830 2-
1162 1769 1243 1834 basis
1274 1777 1312 1832 sit
1341 1777 1508 1852 systematis
1543 1787 1625 1834 octa-

329 1820 842 1904 *ss
980 1862 1126 1904 -.12
1251 1863 1257 1876 ·

273 1828 593 1978 {ff
634 1862 682 1926 Ξ
707 1910 1125 2005 ψι-
1162 1861 1625 2025 staineinaim

276 2035 404 2095 delectet
427 2036 555 2094 varietas
578 2043 606 2094 et
629 2039 738 2096 serviat
761 2035 909 2112 emphasi,
933 2037 1104 2113 saepissime
1128 2037 1209 2095 velut
1233 2053 1267 2095 er
1292 2037 1415 2112 abrupto
1437 2038 1541 2113 insipit
1562 2055 1624 2096 me-

276 2123 356 2183 lodia
377 2139 396 2182 a
419 2121 495 2181 clavi
519 2122 566 2182 vel
588 2122 655 2182 loco
677 2124 749 2200 alio,
780 2130 927 2200 potestate
950 2130 1047 2184 tamen
1074 2122 1302 2199 subintelligitur
1328 2127 1499 2202 principium
1528 2125 1625 2198 quod-

276 2213 355 2288 piam
378 2209 486 2278 certum
508 2213 651 2286 positum,
676 2210 755 2289 quod
783 2228 818 2271 ex
841 2217 903 2270 toto
927 2209 1070 2270 melodiae
1092 2217 1186 2270 tractu
1217 2211 1345 2287 undique
1368 2213 1518 2286 enitescit,
1541 2221 1575 2272 ut
1598 2215 1625 2268 in

276 2288 333 2361 hoc
354 2299 552 2358 vetustissimo
576 2296 750 2358 Germanico
772 2297 858 2358 lacile
880 2297 1059 2375 intelligitur,
1087 2300 1141 2360 etsi
1164 2305 1232 2359 actu
1254 2299 1317 2367 ad
1337 2297 1388 2358 liat
1411 2301 1543 2374 initium,
1576 2317 1626 2359 ra-

280 2387 372 2446 dicem
395 2393 493 2464 tameu
516 2403 580 2446 essa
606 2383 641 2445 G.
1078 2377 1084 2388 ”

363 2471 418 2530 lll.
441 2471 570 2532 Similem
593 2470 684 2532 habet
706 2473 922 2548 exceptionem,
956 2471 1034 2547 quod
1060 2480 1162 2532 cantus
1185 2472 1326 2546 regularis
1357 2471 1462 2531 dieitur
1485 2491 1550 2533 cum
1573 2492 1627 2533 sua

280 2583 349 2640 torp
371 2559 418 2618 vel
441 2581 558 2638 uastata
581 2557 730 2624 coll'imare
760 2560 799 2619 ad
821 2559 887 2619 loca
909 2575 1037 2619 consona
1065 2559 1155 2620 radici
1186 2567 1319 2640 octavae.
1342 2559 1440 2620 .Nam
1462 2561 1627 2638 frequenter

277 2645 333 2706 hae
355 2653 452 2723 partes
474 2649 503 2704 iu
526 2647 625 2708 medio
647 2645 786 2722 longioris
815 2646 960 2708 melodiae
983 2653 1076 2707 tractu
1099 2653 1251 2706 versantur
1282 2649 1358 2706 circa
1380 2647 1446 2707 loca
1468 2647 1587 2708 dissona
1609 2667 1627 2707 a

277 2737 370 2809 prima
392 2731 503 2809 radice;
526 2733 578 2794 sed
600 2733 630 2793 id
652 2733 685 2794 fit
706 2736 856 2794 varietatis
880 2751 969 2793 causa
992 2742 1094 2811 estque
1117 2733 1243 2814 perinde,
1268 2751 1303 2793 ac
1324 2737 1350 2793 si
1372 2737 1461 2810 priori
1483 2735 1627 2796 melodiae

278 2833 356 2880 nova
378 2819 505 2880 melodia
527 2823 704 2896 misceretur,
729 2823 812 2898 quus
835 2825 865 2880 in
887 2821 1006 2881 dissono
1030 2822 1080 2881 illc
1103 2839 1213 2880 nurum
1236 2820 1384 2898 quoddam
1410 2822 1548 2898 figeretur
1569 2825 1628 2880 ini·

278 2908 359 2980 tium,
384 2914 435 2967 aut
457 2924 566 2968 novum
587 2911 752 2986 signaretur
774 2917 898 2968 octavae
921 2910 1059 2968 sceleton.
1105 2907 1157 2968 Est
1178 2906 1260 2969 velut
1283 2927 1420 2968 excursus
1442 2913 1471 2968 in
1496 2913 1628 2970 oratione

278 3013 330 3055 seu
353 2993 509 3072 digressio,
543 2999 641 3074 itaque
664 3013 721 3057 nou
746 3013 956 3056 commoramur
978 2999 1007 3054 in
1030 2995 1153 3069 talibus,
1184 2995 1235 3056 sed
1266 2998 1323 3056 cito
1347 3000 1517 3057 revertimur
1547 2999 1629 3057 velut

187 3071 193 3086 ‘
280 3083 317 3141 ad
340 3081 500 3158 principale
529 3083 665 3145 sceleton.
713 3083 750 3142 lit
781 3083 920 3160 quamdiu
952 3085 1027 3143 circa
1056 3083 1175 3142 dissona
1198 3092 1331 3142 versatur
1353 3107 1421 3162 rom
1450 3093 1479 3143 et
1502 3107 1628 3159 nstrata,

279 3169 479 3246 intelligimus,
501 3176 617 3231 cautum
638 3171 768 3232 nondum
790 3171 878 3246 iiniri3
901 3187 968 3229 nam
991 3173 1021 3228 in
1043 3173 1108 3248 ipso
1130 3189 1201 3230 vero
1223 3170 1279 3230 tine
1301 3171 1485 3232 redeundum
1503 3179 1549 3232 est
1570 3191 1628 3232 non

280 3266 393 3317 tantum
416 3257 453 3316 ad
476 3275 614 3334 consona,
637 3259 809 3336 regulariter
832 3257 964 3335 quidem,
986 3257 1038 3318 sed
1062 3257 1209 3318 etiamad
1232 3261 1329 3336 ipsam
1348 3263 1482 3338 propriae
1506 3267 1630 3320 octavae

279 3344 415 3404 radicem.
461 3344 507 3404 Ab
537 3345 593 3408 hac
614 3347 818 3406 articulationa
842 3351 944 3406 cautus
974 3351 1003 3405 et
1026 3345 1209 3405 affectatione
1232 3349 1486 3406 consonantiarum
1515 3357 1629 3406 veteres

280 3436 368 3492 etiam
391 3431 555 3510 simplicem
578 3443 695 3494 cantum
717 3433 898 3494 harmoniam
922 3432 1029 3492 dixisse
1053 3430 1203 3508 videntur,
1227 3449 1285 3493 nou
1303 3451 1389 3494 secus
1412 3444 1500 3510 atque
1524 3433 1631 3495 decens

280 3527 310 3580 et
331 3527 417 3596 aptus
440 3522 634 3581 membrorum
656 3537 829 3597 responsus,
859 3537 935 3597 quae
957 3520 1067 3580 formae
1089 3523 1186 3580 anima
1208 3527 1271 3594 est,
1302 3521 1454 3582 harmonia
1477 3522 1631 3598 diceretur,

195 3677 201 3692 Ι
280 3610 365 3684 quusi
386 3606 588 3684 pulchritud03
611 3602 666 3669 init
688 3611 765 3669 euim
788 3616 817 3668 et
839 3607 964 3668 iemlnae
986 3625 1091 3667 nomen
1115 3607 1283 3667 Harmonia

366 3693 419 3753 IV.
444 3693 529 3769 Quod
558 3693 668 3774 ἀγωγην
689 3698 809 3769 attinet,
840 3712 875 3755 ea
903 3711 1016 3755 rursum
1039 3696 1122 3754 varia
1145 3703 1203 3772 est;
1235 3713 1293 3754 uon
1316 3711 1430 3774 semper
1453 3697 1531 3756 enim
1562 3707 1630 3756 actu
1673 3703 1675 3708 ’

281 3783 380 3843 omnia
401 3780 468 3840 loca
499 3784 651 3858 interjecta
673 3785 793 3862 transit,
820 3783 872 3843 sed
900 3800 989 3859 saepe
1019 3781 1159 3841 transsilit
1184 3783 1285 3859 aliqua
1314 3781 1449 3860 saltuque
1472 3785 1563 3844 lertnr
1594 3785 1632 3842 ab

279 3887 339 3930 una
361 3867 400 3930 ad
423 3879 632 3930 consonantem
655 3869 725 3945 llli;‘
738 3879 842 3946 estque
864 3879 933 3929 tuuc
956 3871 1020 3929 sola
1042 3876 1187 3947 potestate
1204 3867 1311 3950 dymyq,
1336 3879 1365 3929 et
1387 3871 1446 3930 iere
1469 3887 1551 3931 mera
1567 3893 1631 3930 aar·

282 3981 345 4018 rato
366 3955 416 4016 vel
437 3977 518 4034 torp,
550 3958 600 4033 qui
623 3975 686 4017 mus
711 3965 755 4017 est
777 3957 1026 4033 frequentissimus
1048 3965 1212 4016 nostrorum
1235 3959 1411 4038 tubicinum,
1439 3975 1504 4017 cum
1526 3957 1632 4017 classi·

282 4061 349 4105 cum
372 4051 425 4104 aut
446 4046 624 4105 incentivum
655 4054 789 4121 equestre
811 4045 1013 4118 modulantur,
1045 4051 1114 4104 tunc
1136 4047 1211 4104 enim
1241 4045 1300 4104 iere
1323 4044 1394 4103 nihil
1424 4047 1479 4104 nisi
1503 4044 1630 4105 sceleton

283 4139 407 4192 octavae
430 4131 562 4206 auditum
585 4133 683 4208 cogita
706 4149 742 4193 an
763 4131 851 4209 hujus
873 4135 987 4208 generis
1009 4131 1096 4192 luerit
1118 4131 1167 4192 ille
1190 4128 1322 4192 veterum
1345 4153 1429 4206 aopoe
1451 4130 1563 4210 ὄρθιος.

369 4219 407 4278 V.
432 4218 506 4280 Cum
537 4223 696 4280 concinnus
725 4227 828 4280 cantus
846 4222 971 4280 'constet
1001 4221 1062 4278 suis
1084 4219 1253 4294 elementis,
1283 4229 1449 4297 quaesunt
1473 4219 1632 4281 'intervalla

285 4305 444 4380 concinna,
466 4309 590 4386 primum
613 4307 666 4366 illa
687 4313 756 4366 sunt
778 4305 941 4367 definienda
964 4309 1136 4368 accuratius.
1203 4321 1209 4330 ’

370 4391 488 4467 Duplici
510 4411 637 4471 namque
660 4411 747 4454 sensu
771 4392 904 4454 dicuntur
926 4393 1081 4454 intervalla
1104 4396 1249 4455 concinna
1270 4394 1318 4455 vel
1334 4395 1519 4456 inconcinna.
1565 4393 1632 4453 Pri·

285 4489 365 4534 mum
386 4480 463 4537 enlm
485 4481 642 4542 intervalla
664 4483 784 4542 seorsim
807 4479 924 4558 singula
957 4477 1089 4558 respectu
1112 4491 1192 4542 ortus
1214 4483 1260 4540 sui
1294 4484 1435 4542 concinna
1456 4481 1505 4542 vel
1528 4482 1633 4540 incon·

256 4622 259 4632 ,
286 4565 371 4622 cinna
393 4561 533 4643 dicuntur,
557 4568 608 4628 illa
631 4567 757 4646 quidem,
781 4585 857 4645 quae
879 4577 983 4627 natura
1006 4567 1133 4629 admittit
1158 4573 1186 4627 in
1203 4568 1398 4630 divisionibus
1413 4567 1631 4628 intervallorum

287 4648 591 4724 consonomm,'lraec
614 4673 701 4736 vero,
730 4672 806 4734 quae
829 4673 863 4716 er
888 4657 1153 4732 comparationibus
1177 4659 1432 4716 consonantiarum
1454 4675 1514 4715 non
1536 4656 1632 4715 resul-

287 4743 364 4808 tant,
395 4736 491 4796 aliena
512 4747 627 4817 prorsus
658 4745 695 4802 ab
719 4743 900 4816 harmonice,
928 4753 961 4802 ut
992 4744 1166 4819 explicatum
1197 4759 1260 4820 cap.
1285 4747 1313 4803 4.
1352 4743 1474 4806 Deinde
1497 4753 1632 4822 respectu

288 4823 378 4904 ipsius
408 4831 509 4885 cautus
539 4845 592 4888 seu
623 4829 767 4891 melodiae
796 4828 949 4891 discrimen
970 4828 1028 4890 hoc
1050 4838 1094 4890 est
1124 4833 1199 4891 inter
1221 4834 1286 4909 ipsa
1309 4835 1396 4893 etiam
1420 4834 1551 4910 musica,
1580 4845 1632 4892 seu
