3480 5548
290 395 329 458 ΙΙ
603 365 606 370 ¹
873 387 1042 447 Prooemium

295 588 406 650 vapore
433 572 500 634 ierit
530 589 615 633 nares
643 569 822 648 odoratuque
854 571 1024 650 percipitur,
1060 587 1125 633 cum
1144 561 1290 646 ‘strepitus
1320 569 1384 646 eJ'us
1410 565 1540 642 auditur,
1569 583 1634 627 cum

292 659 416 720 videtur.
472 659 539 721 Hae
570 663 682 738 species
711 657 912 720 sensibilesa
939 659 1072 718 sensibus
1104 659 1280 735 recipiuntur
1308 659 1463 718 introrsum
1491 671 1543 733 per
1572 657 1633 714 vim

290 751 570 825 repraesentativum
601 766 653 809 seu
683 747 910 824 phantasticam,
950 753 1164 824 cognoscuntur
1201 763 1253 823 per
1293 761 1410 805 sensum
1442 759 1632 818 communem,

290 835 415 917 doctique
444 854 497 914 per
523 853 686 913 supremam
709 837 823 894 animae
846 834 1014 894 facultatem
1036 836 1163 894 intense
1186 838 1403 910 comparantur,
1435 830 1513 907 quod
1533 828 1632 890 itidem

203 961 214 976 .
290 929 336 982 est
362 925 440 1000 poti.
495 923 550 983 His
581 921 619 984 ad
646 922 810 982 harmonias
840 921 986 982 translatis
1016 919 1210 995 concluditur,
1242 937 1306 982 esse
1336 937 1387 980 aas
1415 908 1462 979 r'es
1492 917 1530 978 ab
1562 920 1633 995 ipsis

292 1007 507 1086 quodammodo
529 1010 615 1071 rebus
638 1010 813 1078 abstractas,
844 1015 989 1085 quatenus
1012 1012 1124 1086 specics
1147 1025 1241 1068 rernm
1274 1025 1326 1086 per
1353 1023 1455 1068 sensus
1487 1008 1634 1083 ingressae

289 1096 385 1174 adque
407 1098 533 1160 tribunal
556 1099 670 1158 animae
692 1096 848 1174 perductae
871 1095 941 1158 liant
963 1099 1077 1158 termini
1098 1097 1293 1174 proportionis
1308 1094 1494 1154 hammonicae
1508 1093 1633 1154 sensilis.

238 1203 244 1219 ·
289 1183 364 1245 Sunt
394 1203 463 1246 vero
491 1184 626 1258 eaedem,
661 1187 767 1260 inquit,
799 1192 964 1259 concretae,
997 1194 1026 1246 et
1054 1187 1123 1262 qaia
1149 1183 1205 1259 hae
1233 1183 1345 1262 species
1367 1200 1462 1242 rerum
1484 1179 1634 1245 sensilium
1722 1251 1723 1260 ἶ

289 1279 358 1332 sunt
379 1272 529 1348 qualitatis
551 1271 666 1333 sensilis
696 1269 742 1354 (in
765 1288 852 1346 sono,
883 1270 993 1332 lumine
1015 1269 1087 1355 etc.)
1120 1279 1149 1333 et
1172 1279 1240 1349 qula
1261 1279 1323 1331 tum
1345 1269 1462 1330 demum
1483 1271 1512 1327 in
1536 1270 1633 1328 animo

217 1351 225 1374 ⁸
286 1359 457 1434 clarescunt,
482 1377 571 1437 quum
594 1378 640 1420 res
663 1363 744 1435 ipsae
768 1365 883 1422 exstant
904 1367 933 1420 et
954 1367 1081 1421 manent.
1111 1360 1272 1420 Discrimen
1296 1360 1372 1419 inter
1392 1357 1446 1417 has
1467 1356 1635 1416 harmonias

265 1453 266 1459 ’
290 1454 319 1508 et
341 1465 425 1507 veras
450 1447 728 1525 ᾖιιιιΙιιΙιιιὶιιιιιι
720 1466 750 1505 ιιι
773 1463 808 1507 eo
838 1453 890 1520 ost,
914 1447 1023 1523 quod
1015 1465 1045 1506 ru
1067 1447 1113 1508 his
1136 1449 1249 1508 termini
1272 1452 1341 1506 snut
1363 1461 1399 1504 ex
1420 1443 1634 1506 mathematicis

288 1536 451 1612 generibus,
474 1534 582 1597 circulo
597 1541 627 1595 et
641 1551 719 1608 arcu,
740 1540 822 1594 certo
845 1534 932 1596 modo
953 1535 1093 1610 formatis,
1117 1535 1176 1594 illis
1199 1541 1299 1595 contra
1320 1533 1376 1593 hoe
1398 1533 1552 1609 singulari
1560 1532 1634 1591 snb-

285 1623 364 1699 J'ecto
386 1639 445 1682 non
468 1639 542 1700 opus
565 1630 623 1697 est,
655 1621 707 1682 sed
736 1625 851 1683 nonnisi
877 1639 908 1682 rc
938 1622 1039 1699 aliqua
1066 1623 1174 1683 sensili.
1226 1621 1273 1680 Ad
1302 1621 1359 1682 hoc
1390 1626 1488 1680 autem
1514 1622 1543 1677 in
1575 1610 1634 1678 ilias

287 1711 444 1786 requiritur
457 1728 503 1770 res
517 1727 617 1786 agens,
640 1708 751 1770 seilicet
772 1727 862 1784 mens,
886 1710 1020 1786 subjecta
1035 1709 1209 1787 dijudicans
1238 1710 1343 1785 Itaque
1365 1707 1489 1768 circulus
1512 1708 1634 1783 ejusque

282 1814 386 1883 prcus,
421 1797 548 1875 regulari
576 1797 718 1858 divisione
745 1797 828 1872 iacti,
859 1805 926 1858 sunt
946 1797 1119 1876 subiectum
1146 1797 1314 1857 harmoniae
1344 1793 1549 1872 inquirendac;
1581 1794 1635 1854 has

291 1886 469 1962 quantitates
501 1890 598 1944 mente
631 1892 682 1945 aut
711 1887 890 1945 extrinsecus
917 1893 1050 1962 receptas
1081 1891 1132 1945 aut
1157 1886 1194 1944 ab
1223 1885 1307 1944 initio
1336 1885 1369 1942 in
1397 1899 1433 1943 ea
1459 1888 1489 1942 et
1511 1899 1577 1943 cum
1600 1899 1635 1942 ca

290 1979 401 2034 creatas
425 1989 488 2032 esse
510 1989 628 2033 necesse
652 1978 696 2033 est
718 1979 748 2032 et
768 1975 810 2032 ita
832 1971 957 2050 quidem,
989 1981 1022 2033 ut
1050 1972 1174 2034 circulus
1205 1971 1331 2049 ejusque
1350 1987 1434 2030 arcus
1457 1971 1635 2031 extrinsecus

290 2062 319 2120 iu
340 2066 467 2120 mentem
489 2062 602 2137 possint
624 2077 688 2120 esse
710 2059 793 2135 illati,
817 2058 869 2120 sed
882 2063 956 2120 ratio
971 2063 1045 2121 inter
1060 2060 1198 2122 circulum
1210 2061 1339 2162 'eJusque
1361 2074 1446 2119 arcus
1467 2057 1636 2118 harmonica

211 2136 220 2159 '
290 2149 422 2224 aprimo
446 2149 528 2207 initio
551 2144 641 2208 menti
663 2149 700 2208 sit
722 2149 818 2224 insite,
842 2150 1006 2226 necimago
1029 2150 1069 2208 sit
1090 2150 1151 2208 veri
1173 2148 1217 2207 sui
1232 2147 1467 2224 paradigmatis,
1466 2144 1549 2206 sed
1540 2163 1635 2222 rpsum

291 2234 382 2294 velati
411 2234 590 2313 paradigma.
635 2233 690 2296 His
722 2234 806 2296 dictis
838 2235 982 2313 Keplerus
1015 2238 1162 2296 examinat
1183 2241 1313 2295 veterum
1335 2232 1578 2312 philosophorum
1601 2232 1635 2292 de

290 2324 441 2383 harmonia
455 2325 623 2398 sententias,
647 2325 735 2384 citato
749 2324 875 2384 maxime
890 2323 986 2384 Procli
1001 2322 1066 2383 loco
1089 2299 1409 2398 (delamentatur.
1427 2321 1519 2380 Elem:
1535 2317 1634 2402 buci.)

291 2409 326 2471 dc
350 2414 476 2472 essentia
498 2429 592 2473 rerum
615 2411 894 2484 mathematicorum,
919 2411 1009 2514 ,quia
1030 2428 1089 2472 uon
1111 2417 1224 2470 tentum
1246 2413 1388 2488 genuinos
1403 2409 1635 2471 harmonicamm

173 2493 177 2510 '
289 2501 443 2573 terminos,
466 2498 592 2560 circulos
615 2506 644 2559 et
666 2514 750 2558 arcam
772 2517 791 2558 a
811 2498 911 2576 liguris
933 2500 1086 2574 rescissus,
1114 2501 1145 2558 Ιι)
1173 2501 1306 2559 anima
1297 2515 1385 2575 mque
1413 2503 1510 2557 mente
1532 2478 1635 2556 statuit

256 2653 263 2665 ,
290 2587 491 2661 essentialiter,
515 2586 671 2647 sedetiam
694 2587 763 2662 quia
784 2587 841 2647 sibi
863 2586 969 2647 similia
990 2587 1147 2664 proleucnti
1170 2585 1260 2648 demit
1281 2585 1423 2649 invidiam
1444 2583 1545 2662 reiecti
1567 2583 1635 2642 hinc

289 2673 356 2734 inde
379 2673 576 2734 Aristotelis“.

289 2761 293 2768 ”
393 2760 459 2822 Hae
480 2762 607 2822 rabones
629 2758 816 2822 harmonicae
839 2761 877 2822 sb
899 2761 1003 2824 altiore
1025 2763 1140 2823 animae
1168 2762 1213 2838 vi,
1248 2779 1323 2838 quae
1347 2753 1450 2822 eadcn'r
1471 2761 1501 2818 in
1524 2759 1636 2819 artibus

291 2854 321 2909 et
340 2846 433 2908 literis
454 2849 548 2924 ualet,
580 2847 789 2925 dijudicenturJ
821 2857 1034 2926 cognoscuntur
1063 2857 1161 2910 autem
1189 2852 1219 2908 in
1248 2851 1354 2910 exteris
1383 2848 1471 2908 rebus
1501 2846 1636 2906 interiore

289 2937 379 2996 animi
400 2937 446 3011 ri,
476 2953 535 2996 non
557 2935 644 2996 modo
675 2937 799 3011 homini,
831 2936 885 2997 sed
917 2939 1006 2998 etiam
1027 2937 1172 3016 pecudum
1194 2939 1307 3015 generi,
1339 2953 1432 3013 aeque
1455 2951 1490 2998 ac
1515 2933 1636 3010 ,mundi

290 3025 425 3084 animac“
449 3023 551 3098 indita,
574 3026 637 3084 sive
660 3025 806 3086 instinctu.
843 3025 902 3086 Hic
924 3027 1077 3086 instinctus
1099 3029 1124 3086 is
1147 3033 1200 3102 est,
1224 3026 1273 3102 qui
1298 3024 1434 3084 discernit
1455 3038 1544 3082 sonos
1566 3021 1642 3083 har-³

289 3099 421 3172 mohicos
451 3118 481 3172 et
510 3111 743 3173 harmonicorum
777 3111 903 3174 siderum
932 3112 1079 3174 radiorum
1111 3115 1172 3172 vim
1204 3113 1301 3174 sentit.
1346 3109 1387 3172 Ut
1418 3108 1526 3187 plantis
1554 3111 1637 3171 notio

290 3202 402 3259 numeri
424 3199 462 3260 ab
485 3200 567 3260 initio
590 3202 666 3259 inest
698 3197 850 3282 (numerus
877 3201 1049 3262 ioliomm
1041 3221 1071 3262 ιιι
1100 3200 1234 3276 floribus,
1262 3217 1400 3260 numerus
1428 3213 1585 3274 granorum
1608 3200 1638 3257 in

289 3279 410 3368 pomis),
442 3289 485 3347 ita
512 3289 709 3348 animantibus
736 3295 765 3349 et
793 3289 903 3348 bomini
931 3290 1020 3350 insita
1047 3296 1092 3349 est
1114 3288 1212 3348 circuli
1238 3290 1334 3364 noti03
1368 3289 1516 3362 ,animae,
1548 3287 1638 3346 etiam

290 3375 454 3449 interiores,
487 3377 666 3453 compositae
695 3381 724 3436 et
755 3376 950 3437 conformatae
980 3383 1048 3436 suut
1077 3374 1114 3436 ad
1146 3375 1299 3450 circulum,
1329 3375 1411 3436 velut
1438 3373 1476 3434 ad
1504 3389 1638 3433 normam

291 3464 457 3539 legemque,
480 3480 604 3541 eumque
619 3465 683 3540 ipso
700 3462 807 3524 circulo
824 3465 946 3541 eJusque
962 3463 1242 3524 demonstrabilitate
1264 3462 1359 3524 ideam
1382 3464 1470 3523 etiam
1491 3463 1638 3522 rationum

291 3551 540 3626 harmonicamm,
575 3569 649 3628 quae
679 3550 746 3611 inde
766 3551 947 3629 dependent,
978 3550 1164 3613 induerunt&
1209 3550 1399 3628 Recipiuntur
1424 3550 1481 3610 hae
1508 3551 1638 3610 rationes

291 3639 389 3712 animo
412 3640 443 3696 in
466 3639 553 3699 rebus
575 3638 731 3700 sensilibus
755 3657 807 3716 per
822 3657 933 3712 sensus,
956 3641 985 3698 iu
1007 3641 1093 3700 rebus
1110 3639 1296 3698 insensilibus
1310 3639 1370 3698 alia
1385 3638 1472 3699 animi
1488 3637 1638 3711 iecnltate,

292 3725 452 3804 „facultate
480 3730 594 3786 animae
622 3725 737 3800 vitali“,
772 3731 847 3804 quae
878 3745 941 3804 cap.
964 3727 1034 3786 VII.
1066 3725 1197 3803 pluribus
1224 3725 1394 3786 illustratur.
1444 3721 1639 3785 Praemissum

291 3821 390 3876 autem
404 3817 671 3892 interpretationem
686 3813 831 3891 Keplerus
847 3817 909 3891 ipso
929 3813 1000 3874 dicit
1024 3816 1205 3890 „obscuram
1228 3813 1444 3891 quodammodo
1458 3813 1639 3874 materialem

292 3908 322 3963 et
345 3902 400 3962 suh
423 3902 501 3964 nube
524 3904 608 3979 quasi
631 3903 841 3979 ignorantiae“.
886 3900 1054 3962 Facultates
1077 3900 1257 3972 illaeanimi
1279 3903 1427 3962 interiores
1452 3917 1511 3960 non
1534 3903 1638 3974 sciunt,

291 4008 323 4050 se
344 3991 501 4069 percipere,
524 3997 557 4049 ut
580 4008 646 4050 cum
660 3988 793 4050 ridentes
816 3987 926 4065 aliquid
942 3996 1111 4050 nontamen
1128 3988 1394 4064 animadvertimus,
1418 4005 1471 4048 nos
1485 3987 1516 4048 id
1529 3988 1638 4049 ridere.
1722 4025 1723 4052 ;

291 4076 332 4138 ΙΙΙ
361 4095 442 4137 amor
468 4077 585 4155 puellae
613 4080 712 4137 existit
739 4080 767 4134 in
796 4080 894 4138 animo
918 4077 1050 4154 juvenis,
1082 4079 1236 4138 nescientis
1265 4077 1382 4155 quade
1405 4093 1494 4137 causa
1516 4081 1547 4136 et
1570 4075 1639 4153 quid

292 4167 321 4223 in
343 4173 443 4225 amata
474 4165 591 4243 diligat,
623 4182 712 4243 quum
741 4165 974 4244 physiognomon
1004 4168 1034 4223 Ιιι
1062 4167 1227 4226 amantibus
1258 4183 1385 4238 morum,
1419 4165 1490 4237 oris,
1521 4163 1640 4225 habitus

1721 4055 1723 4080 ι

1722 4085 1723 4120 Ι

292 4252 506 4328 similitudines,
530 4270 606 4330 quae
628 4253 825 4314 nescientibus
847 4268 974 4314 amorem
996 4253 1166 4328 incendunt,
1190 4257 1319 4328 noverit,
1349 4256 1391 4313 ita
1412 4255 1442 4311 in
1464 4249 1522 4310 illis
1545 4251 1640 4312 iacul-
1722 4271 1723 4280 ¹

293 4339 404 4399 tatibus
430 4348 495 4414 ,est
515 4357 619 4402 seusus
641 4343 861 4419 proportionum
883 4344 945 4400 sine
967 4341 1086 4401 sensu“.
1130 4341 1217 4418 (Cap.
1241 4337 1298 4424 11.)

339 4445 344 4456 ·
397 4426 445 4486 Ita
478 4436 635 4506 postquam
668 4437 712 4488 est
746 4428 943 4504 disquisitum,
980 4431 1027 4488 cui
1059 4429 1148 4489 insint
1180 4430 1348 4489 harmoniae
1371 4432 1510 4503 tanquam
1533 4426 1640 4503 agenti
1722 4447 1723 4450 ¹

294 4513 430 4574 formenti
453 4533 505 4577 seu
529 4517 639 4593 opifici,
670 4516 815 4595 Keplerus
838 4533 900 4593 cap.
921 4515 974 4575 III.
999 4517 1094 4594 pergit
1115 4516 1152 4577 ad
1174 4516 1353 4594 subjectum,
1383 4519 1413 4574 in
1436 4511 1514 4591 quod
1537 4520 1641 4591 agatur

293 4602 460 4663 harmoniis.
493 4603 576 4666 Haec
591 4611 689 4664 autem
704 4605 837 4681 subjecta
860 4610 941 4664 suut:
965 4606 1069 4679 anima,
1094 4621 1170 4681 quae
1192 4603 1337 4682 descripta
1352 4609 1396 4664 est
1410 4620 1429 4662 a
1445 4601 1510 4661 Deo
1533 4601 1564 4658 in
1586 4599 1640 4660 has

294 4695 497 4768 proportiones
526 4691 724 4767 harmonicas,
754 4691 902 4768 planetae,
937 4693 1043 4768 quibus
1070 4691 1211 4770 regularis
1241 4693 1317 4752 inest
1347 4698 1443 4751 motus
1466 4695 1495 4749 ct
1518 4703 1640 4764 quorum
1722 4731 1723 4752 2

295 4795 432 4840 numerus
455 4781 541 4840 certis
564 4797 600 4839 ex
621 4779 772 4840 harmonia
795 4778 934 4840 desumtis
965 4779 1081 4858 legibus
1113 4778 1248 4839 delinitus
1271 4787 1329 4854 cst,
1361 4777 1486 4854 denique
1515 4777 1639 4849 animae,

258 4859 262 4876 ’
295 4871 433 4929 creaturis
445 4865 783 4945 mundanispraelectae.
806 4867 930 4946 Inquirit
939 4867 1094 4947 Keplerus,
1107 4883 1176 4926 num
1188 4866 1357 4929 harmoniae
1368 4868 1457 4926 insint
1467 4865 1497 4923 in
1509 4879 1639 4938 numero,
