3732 5528
793 341 877 402 Liber
888 345 942 410 111.
962 349 1050 424 Caput
1067 349 1114 412 Vl·
1564 385 1629 452 358
1718 377 1724 386 ’

363 500 436 558 Nota
454 505 528 563 XIV.
566 508 628 566 Jam
651 514 822 573 rationalium
851 526 1022 594 septenarius
1044 529 1124 588 vaide
1142 533 1263 596 diversas
1292 543 1406 604 adiutis
1429 553 1628 624 complectitur.

275 573 413 635 Hactenus
431 583 503 640 enim
521 585 635 646 virtutes
659 595 858 657 assuefactione
883 607 1035 674 comparari
1053 615 1215 686 potnerunt,
1237 625 1268 674 nt
1286 629 1315 677 et
1337 633 1442 696 septem
1458 634 1628 693 intellectua-

275 653 339 708 lium
358 662 520 730 nonnullae,
539 673 567 720 et
584 667 652 737 ipsa,
671 687 741 740 qnae
760 673 802 730 his
821 687 926 749 septem
945 682 1123 745 facultatibus
1141 693 1273 753 instructa
1292 715 1353 758 esse
1366 704 1454 779 debet,
1473 713 1627 786 prudentia,

275 732 452 806 cardinalium
470 757 530 798 ana.
567 747 604 800 At
618 747 676 816 jam
695 751 767 806 inter
783 753 832 811 has
852 765 957 828 septem
976 773 1039 820 sunt
1057 784 1112 824 non
1130 770 1238 830 habitas
1257 782 1451 843 exercitatione
1469 798 1619 862 comparati

274 809 322 900 sed
340 821 438 906 amara
456 819 512 875 dati
524 826 611 881 certis
629 827 785 902 individuis,
805 843 835 890 at
853 845 896 893 est
914 855 1039 914 acumen,
1063 846 1158 912 abacta
1176 867 1224 908 seu
1243 855 1357 931 indoles,
1377 865 1495 925 solertia.
1531 849 1628 930 Recol!

274 973 329 1024 tum
349 973 430 1032 animi
448 993 596 1051 earumque
620 990 731 1046 summis
749 991 917 1054 differentiis.

273 1051 500 1140 que-eloquentia
518 1060 577 1130 ejas
596 1067 677 1122 etiarn
694 1069 787 1138 plures
807 1077 930 1144 conquiri
950 1097 1046 1152 posse,
1065 1101 1135 1155 quae
1152 1096 1256 1162 tamea,
1277 1097 1300 1150 si
1317 1097 1404 1171 forma
1423 1111 1562 1172 spectetur
1577 1125 1625 1178 po·

272 1131 418 1188 tcntrarum
436 1139 585 1210 audemia
602 1161 706 1218 paucas
724 1149 893 1224 redigentur,
912 1159 999 1216 atita
1017 1178 1071 1219 uno
1085 1167 1166 1224 modo
1183 1171 1277 1240 piures
1289 1183 1394 1247 septam
1405 1179 1524 1240 habituri
1535 1187 1628 1256 simus,
1677 1185 1680 1202 ⁸

272 1203 325 1260 alio
343 1211 422 1267 modo
440 1219 592 1285 pauciores.

358 1288 431 1346 Nota
448 1295 505 1352 XV.
544 1301 610 1356 Cum
629 1305 668 1360 sic
686 1323 779 1365 omues
797 1311 942 1372 facultates
963 1320 1092 1380 redactae
1111 1325 1166 1384 sint
1188 1327 1223 1384 ab
1241 1337 1354 1390 auctore
1375 1335 1402 1392 in
1421 1339 1523 1400 classes
1545 1344 1626 1416 inque

271 1369 460 1429 consonantias
488 1393 565 1446 suas,
586 1382 644 1451 jam
667 1387 749 1445 veluti
774 1409 843 1449 novo
868 1397 944 1452 tuitio
968 1398 1072 1456 classes
1095 1403 1172 1472 ipsae
1197 1424 1259 1464 cum
1283 1415 1428 1479 generibus
1452 1417 1626 1484 haimonicae

271 1450 526 1516 contemperationIs
544 1473 746 1536 comparantur,
765 1474 910 1531 rationales
930 1495 990 1534 cam
1008 1481 1184 1553 identisonis,
1207 1488 1323 1548 morales
1342 1509 1402 1550 cum
1422 1503 1561 1575 cenacula,
1586 1506 1625 1562 lo·

270 1522 346 1589 gicae
363 1543 425 1586 cum
444 1538 590 1595 concinnis.
625 1545 751 1614 Agnosco
771 1551 927 1611 divisionem
946 1558 1136 1631 philosophiae
1154 1565 1283 1622 usitatam
1301 1569 1329 1624 in
1348 1575 1512 1652 naturalem,
1537 1599 1624 1639 mora·

269 1601 331 1672 lem,
349 1607 472 1678 logicam.
508 1618 546 1672 ht
569 1628 777 1692 comparationis
800 1634 870 1689 ratio
893 1651 956 1692 aera
980 1646 1031 1693 est.
1069 1641 1139 1696 Nam
1160 1644 1236 1712 prius
1262 1647 1403 1704 moralium
1427 1652 1497 1711 duae
1519 1663 1625 1730 species

271 1693 362 1754 armat,
385 1690 470 1746 multo
488 1699 678 1764 particularius
697 1719 888 1782 comparatae,
909 1731 1033 1786 quaeqae
1058 1735 1119 1775 cum
1139 1723 1195 1778 suis
1220 1729 1412 1786 consonantiis.
1450 1733 1516 1790 Sero
1542 1738 1624 1794 etiam

270 1773 301 1816 se
317 1764 421 1835 colligit
438 1781 540 1845 auctor,
560 1783 676 1838 morales
694 1787 810 1858 principi
829 1792 934 1848 animae
951 1795 1075 1852 facultati
1092 1800 1215 1857 tribuens
1232 1812 1321 1876 recte,
1341 1825 1409 1877 quas
1427 1827 1511 1884 snpra
1529 1817 1563 1872 ad
1581 1819 1623 1874 in.

175 1889 187 1899 ,
269 1838 368 1906 teriora
385 1849 514 1908 subsellia
532 1855 676 1926 dejecerat.
715 1865 806 1938 Quem,
819 1870 888 1924 enim
906 1871 997 1930 Iocum
1012 1875 1222 1952 jam-occupant
1238 1882 1319 1952 logici
1330 1885 1449 1960 habitus,
1468 1907 1528 1948 eum
1542 1911 1625 1966 vapra

270 1915 382 1978 dederat
404 1932 550 1992 moralibus
572 1938 602 1994 in
626 1945 716 2012 specie
740 1947 899 2020 virtutibus,
919 1955 1020 2026 quippe
1044 1963 1075 2012 ut
1100 1966 1294 2018 consonantiae
1316 1964 1463 2034 implentur
1485 1976 1623 2033 concinnis

269 1994 427 2075 intervallis,
447 2007 571 2081 diapente
590 2029 714 2090 quatuor,
734 2024 903 2084 diatessaron
919 2032 1016 2102 tribus,
1035 2035 1075 2090 sic
1086 2036 1132 2091 ille
1144 2037 1297 2113 facultates,
1315 2042 1479 2104 amandam
1498 2040 1624 2122 quatuor,

270 2081 508 2148 concupiscibilem
526 2093 613 2152 tmbus
631 2099 778 2159 virtutibus
796 2105 916 2176 implevit
935 2110 1113 2184 absolvitque.

352 2159 425 2218 Nota
442 2165 512 2222 XVI.
549 2173 664 2234 Videtur
680 2197 777 2240 sensus
795 2185 854 2256 ipse
871 2188 924 2250 hoc
940 2193 1089 2266 postulare,
1108 2204 1139 2252 at
1151 2197 1281 2270 dIcamus,
1298 2207 1364 2274 post
1380 2223 1410 2260 ro
1422 2222 1477 2260 και
1495 2203 1622 2268 emissam

268 2248 329 2292 etse
345 2241 468 2298 voculam
485 2247 501 2317 ἢ
519 2253 674 2328 δικαιοσυνη.

354 2318 428 2375 Nota
444 2325 530 2383 XVII.
567 2331 722 2396 Plausibilis
746 2357 812 2400 saue
830 2354 904 2402 esset
922 2347 1057 2422 colophon
1081 2353 1148 2426 iste,
1172 2359 1244 2426 quod
1265 2365 1329 2430 post
1346 2362 1525 2434 particulares
1548 2383 1620 2428 com·

266 2399 420 2463 parationes
438 2410 536 2466 mansit
552 2413 588 2467 ad
606 2416 693 2486 ipsam
718 2423 801 2479 totins
821 2423 971 2485 harmonici
990 2435 1144 2500 systematis
1164 2441 1392 2508 comparationem
1416 2459 1477 2500 cum
1501 2453 1560 2504 toto
1578 2465 1622 2520 ag·

268 2481 384 2536 ammata
402 2484 531 2542 virtutum
550 2507 599 2547 seu
618 2495 779 2572 facultatum
794 2505 883 2574 auImI,
904 2507 927 2561 si
946 2524 1017 2576 qaae
1035 2509 1146 2568 fuerunt
1165 2514 1299 2580 elementa
1310 2519 1366 2576 illic
1377 2525 1619 2609 comparationum,

267 2568 407 2617 manerent
425 2567 506 2621 etiam
524 2569 582 2642 hic;
609 2592 659 2630 nec
678 2595 746 2648 opus
765 2579 835 2638 foret
858 2584 887 2638 in
911 2587 1045 2650 erectione
1067 2590 1152 2646 velati
1174 2594 1259 2650 totins
1283 2595 1400 2655 aedificii
1422 2602 1542 2673 parietes
1565 2607 1619 2664 ain·

267 2639 359 2712 gulos,
377 2651 507 2714 tanquam
525 2649 601 2709 initIo
620 2671 675 2712 non
693 2668 767 2715 recte
785 2661 889 2736 factos,
910 2664 942 2720 de
961 2683 1031 2721 novo
1050 2667 1170 2726 reficere.

352 2721 425 2778 Nota
443 2727 542 2784 XVIII.
579 2732 700 2792 Observa
717 2739 873 2797 methodum
891 2741 1047 2802 Ptolemaei.
1086 2748 1152 2802 Cum
1177 2751 1326 2810 aPlatouc
1349 2761 1403 2814 tres
1425 2761 1622 2830 perhibeantur

267 2799 371 2855 animae
389 2801 547 2878 facultates,
567 2811 770 2888 IntellectuaIIs,
789 2820 940 2892 irascibilis,
960 2826 1194 2900 concupiscibilis,
1213 2832 1293 2902 vulgo
1312 2852 1375 2892 vero
1394 2839 1620 2912 philosophorum

265 2891 319 2931 non
337 2887 406 2946 tres,
432 2884 480 2939 sed
501 2898 617 2956 quatuor
634 2894 806 2953 celebrentur
824 2901 937 2958 virtutes
957 2902 1123 2975 cardinales,
1145 2907 1268 2983 justitia,
1293 2915 1453 2988 prudentia,
1476 2919 1618 2993 fortitudo,
1679 2956 1683 2964 ·

265 2961 457 3025 temperantia:
482 2971 537 3021 tres
559 2969 666 3037 quidem
686 2976 781 3030 harum
800 2975 887 3034 tribus
906 2982 986 3036 animi
1004 2980 1182 3042 factvltatibus
1208 2990 1356 3064 applicarit
1377 2995 1406 3051 in
1424 3000 1619 3073 superioribus,

265 3041 471 3106 temperantiam
502 3050 719 3123 concupiscibili,
750 3057 870 3113 sectione
892 3059 1008 3130 trifaria,
1035 3061 1221 3122 fortitudinem
1246 3071 1387 3146 irascibili,
1417 3081 1619 3138 enumeratione

266 3119 416 3185 specierum
434 3124 568 3194 quinaria,
588 3131 757 3198 prudentiam
771 3133 956 3210 intellectuali
975 3141 1159 3200 subdivisione
1173 3151 1338 3224 septenaria3
1358 3169 1418 3209 cum
1431 3156 1513 3224 igitur
1525 3173 1619 3230 super.

264 3194 300 3248 sit
315 3196 435 3265 justitia,
461 3201 535 3257 iilam
556 3205 612 3274 jam
635 3219 773 3280 comparat
793 3217 942 3272 *concentui
964 3221 1082 3276 omnium
1105 3222 1188 3278 trium
1210 3231 1419 3296 praemissarum
1442 3233 1617 3306 applicatque

264 3276 316 3329 toti
335 3279 454 3352 animae;
478 3287 541 3354 quia
559 3295 590 3342 ut
608 3297 650 3346 est
666 3291 693 3346 in
713 3291 816 3349 Graeco
835 3297 1081 3370 apophthegmate,
1104 3301 1132 3356 lv
1150 3307 1178 3358 bs
1205 3310 1351 3380 barciacum
1371 3318 1524 3382 conspecu
1547 3331 1618 3370 traca

265 3351 345 3426 ἁρετη
362 3358 429 3428 ἐστι,
449 3361 556 3431 justitia
576 3367 659 3426 virtus
678 3371 763 3426 omnis
782 3377 923 3446 complexa
948 3385 1064 3438 tenetur.
1101 3379 1161 3450 Qua
1183 3400 1214 3439 re
1237 3385 1266 3441 in
1287 3391 1445 3457 parenthesi
1466 3393 1521 3450 iata
1540 3395 1618 3461 (haec

241 3447 329 3488 =vero
349 3447 391 3491 est
405 3439 520 3511 justitia)
538 3461 592 3501 non
616 3449 803 3508 consideratur
828 3463 894 3510 tunc
917 3457 989 3512 uude
1013 3466 1043 3514 at
1069 3459 1199 3517 virtutum
1219 3465 1361 3538 princeps,
1388 3468 1437 3522 sed
1462 3477 1493 3524 at
1516 3471 1618 3526 chorus

266 3511 393 3569 virtutum
417 3533 465 3574 seu
489 3522 694 3593 dispositionum
720 3531 801 3586 animi
826 3534 981 3606 universam
1013 3554 1067 3594 neu
1090 3539 1162 3597 enim
1183 3544 1341 3611 agnoscitur
1369 3547 1511 3604 exornatio
1533 3549 1617 3606 animi

266 3595 401 3668 perfecta,
420 3598 466 3654 ubi
485 3601 526 3656 vel
544 3618 598 3659 una
617 3608 746 3666 virtutum
764 3609 849 3667 deest.

834 3855 976 3927 CAPUT
1003 3855 1055 3930 Vl.

267 3987 483 4059 Comparatio
516 4008 677 4065 generum
709 3997 925 4056 harmonicae
962 4003 1298 4072 contemperationis
1328 4023 1400 4064 cam
1430 4005 1614 4079 generibus

735 4087 922 4157 primarum
939 4091 1110 4176 virtutum.
1127 4089 1147 4146 1)

352 4240 425 4302 Cum
454 4252 551 4305 autern
577 4247 741 4308 secundam
770 4257 923 4328 utrumque
955 4255 1095 4315 virtutum
1127 4255 1316 4334 principium,
1350 4255 1610 4337 contemplativum

265 4345 304 4386 sc.
335 4336 364 4388 et
386 4335 582 4408 operativum,
613 4338 668 4402 tria
701 4339 760 4396 sint
791 4333 960 4423 genesen),
992 4343 1021 4398 in
1045 4343 1273 4420 contemplativo
1297 4345 1417 4421 quidem
1448 4348 1611 4426 physicum,

264 4419 510 4495 mathematicum,
535 4421 744 4499 theologicum,
769 4429 800 4483 in
816 4431 967 4506 operativa
991 4425 1118 4509 verum)
1139 4431 1279 4505 ethicam,
1303 4437 1530 4509 oeconomicum,
1552 4453 1611 4540 po·
1681 4472 1684 4486 ·

265 4503 392 4581 liticum,
422 4523 546 4583 quorum
569 4511 627 4568 iata
648 4509 839 4573 facultatibus
870 4515 1104 4591 uendiderunt,
1135 4533 1303 4578 communes
1331 4523 1407 4580 euim
1430 4530 1499 4581 sunt
1524 4530 1611 4584 tanum

265 4591 366 4652 horum
393 4611 532 4671 genernm
560 4599 696 4673 virtutes,
731 4607 761 4658 at
788 4603 862 4661 iuter
883 4619 915 4661 se
945 4613 1046 4662 mutuo
1068 4619 1179 4681 nexae;
1210 4605 1345 4666 differant
1368 4625 1437 4668 vero
1469 4609 1610 4688 amplitu-

265 4678 393 4760 ticeli),
417 4689 596 4760 praestructa
619 4693 649 4745 et
671 4695 828 4763 apparatus
853 4705 961 4767 pompa
983 4693 1127 4768 ascititia,
1158 4709 1224 4752 cum
1246 4693 1368 4770 singtilis
1397 4695 1500 4756 horum
1523 4700 1612 4758 mium

201 4811 203 4814 .
264 4769 399 4846 actaque
429 4787 567 4846 generum
595 4775 651 4833 tria
673 4773 856 4838 hanmonices
878 4793 1006 4856 genera,
1036 4778 1095 4840 illis
1123 4781 1306 4864 aequivoca,
1336 4784 1408 4844 satis
1431 4793 1499 4864 apte
1528 4801 1610 4847 com·

1386 4887 1453 4949 28⁹*
