3564 5540
571 341 752 402 Harmouiois.
787 343 870 402 biber
883 345 931 402 ΠΙ.
946 347 1040 416 ,caput
1051 347 1098 403 IV.
1377 393 1379 402 ·
1451 355 1512 422 155

247 525 482 588 Consentaneum
505 531 593 608 igitur
616 535 661 594 ast
683 545 772 604 supra
794 526 895 600 dictis,
924 529 1094 604 pracsertim
1125 528 1266 588 axiomati
1290 532 1327 604 i,
1356 538 1389 590 ut
1410 530 1515 592 borum

158 615 395 686 intervallorum,
426 617 463 676 sd
486 617 620 678 concinui
644 623 777 674 naturam
800 617 1024 691 pertinentium,
1053 613 1207 692 quodlibet
1228 620 1359 678 retineat
1380 629 1514 682 naturam

158 700 274 760 illorum
299 719 501 778 consonornm,
526 725 544 764 a
567 704 674 781 quibus
698 704 891 762 constituitur.
938 703 1011 764 Cum
1034 705 1121 779 igitur
1144 721 1180 762 ex
1196 707 1331 764 consonis
1354 705 1445 782 duplo
1467 709 1514 766 in-

156 789 282 850 tervallo
307 792 467 850 minoribus
496 793 705 870 perfectissima
732 793 791 850 sint
813 792 870 848 ista
896 785 934 868 il,
958 799 987 850 ct
1011 786 1050 870 ε’14
1082 799 1200 866 propter
1223 792 1379 865 figurarum
1403 795 1513 855 nobili-

157 885 257 951 tatem,
280 881 430 954 aquibus
453 884 593 957 originem
618 878 744 950 ducunt,
777 880 865 938 etism
889 878 1007 938 soboles
1030 896 1129 938 earum
1153 883 1314 939 communis
1344 884 1419 942 inter
1441 899 1514 942 con-

156 967 251 1030 cinna,
275 982 316 1026 sc.
340 961 396 1046 Β19,
420 972 523 1027 ceteris
546 970 601 1026 erit
622 963 822 1043 praeferenda
869 964 935 1024 Hoc
957 967 1046 1041 igitur
1069 966 1254 1026 intervallum
1278 971 1423 1028 communi
1448 987 1513 1030 cum

158 1053 307 1124 ueteribus
335 1055 453 1114 nomine
484 1063 605 1115 totum
633 1053 781 1124 dicamus,
820 1060 849 1112 et
878 1061 997 1130 propter
1030 1053 1106 1112 banc
1145 1053 1381 1129 praecellentiam
1414 1067 1514 1118 tonrrm

155 1140 331 1214 perfectum,
356 1153 475 1219 propter
498 1159 567 1202 vcro
590 1140 822 1216 magnitudinem
844 1143 1041 1216 proportionis
1064 1152 1194 1200 tonum
1217 1143 1404 1218 majoram.
1504 1210 1508 1220 ,

247 1226 384 1288 Vicissim
413 1232 438 1288 si
469 1246 623 1308 compares
652 1228 811 1304 perfectum
839 1225 880 1308 21Β
913 1228 1010 1304 majus
1042 1245 1108 1288 cum
1136 1228 1241 1305 maiori
1272 1231 1441 1307 imperfecto
1475 1231 1514 1314 ll,

154 1316 300 1390 superius,
314 1315 373 1384 ¹vel
395 1319 421 1376 si
443 1319 637 1394 perfectorum
660 1318 755 1374 minus
781 1307 826 1394 il,
845 1331 911 1373 cum
934 1315 1168 1392 imperfectorum
1193 1318 1299 1378 minori
1321 1313 1364 1401 ὅ1ο
1387 1321 1514 1392 inferius,

155 1411 294 1462 nascetur
317 1421 353 1464 ex
375 1403 432 1464 boo
455 1406 601 1466 connubio
625 1400 811 1464 intervallum
843 1405 1015 1462 concinnum
1046 1404 1243 1480 imperfectius
1267 1398 1338 1488 ⁹s„„
1368 1407 1447 1487 quod
1471 1415 1517 1468 est

154 1491 252 1548 minus
276 1508 364 1566 quam
386 1485 447 1574 ⁸s9‚
476 1492 556 1570 quod
586 1490 772 1552 intervallum
804 1507 870 1549 curm
900 1493 930 1548 in
962 1494 1053 1552 veteri
1083 1493 1196 1552 musica
1222 1501 1289 1552 ante
1312 1491 1513 1555 Ptolemaeum

154 1575 214 1634 fero
243 1587 406 1638 nonesset
428 1580 682 1651 animadversum,
713 1579 822 1654 quippe
846 1577 966 1638 theorici
996 1579 1093 1640 omnis
1115 1596 1167 1656 per
1196 1588 1282 1639 tonos
1306 1578 1410 1656 plenos
1434 1583 1515 1659 prius

155 1661 294 1724 delinitos
318 1657 576 1742 demonstrabant,
600 1669 626 1728 ei
650 1683 703 1725 nos
726 1668 809 1724 toni
833 1667 991 1726 minoris
1014 1666 1063 1728 rel
1085 1670 1170 1744 parvi
1184 1684 1289 1727 nomen
1315 1667 1458 1744 dabimus,
1482 1681 1516 1730 ut

153 1752 192 1810 eit
224 1751 300 1812 baec
328 1755 664 1830 imperfectionis-nota.
711 1751 768 1814 Ubi
799 1769 858 1814 nuo
887 1753 977 1814 verbo
1006 1757 1133 1816 monitus
1155 1756 1194 1814 sit
1222 1755 1328 1828 lector,
1358 1757 1515 1818 nonnullos

131 1838 204 1896 ·alii
229 1837 348 1900 cuidam
372 1843 527 1905 intervallo
558 1842 589 1903 id
611 1842 737 1902 nominis
767 1838 898 1914 dedisse,
927 1858 981 1914 ne,
1011 1843 1036 1902 si
1059 1842 1133 1902 forte
1162 1845 1191 1901 in
1215 1841 1331 1904 illomm
1359 1844 1514 1906 lectionem

157 1925 312 2003 inciderit,
336 1931 491 1991 oscitantia
514 1931 707 2007 perturbetur.
740 2001 742 2006 Ι

243 2013 296 2073 Sin
320 2025 417 2078 sutem
441 2019 601 2094 perfectum
624 2016 721 2092 majos
745 2010 784 2094 ²l,
808 2031 874 2074 cum
896 2015 1065 2093 imperfecto
1093 2018 1196 2076 minori
1219 2013 1262 2100 ll,
1285 2020 1436 2096 superius,
1466 2019 1515 2082 vsl

154 2103 178 2158 si
203 2103 367 2178 perfectum
389 2107 484 2166 minus
509 2104 545 2187 314
576 2123 642 2165 cum
665 2103 833 2179 imperfecto
856 2101 960 2177 majori
984 2099 1022 2184 ⁴l3
1050 2103 1170 2164 inferius
1193 2107 1362 2180 maculasti,
1394 2110 1516 2168 eonein·

155 2207 227 2250 num
251 2207 287 2250 ax
311 2195 528 2270 comparatione
553 2202 647 2252 ortum
669 2208 711 2252 sc.
739 2183 807 2272 151,σ
831 2208 945 2250 rursum
977 2189 1066 2250 trabit
1096 2191 1208 2268 aliquid
1230 2193 1457 2271 imperfectionis
1480 2212 1515 2256 ex

155 2280 270 2353 origine
300 2277 356 2340 bec
385 2297 455 2354 sua,
489 2281 659 2358 diceturque
689 2279 957 2350 semitonium,
993 2277 1140 2338 vocabulo
1171 2280 1289 2352 eodem,
1325 2281 1404 2357 quod
1425 2281 1517 2344 babet

153 2367 254 2441 ipsum
277 2365 334 2426 boc
356 2367 544 2428 intervallum
565 2357 597 2426 'in
621 2368 731 2426 usitata
754 2363 895 2424 bodierna
917 2367 1043 2438 musica,
1073 2368 1143 2441 quia
1164 2367 1254 2444 paulo
1277 2369 1373 2445 majus
1398 2375 1445 2430 est
1467 2387 1516 2430 se-

154 2454 247 2512 misse
268 2455 328 2512 toni
351 2456 480 2530 majoris.
525 2457 592 2515 Hoc
621 2454 713 2530 aliqui
743 2462 843 2512 tonum
867 2454 1008 2513 minorem
1037 2452 1223 2530 dictitarunt,
1254 2457 1402 2534 aquibus
1424 2457 1516 2518 lactor

154 2541 208 2598 sibi
236 2547 356 2616 caveat,
379 2559 415 2602 ne
437 2545 628 2619 perturbetur.

244 2626 328 2688 Haec
351 2630 440 2705 igitur
462 2634 517 2690 tria
541 2638 645 2700 orlaa
668 2625 817 2705 perfectis,
847 2627 1024 2704 conparatis
1056 2629 1102 2686 vel
1132 2630 1208 2688 lntcr
1230 2648 1262 2690 ss
1291 2629 1339 2691 rel
1368 2647 1435 2690 cum
1458 2633 1515 2690 lm·

155 2714 310 2791 perfectis,
334 2714 392 2776 hoc
414 2718 663 2794 obtinuerint,ut
686 2717 827 2774 concinna
849 2731 901 2790 per
923 2732 955 2774 se
978 2721 1007 2774 ct
1029 2731 1144 2793 semper
1165 2725 1272 2778 essent

245 2801 354 2862 Contra
382 2806 407 2864 si
437 2794 613 2882 comparasti
645 2805 721 2862 inter
748 2819 779 2860 se
808 2801 991 2878 imperfecta,
1024 2819 1058 2876 ens
1086 2812 1255 2882 pentagono
1275 2805 1334 2867 ,rel
1362 2805 1515 2884 decagono

155 2895 230 2959 orta,
256 2889 302 2950 vel
327 2895 459 2968 superius
486 2891 525 2972 ill„
548 2911 613 2953 cnm
636 2887 693 2972 ll„
719 2887 766 2948 vel
789 2887 908 2948 inferius
931 2883 972 2970 ⁴j⁵
997 2907 1062 2948 cum
1086 2888 1139 2973 ll„
1169 2894 1356 2954 intervallum
1375 2895 1444 2956 binc
1466 2909 1515 2954 or-

154 2984 228 3050 tum,
253 2977 315 3036 scil.
340 2973 412 3058 Ul„
435 2987 535 3039 tantae
559 2987 604 3040 est
627 2975 863 3054 imperfectionis,
887 2983 919 3036 ut
940 2993 1016 3053 pene
1040 2980 1114 3040 inter
1136 2984 1278 3044 concinna
1303 2999 1366 3042 esse
1391 2981 1514 3042 desinat.

154 3063 223 3124 Hoc
247 3065 433 3125 intervallum
458 3066 673 3145 appellabimus
697 3065 834 3133 diesin,
864 3081 936 3122 voce
960 3067 1067 3138 veteri,
1101 3069 1186 3144 quasi
1209 3067 1290 3129 dicas
1312 3071 1513 3130 remissionem

156 3149 296 3214 chordae.
343 3153 404 3212 Nec
426 3154 612 3228 laboro,·ut
642 3155 696 3211 sub
719 3151 775 3209 bac
798 3167 870 3208 voce
894 3149 1017 3210 eandcm
1047 3169 1111 3211 cum
1138 3157 1289 3217 veteribus
1320 3159 1512 3234 quantitatem

154 3238 304 3300 intervalli
334 3257 514 3317 proponam,
543 3241 622 3318 quod
652 3245 757 3300 iterum
786 3241 935 3298 monuisse
963 3237 1097 3300 sufficiat.
1148 3241 1379 3320 Imperfectionis
1407 3261 1512 3306 causac
1603 3309 1612 3322 ,

155 3335 224 3384 sunt
248 3335 321 3386 tres:
351 3328 443 3404 origo,
473 3332 604 3406 parvitas
629 3325 710 3409 (cum
741 3342 798 3383 non
823 3333 932 3402 aequet
953 3333 1066 3403 perlem
1096 3331 1158 3388 toni
1186 3331 1305 3406 perfecti
1329 3328 1460 3414 tertiam)
1485 3341 1515 3391 et

155 3417 226 3489 quia
250 3421 294 3474 est
317 3417 405 3475 etism
429 3419 501 3477 inter
526 3420 612 3475 tertia
635 3421 874 3474 connumeratum
897 3415 1047 3490 superius,
1077 3419 1152 3474 inter
1177 3417 1228 3476 ille
1252 3435 1308 3490 sn,
1341 3436 1417 3496 quac
1440 3435 1512 3480 con-

155 3501 309 3560 cinnandis
332 3506 490 3579 generibus
518 3513 621 3564 cantus
644 3503 823 3574 inserviunt3
852 3503 943 3560 oritur
974 3504 1051 3560 enlm
1080 3506 1170 3563 etiam
1198 3523 1233 3564 ex
1257 3515 1326 3566 tono
1349 3507 1453 3567 minori
1485 3515 1514 3565 et

155 3591 314 3648 semitonio
344 3595 529 3668 comparatis.
562 3593 648 3652 uam
678 3590 735 3648 boc
759 3586 945 3648 intervallum
978 3605 1036 3648 non
1065 3607 1117 3668 per
1138 3610 1187 3666 se,
1220 3609 1274 3653 nec
1303 3611 1418 3672 semper
1441 3609 1513 3658 con·

155 3667 359 3750 oinnnm'cst3
390 3695 447 3737 non
472 3681 549 3740 solet
572 3681 648 3744 enlm
681 3693 740 3735 vox
764 3675 893 3735 bumana
923 3682 1041 3736 cantum
1073 3695 1132 3738 urna
1162 3687 1191 3740 et
1221 3679 1324 3740 eadem
1348 3677 1441 3760 ἁγωγῃ
1462 3698 1514 3758 per

153 3763 212 3822 boc
235 3764 420 3846 intervallum
444 3766 611 3840 traducere,
636 3773 669 3824 ut
690 3780 742 3841 per
766 3761 922 3822 intervalla
945 3770 1058 3838 cetera,
1089 3765 1141 3826 sed
1169 3766 1292 3844 negligit
1321 3775 1351 3828 et
1373 3768 1515 3828 transsilit

154 3850 239 3924 illud,
262 3853 318 3910 nlsi
342 3859 456 3914 tantum
478 3857 508 3913 in
531 3855 695 3914 veriatlone
718 3859 830 3923 motus,
854 3849 1031 3911 condimenti
1062 3869 1166 3928 osnss3
1196 3863 1267 3916 tuno
1288 3855 1321 3914 lit
1350 3855 1514 3918 extraordi-

157 3942 240 3998 nario
261 3941 447 4013 concionum,
471 3942 523 4002 esd
547 3945 606 4014 sic,
630 3947 663 4000 ut
685 3941 770 4016 quasi
793 3955 902 3998 norum
926 3955 1020 4014 genus
1043 3949 1146 4000 cantus
1169 3944 1300 4020 incipiat,
1322 3951 1352 4004 et
1374 3945 1445 4002 artis
1468 3951 1514 4002 est

154 4025 326 4101 laborisque
348 4045 406 4086 non
429 4029 546 4102 modici,
561 4046 643 4097 ¹voce
666 4027 795 4086 bumana
817 4027 880 4085 sine
903 4043 1014 4102 organo
1037 4027 1066 4087 ld
1086 4032 1215 4106 assequi.
1247 4030 1365 4104 ,Iraque
1388 4029 1445 4090 boc
1466 4031 1515 4088 in·

158 4113 315 4173 tcrvallnm
339 4122 450 4175 teritum
475 4117 656 4188 discriminat
677 4131 785 4189 genera
808 4115 1014 4176 cancianorum
1037 4129 1132 4190 eoque
1154 4124 1241 4194 pscto
1264 4119 1301 4176 iis
1323 4119 1452 4177 inservit

244 4200 401 4277 coepimus
424 4204 520 4266 dicere
544 4202 579 4262 de
602 4201 763 4264 intervallis
786 4203 894 4260 tertiis:
917 4205 1042 4280 primum
1065 4205 1141 4264 enim
1164 4222 1200 4264 ex
1216 4207 1261 4275 lie,
1285 4197 1358 4287 ²7„
1381 4221 1433 4265 soa
1450 4204 1513 4266 die·

154 4290 207 4360 sis,
231 4287 308 4347 idem
331 4289 385 4350 fuit
409 4295 497 4351 ctiam
520 4291 724 4350 concinnatum
750 4288 892 4348 ultimum.
938 4289 1107 4367 Sequuntur
1127 4307 1204 4351 nunc
1224 4294 1313 4352 etlam
1335 4290 1513 4368 reliquorum

155 4375 380 4453 appellationes.
425 4379 500 4438 Nam
529 4373 635 4458 mim„
659 4375 737 4452 quod
761 4378 852 4434 oritur
873 4394 909 4435 ex
937 4373 1001 4458 lii„
1024 4387 1053 4438 et
1075 4373 1126 4458 Β19,
1148 4385 1246 4454 potest
1267 4377 1408 4455 appellen
1424 4379 1513 4442 diesis

155 4463 251 4538 major
280 4473 309 4523 et
339 4465 518 4540 irregularis3
547 4464 626 4542 quod
655 4470 688 4522 ut
717 4480 806 4538 supra
835 4463 944 4523 dictum
973 4465 1062 4540 paulo
1093 4462 1251 4524 admodum
1273 4465 1324 4543 (sc
1348 4471 1512 4543 quantitate

156 4545 301 4634 ²⁰²³l2043)
324 4560 369 4612 cst
392 4555 487 4614 minus
510 4551 665 4614 intervallo
694 4553 835 4609 concinno
864 4553 1010 4609 semitonii
1040 4559 1070 4612 et
1099 4553 1150 4612 vix
1174 4553 1219 4613 'sb
1244 4553 1295 4614 illo
1324 4553 1511 4632 dignoscitur.

156 4635 268 4714 Estque
296 4638 352 4700 boc
382 4645 498 4700 nomine
527 4645 600 4702 inter
631 4639 787 4708 concinna,
825 4639 896 4712 quia
924 4637 1040 4698 dieseos
1070 4637 1221 4712 legitimae
1251 4634 1345 4703 vicem
1375 4646 1509 4716 sustinet,

157 4727 326 4800 praesertim
356 4729 384 4786 in
413 4731 574 4790 mutatione
604 4722 716 4790 cantus.
763 4724 816 4784 Est
847 4725 923 4784 enim
954 4727 1070 4798 genesta
1096 4727 1161 4804 ejus
1189 4745 1247 4790 non
1275 4737 1336 4790 tam
1358 4729 1511 4802 natnralis,

158 4829 245 4888 quam
268 4831 323 4874 nso
348 4819 521 4891 neccssaria,
545 4825 578 4878 nt
599 4816 790 4891 undiquaque
812 4814 870 4872 sint
891 4813 921 4870 in
938 4819 1053 4888 promtu
1069 4815 1224 4878 semitonia
1246 4825 1276 4879 et
1290 4817 1395 4890 dimas,
1418 4833 1512 4896 prop·
