3676 5536
300 383 360 444 198
732 375 1015 444 novempoutontnus
1032 373 1209 430 Hnmtnicis.

296 559 360 618 sivo
382 554 497 616 nobiles
519 557 586 630 sint,
609 556 673 616 sira
695 553 848 631 ignobiles,
868 557 935 614 sivo
958 554 1073 629 divites,
1099 556 1161 613 sive
1184 569 1337 632 pauperes.
1383 553 1495 630 Quodsi
1518 571 1585 632 qua·
1598 571 1645 614 res

298 651 351 717 est,
374 661 452 720 qaae
474 660 532 703 non
555 645 664 720 patitur
686 641 860 701 divisionem
884 643 959 700 inter
981 641 1097 714 multos,
1123 659 1188 701 eam
1210 641 1336 718 populns
1361 641 1424 700 vult
1446 644 1550 715 sortiri,
1575 644 1646 718 quia

296 749 360 792 sors
383 748 472 793 mona
493 740 546 806 est,
569 747 627 790 non
650 732 849 790 internoscere
872 729 1000 788 nobilem
1024 731 1063 788 ab
1078 729 1210 805 ignobili,
1234 729 1353 788 divitem
1375 747 1545 806 apaupere,
1569 731 1647 789 bene

296 821 432 880 meritum
454 819 492 878 ab
516 819 669 890 immerito,
691 818 792 876 virtuti
816 813 945 876 deditum
968 835 986 875 a
1009 815 1126 890 vitioso,
1150 818 1332 892 ingeniosum
1355 835 1374 876 a
1397 817 1523 894 stupido.
1569 817 1645 875 ‘ihm

299 906 416 968 demum
438 908 514 966 enirn
537 906 644 982 aliquis
667 922 699 964 se
721 911 807 982 putot
830 907 949 980 aequari
972 907 1092 977 ceteris,
1123 905 1147 962 si
1172 919 1236 962 enm
1260 906 1296 962 iis
1319 906 1436 964 sortitur
1466 918 1553 983 snper
1574 903 1646 963 tali-

297 995 362 1070 bus,
385 996 449 1054 sive
469 993 531 1070 jam
553 994 633 1052 hona
653 994 718 1052 sive
740 991 818 1052 rnela
841 1002 918 1052 sorte
941 991 1126 1068 adipiscatur.
1173 989 1229 1051 Ubi
1252 994 1337 1051 sortis
1354 991 1418 1050 loco
1441 999 1566 1068 possunt
1580 1009 1645 1052 esse

302 1085 388 1143 etiam
412 1081 473 1141 alia
495 1080 662 1156 acquirendi
685 1079 796 1152 media,
819 1087 852 1138 ut
875 1081 898 1138 si
922 1079 1027 1139 electio
1048 1081 1232 1156 permittatur
1254 1082 1292 1150 ei,
1314 1079 1397 1155 cnjus
1420 1079 1494 1138 nihil
1515 1082 1645 1154 interest,

297 1176 349 1230 aut
371 1171 421 1246 qui
442 1185 582 1247 personas
604 1183 662 1228 non
685 1167 827 1250 respicere
851 1165 984 1229 creditur.
1029 1166 1076 1225 Ita
1096 1166 1208 1226 Ronm
1231 1167 1399 1226 consulatus
1421 1177 1484 1226 erat
1514 1185 1645 1227 commn-

298 1257 343 1315 nis
366 1258 495 1318 omnium
518 1258 589 1316 certi
612 1254 720 1314 ordinis
745 1273 868 1331 eumque
890 1255 998 1314 licebat
1020 1259 1119 1331 petere
1147 1254 1312 1330 apopulo,
1341 1263 1372 1314 at
1395 1271 1464 1314 nona
1479 1255 1645 1331 largitioni-

296 1344 368 1418 bus,
399 1361 435 1403 ne
459 1350 691 1421 corrumperetur
710 1341 836 1420 populus
864 1351 893 1401 et
921 1342 1026 1402 divites
1048 1341 1262 1418 praeferrentur
1290 1343 1482 1402 tenuioribus.
1527 1344 1591 1402 litei
1613 1344 1644 1400 in

298 1431 354 1492 hoc
377 1433 562 1492 cesenaten
585 1447 729 1490 consensu
752 1431 905 1506 respicitur
927 1431 1019 1489 virtue
1048 1427 1142 1504 deque
1165 1446 1201 1488 ea
1223 1437 1253 1488 et
1276 1429 1312 1488 de
1335 1431 1409 1490 bene
1432 1431 1542 1490 meritis
1562 1430 1644 1507 judi-

298 1520 375 1582 cium
397 1520 585 1596 permittatur
605 1517 725 1594 populo.
1132 1547 1137 1554 ·

387 1605 412 1664 Ε
435 1607 597 1678 conhario,
620 1608 696 1664 sicut
717 1607 746 1662 iu
770 1606 929 1681 geometria
958 1621 1095 1663 excessus
1116 1620 1298 1663 numerourm
1322 1603 1519 1664 assimilantur
1539 1622 1643 1666 nurne-

298 1695 337 1751 rls
359 1693 440 1771 ipsis,
464 1701 641 1769 utmagnus
663 1709 798 1752 nurneuu
821 1709 957 1767 magnum
981 1690 1089 1751 habeat
1111 1709 1280 1765 excessum,
1303 1709 1413 1768 parvus
1435 1689 1573 1770 parvum,
1602 1695 1644 1756 sic

297 1780 327 1838 in
350 1783 522 1858 optimatum
545 1777 604 1858 r'ep.
628 1779 844 1856 distinguuntur
872 1796 1029 1856 personae,
1062 1778 1278 1856 distinguuntur
1309 1786 1338 1839 et
1366 1795 1470 1854 onera,
1504 1783 1642 1858 praemia,

300 1869 497 1946 magistratus,
521 1870 635 1940 munia,
659 1875 689 1926 et
710 1869 961 1944 praestantissima
983 1874 1168 1926 reservantur
1190 1867 1396 1942 optimatibus,
1419 1865 1532 1944 reliqua
1555 1869 1644 1930 relin-

298 1964 426 2032 quuntur
453 1955 573 2032 populo.
619 1952 677 2014 Ubi
706 1971 826 2014 necesse
857 1963 916 2026 cst,
949 1957 1069 2012 seorsim
1098 1956 1170 2024 inter
1198 1954 1329 2030 singulas
1358 1955 1500 2015 lectiones
1530 1955 1643 2016 admitti

300 2043 387 2103 etiam
411 2041 623 2103 arithmeticam
646 2033 880 2119 proportionem
911 2040 946 2099 de
970 2043 1005 2100 iis
1021 2036 1121 2115 enim,
1151 2060 1226 2118 quae
1250 2049 1317 2101 strnt
1339 2041 1458 2119 populi,
1490 2047 1644 2104 sortientur

298 2146 407 2200 omnes,
432 2131 482 2208 qui
505 2131 623 2190 suntin
645 2129 773 2208 populo,
805 2127 841 2189 de
863 2129 913 2202 iis,
938 2145 1013 2205 quae
1037 2132 1222 2204 optimatum,
1248 2147 1346 2188 omnes
1371 2132 1536 2207 optimates.
1580 2131 1643 2190 Nisi

299 2219 375 2278 enim
397 2215 454 2277 hoe
476 2217 536 2292 liat,
566 2219 698 2294 perpetui
723 2224 806 2277 erunt
834 2217 921 2276 etiarn
945 2217 974 2274 in
997 2217 1107 2299 populo
1137 2217 1244 2293 grados
1275 2220 1462 2294 optimatum,
1492 2215 1585 2294 usque
1608 2217 1644 2278 ad

297 2307 386 2364 imam
408 2305 510 2382 populi
532 2303 657 2379 faecem,
689 2305 820 2382 perpetui
845 2305 932 2363 etiam
955 2305 1030 2362 inter
1053 2305 1222 2380 optimates,
1251 2321 1345 2381 usque
1374 2305 1411 2363 ad
1440 2306 1511 2384 reip.
1536 2308 1645 2383 prinei-

297 2410 379 2470 pcm3
403 2411 466 2468 qua
484 2394 595 2452 ratione
618 2409 694 2469 resp.
708 2409 776 2462 ¹non
800 2392 869 2464 erit,
893 2391 945 2450 sed
968 2393 1078 2466 regium
1102 2393 1229 2451 civitatis
1253 2410 1353 2468 genus.
1382 2399 1387 2406 “

384 2479 496 2556 Regius
519 2498 588 2541 uero
611 2487 717 2553 status,
742 2479 796 2554 etsi
820 2478 867 2538 vel
890 2479 1015 2537 maxime
1037 2479 1226 2556 proportioni.
1240 2475 1434 2554 geometricae
1461 2481 1645 2556 assimilatur,

298 2586 333 2628 co
355 2565 435 2644 quod
463 2569 561 2627 omnia
585 2567 652 2643 jura
681 2565 844 2646 majestatis
873 2567 933 2642 regi
960 2561 1164 2640 'reservantur,
1197 2561 1357 2643 sicutipse
1391 2569 1439 2628 vel
1462 2567 1554 2627 nohili
1576 2585 1645 2646 pro-

299 2655 396 2732 sapia,
427 2654 474 2714 rel
497 2657 586 2713 armis
613 2653 659 2715 vel
684 2655 841 2713 virtutibus
869 2660 1000 2729 praestat
1027 2656 1130 2714 ceteris
1160 2655 1310 2733 omnibus,
1340 2655 1521 2730 gubernandi
1550 2665 1644 2716 tamen
1714 2689 1722 2696 -

297 2743 372 2801 ratio
396 2741 426 2798 in
448 2741 505 2802 hoe
527 2748 605 2802 statu
628 2742 788 2802 rectissime
810 2748 908 2817 potest
931 2728 1084 2817 temperari
1109 2759 1142 2799 ex
1166 2749 1289 2818 utroque
1316 2744 1509 2818 proportionis
1532 2761 1645 2821 genere.

299 2829 376 2889 Nam
398 2845 474 2888 unus
497 2845 547 2888 rex
570 2829 677 2890 arbiter
700 2831 830 2889 omniunt
852 2823 910 2887 rt'on
934 2845 1023 2888 coeco
1046 2829 1170 2906 impetu,
1205 2837 1236 2888 ut
1259 2847 1337 2899 sors,
1361 2828 1412 2889 sed
1436 2831 1561 2904 virtutis,
1585 2849 1645 2891 me

302 2917 432 2988 sitorum,
457 2915 565 2975 ordinis
588 2917 790 2994 graduumque
812 2917 985 2988 rationibus,
1010 2933 1068 2992 qua
1091 2915 1169 2989 lieet,
1194 2920 1292 2976 omnia
1317 2917 1391 2976 inter
1412 2921 1569 2994 optimates
1591 2939 1644 2997 po·
1711 2969 1716 2975 .

299 2997 469 3081 polumque
483 3000 642 3080 dispensat,
667 3021 766 3064 omnes
787 3001 920 3079 justitiae
944 3003 1148 3063 distributivae
1173 3011 1202 3062 ct
1224 2999 1451 3064 commutativec
1474 3014 1571 3083 partes
1595 3026 1645 3066 ex·

299 3092 446 3167 sequitur,
470 3107 545 3167 quae
569 3094 720 3169 utriusque
742 3093 938 3168 proportionis
961 3090 1128 3168 conjunctio
1151 3089 1265 3150 Bodino
1292 3091 1398 3152 suflicit
1419 3093 1458 3152 ad
1479 3097 1645 3172 proportio·

300 3195 366 3238 nem
390 3177 588 3238 harmonicam
613 3176 861 3254 constituendam
884 3184 916 3237 at
934 3178 1020 3254 juxta
1044 3180 1140 3236 omnia
1157 3180 1279 3239 consilia
1301 3197 1358 3238 non
1374 3187 1433 3239 mm
1455 3181 1492 3238 ad
1516 3181 1646 3258 singulos

299 3264 347 3325 vel
376 3263 491 3325 ordines
519 3265 566 3326 vel
596 3267 741 3340 homines,
773 3283 861 3341 quam
892 3264 929 3323 nd
960 3273 1052 3324 totum
1075 3267 1203 3324 civitatis
1246 3283 1350 3344 corpus
1380 3268 1502 3345 ejusque
1524 3261 1646 3329 salut'cm

299 3360 487 3431 mutuamque
511 3353 682 3414 charitatem
705 3361 734 3414 et
756 3349 939 3412 concordiam
962 3353 1056 3428 refert,
1080 3371 1139 3414 non
1161 3369 1245 3414 secus
1268 3371 1304 3415 ac
1326 3357 1351 3414 si
1374 3357 1402 3412 in
1426 3360 1554 3415 numeris
1578 3374 1646 3434 pro·

298 3440 448 3518 portiones
471 3439 509 3499 ab
533 3441 713 3518 aequalitate
736 3448 765 3500 ot
787 3458 806 3499 a
828 3439 1017 3500 similitudine
1044 3439 1174 3498 nonnihil
1199 3440 1345 3521 deflexae,
1374 3444 1417 3502 sic
1439 3451 1471 3502 ut
1503 3443 1571 3504 illae
1595 3443 1645 3504 de·

299 3535 460 3603 struantur,
491 3529 515 3586 si
547 3535 592 3588 eat
622 3545 718 3606 opus,
742 3525 779 3586 ad
810 3544 992 3587 communem
1022 3529 1149 3586 omnium
1181 3529 1361 3590 harmoniam
1393 3529 1565 3604 tolerantur:
1590 3550 1645 3610 quo

299 3613 386 3676 modo
410 3617 483 3675 meis
506 3613 711 3696 medietatibus
733 3614 909 3675 harmonicis
932 3621 1036 3674 utetur.
1505 3661 1506 3668 ,

386 3701 427 3764 ΙΙ.
450 3702 494 3762 Ex
518 3701 586 3781 Gyri
608 3702 715 3780 paedia
737 3701 899 3780 exemplum
922 3705 1058 3780 proponit
1080 3701 1226 3777 Rudinus,
1255 3720 1313 3780 quo
1337 3706 1435 3764 omnia
1464 3706 1520 3763 tria
1541 3723 1647 3782 genera

301 3791 497 3867 proportionis
527 3790 664 3867 explicari
693 3797 824 3869 possunt
870 3789 963 3868 Cyrus
994 3807 1080 3867 puer,
1114 3808 1180 3849 eum
1210 3791 1358 3851 hominem
1386 3808 1536 3870 procerum
1567 3803 1646 3854 curta

301 3878 400 3937 tunica
430 3877 564 3936 indutum
587 3879 772 3955 conspicatus
802 3887 892 3950 esset,
923 3876 1065 3954 pumilum
1084 3877 1170 3954 jtrxta
1195 3881 1294 3938 tunica
1316 3879 1399 3954 laxa,
1430 3883 1543 3939 censuit
1566 3899 1646 3942 eom·

300 3962 455 4024 mutandas
477 3963 536 4024 illis
559 3981 623 4026 csse
647 3967 771 4040 tunicas,
794 3973 826 4023 ut
849 3968 954 4042 cuique
978 3965 1055 4042 quod
1080 3964 1264 4025 commodum
1287 3975 1364 4026 essct
1388 3967 1553 4043 obveniret3
1584 3983 1646 4030 rna·

300 4053 391 4130 gieter
413 4053 518 4128 cuique
542 4069 626 4112 suum
649 4050 870 4130 relinquendum
893 4051 999 4127 edixit3
1026 4052 1131 4132 quodsi
1153 4070 1273 4130 procero
1296 4055 1401 4114 luisset
1423 4055 1594 4130 injunctum,
1618 4064 1647 4115 ut

299 4139 410 4218 pumilo
433 4137 543 4216 aliquid
560 4141 707 4218 pecuttiee
729 4140 858 4201 solveret
881 4149 910 4200 et
932 4143 974 4200 sic
997 4137 1112 4222 demum
1134 4144 1309 4218 permutatio
1326 4141 1422 4220 lieret,
1447 4145 1557 4218 optime
1574 4161 1644 4204 oon-

303 4225 418 4286 ciliatus
446 4227 547 4287 luisset
574 4231 713 4304 magister
743 4227 894 4305 discipulo.
940 4227 996 4287 Hic
1024 4227 1115 4308 Cyrus
1145 4231 1350 4305 geometricam
1380 4231 1452 4289 ursit
1480 4237 1645 4308 proportio-

302 4330 378 4387 nem,
402 4314 557 4374 admensus
580 4317 748 4394 corporibus
771 4323 877 4390 vestes,
901 4317 1040 4392 magister
1061 4315 1280 4390 arithmeticam,
1308 4319 1508 4394 possessiones
1532 4323 1646 4396 utrique

304 4417 374 4459 suos
396 4401 504 4478 tuitus3
527 4409 559 4462 at
580 4405 681 4464 tertius
703 4402 754 4463 ille
776 4405 949 4480 respexisset
973 4410 1125 4480 utrumque
1149 4405 1244 4477 simul,
1267 4413 1327 4463 tam
1343 4422 1495 4483 corporum
1511 4405 1646 4486 indigen-

304 4487 392 4560 tiam,
423 4506 511 4565 quam
534 4493 634 4569 copias
658 4493 762 4568 cuique
795 4508 863 4550 suas
886 4489 1000 4565 salvas,
1031 4492 1130 4567 itaque
1152 4491 1348 4552 harmonicam
1378 4493 1406 4552 in
1429 4509 1515 4553 sensu
1540 4494 1646 4555 Bodini

304 4575 474 4636 asseruisset
487 4581 711 4655 proportionem,
736 4579 843 4656 quippe
867 4595 901 4636 ex
918 4587 1039 4655 unaque
1061 4581 1186 4656 priorum
1203 4581 1338 4660 mixtam3
1361 4579 1560 4640 harmonicam
1577 4601 1645 4643 vero

305 4663 393 4722 etiam
415 4663 445 4721 in
467 4681 554 4723 sensu
576 4684 650 4740 meo,
674 4668 824 4742 quianon
848 4664 1008 4738 dubitaret,
1032 4665 1116 4726 alteri
1138 4666 1218 4743 quod
1241 4677 1317 4727 esset
1339 4670 1427 4744 pauni
1457 4669 1644 4746 superfluum,

305 4748 388 4809 alteri
411 4751 563 4828 pecuniam
586 4756 706 4831 eripere,
730 4760 763 4813 ut
786 4755 899 4830 utrique
914 4751 1122 4827 consuleretur,
1148 4757 1218 4831 quia
1232 4771 1383 4815 commune
1399 4758 1549 4833 utrimque
1565 4775 1645 4818 com-

306 4834 424 4910 tnodnm
453 4847 633 4930 eomparatur
662 4842 802 4932 suavitati
830 4849 997 4912 concentus.
1044 4839 1181 4905 Accidere
1208 4849 1305 4907 autem
1329 4841 1406 4918 dixi,
1437 4851 1470 4910 ut
1501 4845 1645 4915 interdurn
