3698 5534
306 325 369 386 820
688 321 731 376 De
748 319 868 377 Motibus
885 319 1059 376 Plancianum
1077 317 1256 377 Marmaricis.

316 537 320 554 Ι
367 568 428 618 llam
447 570 469 617 si
487 565 670 618 semidiametcr
686 567 754 616 orbis
772 570 863 628 ligurus
882 569 1070 634 circumscripti,

340 679 459 737 (11111311
476 672 637 722 communiter
771 673 841 722 ’1433
860 674 946 722 semid.
964 675 1080 736 inscripti
1237 651 1299 701 ⁰¹¹⁰]
1318 654 1352 702 ⁸st
1369 653 1528 736 {nullium
1546 666 1577 700 ⁰¹

439 775 550 844 100000,
705 777 749 824 nrt
860 789 892 824 ex
969 791 1015 839 pro
1055 778 1098 824 ilet
1337 723 1480 774 'monus'

277 896 282 906 '
339 914 371 967 43
388 915 458 970 3333
500 952 681 972 .....
717 911 786 968 3334
857 895 880 979 ii
924 911 1115 968 4344333434
1227 911 1347 968 usuum
1454 894 1489 980 it
1549 915 1617 974 3443

339 1015 371 1070 43
389 1016 552 1072 terreus.
589 1055 595 1066 .
718 1017 787 1074 4343
855 997 1010 1084 1433333
1048 1015 1114 1072 4343
1226 1017 1363 1087 aprunum
1455 1009 1480 1070 3
1548 1022 1614 1078 4434

339 1119 371 1174 43
390 1119 595 1174 3343333433.
632 1159 639 1173 .
674 1159 681 1173 .
719 1121 785 1177 4334
857 1109 882 1170 <i
925 1121 1010 1178 43433
1048 1123 1115 1178 4444
1228 1120 1365 1191 spectrum
1452 1109 1478 1192 ὅ
1549 1095 1664 1184 44431

339 1223 552 1282 13144313134.
589 1266 596 1280 .
634 1266 640 1281 .
676 1263 683 1276 .
736 1226 786 1283 983
855 1207 881 1290 ὃ
925 1225 1010 1282 ictui
1063 1225 1112 1282 781
1228 1225 1365 1296 apbelium
1565 1233 1617 1290 ’426

337 1329 369 1382 13
388 1328 484 1384 echino
503 1368 681 1385 .....
718 1331 785 1388 1381
857 1321 882 1382 d
923 1331 1009 1387 52573
1063 1331 1115 1386 728
1228 1331 1365 1400 aphelium
1566 1337 1617 1394 '126

337 1434 370 1489 43
388 1433 518 1490 33433333
545 1473 551 1486 .
575 1473 595 1493 ..
632 1412 639 1489 2
676 1476 683 1491 .
736 1435 787 1492 443
855 1415 881 1500 Ω
926 1435 1012 1492 34433
1064 1436 1115 1491 443
1228 1435 1344 1491 neuun
1564 1443 1615 1498 333

338 1539 369 1592 43
386 1537 520 1608 queunte
538 1538 683 1594 33433444.
736 1541 788 1596 443
856 1525 882 1609 ii
927 1542 1034 1597 44444.
1065 1541 1115 1597 343
1229 1539 1366 1611 34433333
1566 1540 1617 1596 443

640 1643 683 1700 334
735 1646 786 1701 443
855 1627 881 1714 ii
925 1647 1010 1703 43444
1065 1645 1116 1701 333
1228 1645 1389 1714 pannonum
1452 1628 1479 1714 11
1567 1643 1619 1700 343

391 1893 485 1954 Paulo
509 1909 549 1957 sc.
571 1893 646 1954 14133
678 1895 807 1957 34311334
828 1892 917 1954 Joris
951 1893 1131 1955 descendunt
1152 1895 1242 1972 plena
1272 1894 1392 1968 cubicaq
1424 1911 1483 1953 non
1505 1891 1591 1970 plane
1613 1891 1652 1950 31

304 1983 399 2057 143343
421 1980 550 2041 medinm
572 1981 707 2041 Mercurii
735 1983 825 2060 plana
847 1981 1027 2056 octabdrica3
1056 1983 1145 2060 paulo
1174 1982 1413 2040 131433444443444
1435 1981 1539 2040 Martis
1562 1985 1651 2038 tetra-

306 2069 422 2143 iidricu3
452 2085 510 2127 non
540 2068 628 2145 plane
656 2069 694 2128 ad
717 2072 812 2148 ipsum
835 2085 979 2129 summum
1001 2068 1123 2129 Veneris
1149 2069 1242 2130 latera
1271 2068 1380 2143 echini;
1410 2068 1498 2146 longe
1521 2084 1590 2126 4344
1612 2067 1651 2126 31
1735 2075 1738 2078 “

306 2156 425 2234 3413114
448 2155 575 2215 ’13113313
597 2156 734 2216 13131331
747 2157 835 2234 41343
848 2155 1038 2231 14133311414
1059 2157 1253 2235 14343311344
1274 2157 1377 2216 311343
1399 2153 1653 2235 proportionaliter

305 2245 343 2304 ab
365 2243 484 2322 apbelio
499 2241 623 2303 Veneris
645 2244 734 2321 plana
757 2242 906 2320 icusiedri3
931 2244 1059 2304 43141141
1075 2244 1200 2322 denique
1215 2242 1389 2321 quadratum
1411 2241 1498 2323 plane
1519 2245 1649 2320 ineptum

252 2333 260 2352 '
306 2339 360 2406 331,
381 2348 436 2391 434
457 2331 578 2407 14144134
601 2348 669 2391 nem
691 2332 761 2410 quid
782 2332 888 2410 planae
910 2331 1019 2409 figurae
1043 2333 1116 2392 14134
1138 2329 1271 2392 solidas?
1305 2329 1395 2389 Vides
1417 2332 1515 2408 igitur,
1538 2331 1562 2388 31
1585 2328 1651 2405 pia-

307 2427 440 2479 netarum
463 2418 616 2479 intervalla
638 2418 818 2480 deducantur
840 2437 876 2479 ex
898 2422 1135 2498 proportionibus
1157 2419 1332 2480 harmonicis
1354 2427 1487 2478 motuum
1508 2417 1650 2476 13313333

305 2506 519 2580 demonstratis,
543 2523 661 2566 necesse
676 2525 750 2582 3333,
765 2515 798 2566 31
812 2506 865 2566 1113
879 2512 963 2567 tanta
977 2506 1113 2582 eradant,
1128 2513 1239 2583 quanta
1256 2505 1313 2565 1433
1328 2509 1485 2582 441144134,
1508 2521 1565 2564 344
1582 2521 1650 2563 4334

306 2603 415 2670 quanta
437 2595 614 2670 requirerent
636 2594 717 2670 leges
740 2595 936 2672 inscriptionis
958 2593 1083 2669 liberae,
1107 2611 1188 2673 4444.
1206 2595 1256 2652 45.
1273 2597 1482 2672 praescriptae:
1512 2593 1582 2669 quia
1603 2591 1651 2650 bic

305 2703 408 2756 433443
429 2701 613 2760 4344344443
636 2683 831 2761 inscriptionis
846 2682 990 2759 perfectae
1012 2697 1069 2740 non
1093 2691 1155 2742 erat
1170 2679 1295 2759 amplius
1314 2680 1401 2756 juxta
1423 2679 1505 2740 ilium
1528 2679 1650 2738 alterum

305 2789 411 2842 4444433
432 2762 584 2846 1444434444
605 2765 804 2848 e’rdexorrerop,
827 2778 861 2828 31
884 2767 989 2829 Gelani
1012 2770 1109 2830 verbis
1130 2777 1207 2848 utar,
1230 2785 1265 2828 ex
1286 2766 1376 2844 hujus
1397 2767 1464 2828 libri
1487 2767 1523 2825 V.
1547 2766 1650 2826 144311-

307 2856 399 2932 341414
430 2855 578 2915 desumtis.
622 2855 750 2916 Tantum
780 2855 819 2917 31
852 2855 1089 2918 111431131143334
1120 2857 1327 2934 propositionis
1357 2856 1553 2934 praescriptae
1587 2856 1650 2932 ipso

306 2959 491 3002 numerorum
514 2941 628 3003 calculo
651 2942 906 3004 demonstrandum
928 2945 992 3002 1311.

391 3029 456 3088 Non
480 3027 646 3105 dissimulo,
676 3033 702 3090 si
723 3031 903 3091 harmoniam
926 3031 1137 3107 divergentium
1161 3030 1285 3104 Veneris
1316 3039 1346 3089 ct
1367 3028 1502 3088 Mercurii
1526 3045 1650 3106 augeam

304 3118 422 3195 4444413
444 3119 629 3194 proportione
651 3127 782 3177 43413344
806 3118 928 3177 Veneris
951 3117 1121 3193 eademque,
1145 3111 1190 3175 31Ὶ
1199 3120 1399 3192 consequitur,
1430 3119 1558 3176 minuam
1580 3133 1650 3194 pro-

305 3205 399 3282 priam
422 3203 576 3282 Mercurii,
604 3213 672 3264 tunc
695 3204 809 3281 prodire
831 3205 903 3264 mibi
925 3204 1074 3282 perhanc
1096 3203 1263 3264 methodum
1287 3202 1442 3266 1313343113
1463 3201 1598 3264 Mercurii
1621 3209 1651 3262 et

241 3363 247 3374 ρ
306 3291 384 3351 Sulis
406 3294 471 3365 1313,
495 3293 568 3365 169,
592 3292 666 3370 388,
690 3293 762 3366 tui,
786 3311 861 3369 quae
876 3290 963 3352 vaide
985 3293 1116 3371 43333133
1138 3299 1389 3370 repraesententur
1411 3292 1449 3351 314
1464 3292 1651 3351 astronomia.

258 3391 279 3434 a
308 3379 350 3438 411
371 3380 463 3457 primo
487 3376 708 3438 diminutionem
738 3378 819 3440 illam
847 3396 905 3439 non
939 3396 1057 3457 possum
1086 3378 1240 3438 defendere
1269 3380 1430 3439 rationibus
1460 3378 1651 3454 harmonicis;

305 3483 365 3526 non
388 3468 464 3525 euim
487 3465 643 3544 quadrabit
671 3466 804 3544 aphelius
827 3467 963 3527 Mercurii
987 3466 1118 3526 inillam
1142 3465 1251 3527 scalam
1275 3469 1431 3540 musicam,
1463 3473 1653 3526 3341343134

306 3556 335 3612 in
359 3553 502 3632 planctis,
526 3554 669 3632 oppositis
693 3554 871 3630 inmundo,
902 3554 1064 3632 planetaria
1084 3557 1158 3614 ratio
1183 3555 1375 3633 oppositionis
1398 3555 1527 3612 omnium
1550 3553 1653 3612 condi-

306 3645 428 3702 tionum.
474 3641 588 3701 Deinde
611 3649 707 3702 444143
729 3641 866 3703 Mercurii
887 3642 1001 3702 medius
1024 3641 1143 3702 diurnus
1174 3639 1206 3700 fit
1228 3643 1314 3700 nirnis
1336 3659 1459 3718 magnus
1483 3659 1577 3717 eoque
1599 3658 1652 3720 pe·

290 3728 449 3789 ·riodicum
470 3727 607 3790 Mercurii
632 3737 762 3806 tempus,
796 3730 874 3808 qued
898 3736 943 3790 est
964 3733 1054 3790 141133
1077 3731 1272 3789 331443434133
1294 3730 1501 3803 certissimum,
1531 3729 1652 3788 nimium

306 3817 503 3877 abbreviatur.
535 3816 639 3893 Itaque
661 3834 766 3878 maneo
788 3819 817 3876 in
841 3817 945 3896 politia
966 3816 1134 3876 harmonica
1155 3825 1286 3879 motuum
1308 3815 1356 3875 hic
1378 3822 1519 3895 33344313
1541 3821 1569 3875 31
1592 3823 1652 3875 1414

307 3921 372 3984 cap.
398 3905 427 3964 9.
450 3903 628 3964 continuata.
673 3905 871 3966 Veruntamen
901 3905 957 3964 143
985 3903 1118 3981 exemplo
1141 3921 1212 3977 ros,
1244 3911 1389 3981 quotquot
1417 3905 1446 3962 ln
1476 3902 1564 3978 huius
1584 3901 1651 3962 libri

309 3992 466 4053 lectionem
487 3991 630 4061 incidetis,
652 3991 865 4053 mathematicis
888 3989 1048 4068 disciplinis
1068 4000 1097 4052 et
1111 4008 1241 4052 summae
1262 3990 1466 4068 philosophiae
1488 3991 1653 4068 cognitione

306 4080 428 4153 imbuti,
452 4096 552 4140 omnes
575 4088 719 4155 provoco:
751 4082 828 4158 agite
851 4081 974 4150 strenui,
1003 4078 1052 4139 rel
1074 4095 1162 4138 unam
1184 4096 1220 4138 ex
1242 4077 1401 4140 harmoniis
1422 4080 1533 4155 passim
1556 4076 1653 4155 appli-

307 4171 380 4229 catis
403 4165 573 4240 convellite,
607 4183 672 4227 curn
695 4165 754 4228 ulia
775 4167 876 4244 aliqua
904 4173 1081 4244 permutata,
1116 4175 1145 4225 31
1167 4167 1352 4243 experimini,
1382 4182 1453 4226 num
1482 4174 1541 4225 tam
1564 4181 1653 4243 prope

307 4255 531 4328 astronomiam,
555 4271 619 4330 cap.
643 4255 672 4314 t.
697 4257 921 4332 praescriptam,
944 4256 1090 4315 accessuri
1111 4255 1189 4326 sitis,
1222 4255 1269 4313 vel
1293 4253 1458 4314 contendite
1480 4254 1651 4322 rationibus,

309 4358 378 4402 num
400 4342 504 4407 melias
527 4348 557 4400 et
579 4343 801 4404 convenientius
823 4340 934 4419 aliquid
957 4341 1085 4402 motibus
1109 4340 1285 4400 coelestibus
1307 4347 1452 4417 astruere,
1483 4339 1652 4417 dispositio·

309 4444 376 4488 narn
399 4446 469 4492 4344
492 4447 511 4489 3
532 4447 580 4490 me
602 4429 764 4490 adhibitam
787 4431 816 4488 in
839 4437 920 4509 parte
943 4428 991 4488 rel
1014 4435 1075 4492 1414
1104 4426 1251 4488 13313343
1273 4429 1401 4505 possitis.
1448 4425 1594 4504 Quicquid
1615 4424 1653 4486 ad

308 4514 430 4590 gloriam
452 4519 623 4593 pertinuerit
645 4515 810 4577 conditoris
844 4523 874 4576 31
896 4516 1013 4576 Domini
1047 4519 1154 4591 343141,
1187 4515 1218 4574 11
1244 4531 1339 4592 aeque
1368 4515 1454 4574 robis
1485 4533 1536 4592 per
1557 4531 1653 4574 meum

307 4601 386 4662 bunc
407 4602 513 4663 librum
535 4604 647 4666 1311444
669 4612 743 4681 3314,
766 4621 803 4666 ac
822 4605 886 4681 ipsc
900 4603 1047 4664 licentiam
1070 4604 1141 4663 mibi
1162 4606 1253 4663 sumsi
1276 4601 1314 4663 ad
1336 4601 1413 4663 hanc
1427 4601 1529 4664 boram
1551 4617 1652 4678 usqne,

308 4687 440 4750 mutandi
462 4693 573 4766 passim
594 4692 661 4768 illa,
695 4709 771 4768 quae
793 4692 938 4770 prioribus
961 4689 1064 4754 diebus
1086 4693 1222 4752 oscitanti
1252 4708 1321 4752 cura
1343 4690 1393 4752 rel
1412 4690 1583 4768 properanti
1604 4705 1653 4750 ar-

309 4775 379 4839 dore
399 4784 585 4857 praepostere
607 4787 749 4858 concepta
771 4777 985 4858 deprehendere
1007 4780 1099 4856 potui.
