3676 5536
627 375 805 434 hamerina.
842 363 1146 446 praesuscepta.
1379 431 1383 441 .
1500 381 1559 442 ror

207 550 253 609 sin
276 558 374 610 autern
397 553 498 612 musici
528 546 584 632 ipsi
605 564 718 631 ponunt
741 562 854 616 tantum
876 559 951 616 inter
979 557 1015 630 h,
1047 555 1116 635 iret
1140 559 1215 619 inter
1236 556 1291 634 dp,
1326 575 1350 615 c.
1396 555 1489 634 Igitur
1512 555 1560 616 rel

208 641 284 714 ipsis,
304 641 448 716 organicis
471 643 697 702 assentientibus
728 643 775 703 rel
798 661 817 703 a
840 645 871 703 D
901 645 949 703 rel
972 663 991 704 a
1017 642 1043 704 G
1065 650 1194 724 systema
1225 651 1356 706 nostrum
1386 633 1560 721 consurgere

209 725 310 798 debet,
337 735 368 786 ut
390 731 565 802 exprimatur
588 748 697 790 merum
719 739 849 808 systema
871 732 1013 790 naturale.

297 815 335 872 At
357 832 451 890 neque
474 833 492 874 a
513 815 545 875 D
567 826 695 895 systema
717 811 997 896 naturalc'incipere
1019 824 1125 895 potest.
1171 820 1315 879 Estenim
1338 819 1409 895 ipsis
1432 819 1557 878 inurere
1632 889 1636 900 ι
1708 855 1715 872 ·

207 903 354 976 positnm5
375 905 558 963 semitonium
580 923 688 981 ponere
713 906 843 979 interd,
868 906 921 982 dp,
947 910 977 966 in
1000 921 1065 966 meo
1090 923 1158 966 raro
1180 906 1308 975 naturali
1330 912 1489 984 systemate
1513 913 1559 967 est

210 990 269 1047 inro
292 988 357 1049 loco
380 991 505 1066 lemme,
530 992 609 1068 quod
633 995 728 1052 minus
752 1003 796 1061 est
819 995 983 1054 semitonio.

339 1106 443 1155 systema
457 1111 566 1151 naturate.
651 1157 655 1168 Ι
724 1113 881 1164 'transpositio
895 1113 986 1163 rejecta.
1145 1112 1302 1162 'transpositio
1316 1112 1362 1152 atla
1375 1109 1466 1162 relecta.

335 1790 386 1844 De
404 1791 649 1848 Tetrachordis
667 1800 702 1848 et
719 1809 783 1852 nen
801 1793 1013 1865 syllabarum
1031 1801 1086 1863 art,
1104 1809 1151 1862 rc,
1170 1795 1300 1863 ruhte,
1319 1795 1384 1861 ael,
1402 1795 1444 1850 le.

299 1968 455 2029 Veteribus
480 1976 617 2033 usitatum
640 1981 711 2047 eret,
735 1981 864 2050 systema
887 1983 1010 2035 octavae
1033 1972 1212 2048 distinguere
1235 1929 1264 2030 ils
1287 1968 1346 2028 duo
1369 1967 1563 2040 tehacborda‚

212 2056 302 2132 idque
331 2057 526 2118 diversimode
554 2078 607 2136 pro
636 2060 753 2120 diversa
781 2064 940 2122 intentione
967 2063 1152 2119 musicorum.
1206 2056 1262 2118 Vel
1294 2059 1371 2117 enim
1410 2056 1567 2133 conjuncte

122 2200 125 2216 ,
212 2152 305 2216 erant,
329 2162 517 2222 synemmena
540 2147 633 2222 dicta,
657 2165 715 2206 uuo
738 2165 811 2208 sono
833 2147 1005 2208 intermedio
1029 2154 1154 2218 statuto,
1178 2147 1228 2222 qui
1252 2152 1366 2204 etcum
1389 2145 1564 2220 gravissimo

212 2231 288 2290 inira
310 2240 339 2290 et
361 2249 427 2292 cum
449 2236 619 2294 acutissimo
641 2253 729 2312 supra
752 2235 897 2296 alliciebat
920 2237 1117 2307 diatesseron,
1149 2233 1261 2309 itaque'
1278 2237 1425 2291 extremae
1457 2229 1565 2290 efficie-

213 2319 285 2376 bant
307 2318 492 2380 intervellum
514 2321 672 2396 dissonum,
697 2323 825 2399 dihepta,
851 2330 880 2383 et
902 2341 991 2400 supra
1013 2331 1100 2382 tonus
1118 2337 1193 2380 uuus
1216 2319 1492 2395 subintelligebetur
1514 2333 1566 2378 ac·
1617 2393 1620 2404 Ι

214 2405 332 2481 cedere3
363 2411 477 2484 quoties
499 2413 575 2470 enim
599 2410 670 2470 ordo
693 2401 863 2487 postulabat
890 2412 1007 2488 pulsare
1036 2417 1172 2468 octavam
1196 2427 1232 2481 a,
1262 2406 1422 2484 pulsabant
1443 2407 1567 2488 primam

214 2496 258 2565 Α,
282 2497 367 2569 quasi
390 2513 425 2554 ex
449 2501 583 2574 opposito
607 2498 765 2557 identicum
788 2515 892 2557 sonum
915 2499 1057 2570 edentem,
1082 2493 1254 2574 drsrpuror.
1300 2492 1367 2553 Hoc
1388 2501 1475 2570 pacto
1508 2509 1583 2560 non„

215 2595 283 2638 vere
306 2579 364 2640 duo
387 2585 570 2645 tetrachorda
594 2598 682 2660 erant,
707 2585 759 2645 sed
782 2586 839 2644 duo
864 2575 979 2662 quidem
997 2584 1177 2644 diatessaron
1194 2581 1358 2656 intervalla,
1383 2597 1473 2655 unum
1498 2597 1580 2642 vero¹

214 2667 461 2746 heptachordum
491 2672 537 2732 rel
561 2671 707 2748 disjuncta
729 2680 810 2732 erant
840 2673 1025 2734 tetrachorda
1053 2670 1207 2732 intervallo
1239 2672 1324 2730 unius
1348 2670 1410 2728 toni
1440 2668 1567 2745 majoris,

215 2753 425 2832 diezeugmene
448 2758 541 2832 dicta,
566 2760 644 2836 qnod
668 2777 762 2820 rernm
784 2768 889 2819 natura
913 2762 1018 2821 suadet
1040 2763 1129 2820 etiam
1157 2759 1186 2814 in
1210 2764 1309 2816 nostra
1331 2757 1498 2834 systematis
1522 2755 1569 2812 di-

217 2843 338 2915 risione‚
362 2846 393 2903 in
416 2861 476 2923 que
496 2849 616 2907 inferius
639 2847 852 2908 tetrachordum
875 2849 965 2909 habet
991 2845 1026 2922 G,
1040 2850 1083 2919 Ἀ,
1108 2845 1134 2929 1),
1158 2863 1181 2918 c,
1205 2847 1339 2922 superius
1361 2843 1389 2916 d,
1413 2861 1446 2917 c,
1461 2844 1516 2921 sp,
1537 2861 1567 2918 p,

218 2931 266 2988 ubi
296 2931 371 2990 inter
393 2951 408 2992 c
431 2935 503 2994 etd
533 2945 620 2995 tonus
649 2935 742 3010 major
763 2937 891 2996 interest.
937 2937 1083 2995 Fortassis
1106 2938 1170 3013 ipso
1204 2937 1292 2993 etiam
1315 2933 1374 2992 situ
1405 2930 1569 3006 disjunctus

217 3028 298 3075 erant
320 3028 446 3094 quatuor
467 3025 543 3082 imae
567 3021 692 3084 chordae
716 3042 733 3084 a
758 3032 883 3107 quatuor
897 3025 1114 3102 superioribus,
1136 3020 1239 3082 relicto
1261 3037 1301 3080 sc.
1325 3019 1480 3080 interstitio
1503 3035 1579 3077 me-

213 3103 271 3179 jori
294 3108 367 3166 inter
389 3108 474 3168 binas
493 3110 670 3171 limitaneas.

414 3263 566 3306 Tetrachorda
580 3275 730 3312 synemmena.
965 3263 1121 3305 Tetrachorda
1135 3263 1302 3312 dtaseugmana

376 3487 409 3514 F

305 3585 404 3646 Causa
426 3585 496 3658 ipsis
520 3584 668 3660 cogitandi
698 3584 733 3644 de
756 3590 915 3662 systemate
938 3581 1113 3642 tetrachordi
1135 3583 1189 3642 suit
1216 3585 1288 3656 ista,
1305 3581 1398 3658 ·quod
1421 3579 1571 3655 ridebant,

218 3679 247 3732 in
271 3692 330 3733 uua
352 3672 534 3732 diatessaron
558 3675 748 3733 consonantia
771 3691 836 3732 esse
861 3679 946 3730 touos
969 3667 1042 3729 dnus
1065 3671 1162 3750 semis,
1187 3675 1216 3729 et
1231 3687 1284 3729 nos
1305 3667 1448 3729 habemus
1470 3675 1573 3742 tonum

218 3762 367 3838 majorem,
391 3761 531 3818 minorem
555 3768 584 3819 et
601 3763 791 3826 ¹semitonium
815 3761 843 3825 in
867 3757 1048 3817 diatessaron
1071 3757 1210 3834 perlecto,
1233 3759 1263 3816 in
1284 3755 1491 3820 concordantia
1513 3749 1572 3814 s'ei-

221 3851 290 3908 licet
310 3850 415 3907 minori
438 3841 521 3928 [nam
545 3844 584 3928 75
608 3856 637 3908 et
660 3843 702 3930 ⁵s6
726 3847 904 3924 nequidem
934 3863 986 3922 pro
1010 3844 1224 3906 concordantiis
1246 3845 1445 3918 habebantur)
1476 3845 1574 3901 omniu

218 3936 363 3996 elementa
386 3936 545 4009 concinna3
569 3943 598 3995 et
613 3937 799 3995 semitonium
815 3933 933 4011 quidem
950 3932 997 3993 vel
1013 3935 1071 3992 imo
1086 3933 1161 3999 loco,
1186 3933 1235 3993 rel
1251 3931 1356 4006 medio,
1381 3931 1429 3992 rel
1450 3947 1573 3990 summo.

219 4023 322 4086 Omnis
345 4025 434 4100 igitur
456 4031 559 4082 cantus
584 4023 738 4083 videbatur
762 4025 833 4100 ipsis
857 4021 1063 4099 comprehendi
1086 4021 1177 4080 tribus
1195 4020 1442 4081 tetrachordorum
1463 4017 1573 4076 formis.

1152 4323 1573 4338 *auu—*anun—

836 4382 862 4410 ou
944 4381 971 4409 sn.
1027 4369 1083 4409 Tou.
1256 4366 1333 4428 Sara.N
1370 4366 1425 4405 Ton.
1461 4364 1519 4406 Tou.

307 4494 381 4554 Mihi
417 4495 646 4571 rnultipiicantur
674 4497 782 4554 tonnae
816 4492 1063 4556 tetrachordomm
1100 4500 1220 4569 propter
1256 4490 1472 4550 distinctionem
1501 4491 1575 4550 inter
1609 4560 1614 4572 x

220 4593 322 4656 tonos,
354 4585 494 4642 minorem
524 4591 554 4643 et
576 4590 730 4656 majorem3
766 4599 819 4658 pro
850 4583 942 4640 tribus
973 4582 1051 4640 enim
1073 4597 1126 4640 sex
1147 4580 1220 4638 fiunt
1243 4587 1272 4639 et
1294 4581 1325 4636 in
1348 4595 1405 4638 uno
1429 4579 1573 4655 diapason

220 4670 378 4746 pleraeque
407 4673 555 4746 geminse3
584 4674 683 4748 itaque
711 4670 853 4729 hebemus
885 4671 974 4730 etiam
1007 4676 1128 4728 naturus
1157 4666 1305 4743 quoddam
1335 4666 1504 4742 suffragium
1536 4665 1574 4724 ad
1634 4683 1640 4698 ¹

221 4757 428 4832 ffistiuguenda'
459 4758 658 4834 tetrachorda,
689 4776 756 4817 nam
786 4756 920 4832 superius
952 4761 995 4814 est
1028 4755 1156 4815 interiori
1178 4753 1395 4832 quodammodo
1426 4751 1521 4812 simile
1543 4754 1572 4810 in

222 4844 411 4924 dispositione
435 4845 653 4910 intervallorum
676 4847 904 4909 elementarium.

832 4993 839 5022 l
