3676 5536
290 329 353 394 220
699 329 742 385 Iis
760 329 1023 400 configurationibus
1042 329 1221 389 Harmonicis.

289 504 528 566 monstrationibus
547 503 767 562 universaliorum
787 514 814 560 et
831 506 1023 576 simpliciorum
1041 505 1208 577 specierum?
1243 505 1365 562 Dicimus
1391 504 1475 574 emm,
1504 505 1540 560 ad
1555 520 1635 574 auae.

290 585 358 640 sitas
375 583 414 641 rei
433 584 664 654 investigationem
684 585 785 654 ubique
802 585 934 656 principia
951 593 979 642 et
995 585 1196 657 propositiones
1217 601 1277 645 esse
1295 585 1571 647 demonstrationibus
1589 601 1637 642 seu

289 661 506 718 conclusionibus
528 671 666 742 cqgnatas.
705 663 733 719 Si
756 665 837 736 igitur
859 666 1007 738 singularia
1031 665 1241 732 universalibus,
1267 663 1290 720 si
1312 664 1423 742 sensilia
1445 662 1636 718 ratiocinativis

290 748 355 798 sunt
373 757 482 822 causae,
503 744 636 815 quomodo
654 743 713 800 fieri
730 752 834 816 potest,
859 754 889 802 ut
907 744 1143 804 demonstrationis
1161 745 1292 798 terminus
1310 743 1345 798 ad
1361 741 1447 812 magis
1466 741 1636 812 universalia,

291 835 344 875 non
362 821 396 876 ad
415 821 540 890 partialis
557 823 690 877 referatur
707 831 791 891 utque
808 823 1031 882 intellectualium
1049 841 1128 896 quarn
1142 816 1279 879 sensilium
1292 822 1437 876 essentiam
1455 821 1636 891 cognationem

290 898 564 967 demonstrationibus
582 903 746 972 probemus?
784 902 828 960 Sic
853 905 922 960 enim
941 907 1104 974 loquuntur:
1130 921 1184 959 non
1207 901 1231 956 'si
1249 901 1317 972 ulula
1341 901 1520 970 demonstrat,
1546 901 1637 969 aequi-

291 995 399 1034 crurum
423 979 524 1032 babere
546 979 660 1046 angulos
678 979 784 1039 dnobus
801 985 883 1040 rectis
901 985 1042 1054 aequales,
1070 983 1139 1038 idern
1164 983 1374 1052 aequilaterum,
1401 981 1472 1036 idem
1491 979 1637 1046 scalenum,

290 1057 343 1114 boc
360 1059 429 1115 scire
448 1067 490 1114 sat
506 1059 669 1129 legitimum,
693 1061 743 1116 sed
760 1063 784 1117 is
800 1063 940 1118 seientiam
957 1064 1067 1132 proprie
1085 1055 1184 1117 dictans
1201 1059 1326 1129 habebit,
1346 1059 1393 1128 qni
1410 1059 1445 1114 de
1463 1059 1535 1114 osani
1553 1060 1637 1114 trian-

291 1127 354 1196 gulo
374 1129 531 1198 simpliciter
548 1131 601 1184 hou
619 1130 852 1190 demonstraverit.
888 1135 969 1190 item:
991 1132 1153 1188 nummulis
1171 1131 1282 1188 meliors
1300 1145 1361 1186 esse
1378 1130 1414 1186 ad
1432 1129 1639 1187 demonstratio·

290 1223 359 1274 nem,
378 1223 458 1276 quam
476 1209 658 1278 particularia
696 1211 834 1281 Amplius:
855 1212 940 1279 magis
958 1210 1149 1266 universalium
1165 1211 1228 1267 esse
1246 1209 1502 1271 demonstrationes.
1526 1225 1560 1266 ex
1578 1209 1638 1278 qui·

291 1285 342 1340 hns
360 1301 423 1338 sero
447 1293 573 1343 constant
590 1287 848 1358 demonstrationes,
878 1292 924 1347 illa
949 1293 1041 1362 priora
1059 1307 1118 1346 esse
1144 1297 1171 1344 et
1192 1296 1291 1344 natura
1312 1288 1475 1357 praecedere
1493 1287 1641 1356 singularia

289 1373 317 1422 et
334 1381 430 1422 causas
449 1382 509 1421 esse
528 1383 629 1438 eornm,
648 1385 718 1438 qruae
736 1373 893 1440 probantur.
930 1371 1046 1427 Multum
1059 1370 1143 1438 igitur
1160 1373 1260 1426 absunt
1273 1368 1401 1424 scientiae
1419 1369 1587 1440 apodicticae
1604 1367 1638 1422 ab
1706 1401 1708 1409 ,

289 1444 349 1514 hoc,
369 1449 399 1499 ut
417 1445 488 1500 circa
505 1447 657 1516 posteriora
676 1457 737 1504 ortu
756 1458 784 1504 et
802 1450 959 1506 obscuriora
977 1448 1086 1506 sensilia
1102 1447 1304 1518 propositiones
1323 1465 1386 1506 snas
1411 1449 1564 1506 mendicato
1583 1448 1639 1504 col-

290 1524 385 1592 ligant.
421 1523 516 1580 Dicam
535 1525 646 1596 insopor
665 1533 692 1580 et
711 1525 762 1584 hoc
781 1529 904 1584 tertium:
925 1521 989 1584 illos
1007 1528 1122 1582 animam
1147 1528 1267 1584 uiliorem
1286 1530 1376 1586 iacere
1398 1530 1464 1600 ipsis
1488 1529 1640 1600 speciebus.

290 1601 337 1673 qui
355 1603 424 1660 baec
441 1603 543 1660 dicunt.
580 1605 649 1662 Nam
669 1607 691 1660 si
709 1610 822 1664 materia
840 1608 952 1680 suscipit
970 1626 986 1664 a
1004 1615 1101 1664 natura
1118 1609 1178 1674 illa,
1196 1625 1266 1678 quae
1285 1615 1348 1662 suut
1366 1607 1521 1670 essentialia
1538 1614 1566 1662 et
1584 1621 1638 1662 rna·

290 1681 332 1752 gis
351 1683 425 1738 entia
443 1693 470 1740 et
488 1684 662 1756 evidentiora,
680 1687 769 1756 asima
787 1703 849 1743 vero
868 1687 1012 1758 posteriori
1024 1695 1085 1742 actu
1106 1687 1204 1756 accipit
1223 1686 1256 1742 ab
1269 1685 1321 1740 illis
1334 1685 1511 1756 exemplaque
1530 1693 1558 1740 et
1575 1685 1639 1738 ima·

288 1759 364 1828 gines
383 1769 445 1818 ortu
464 1764 608 1834 posteriori
629 1764 707 1834 fingit
730 1765 757 1821 in
777 1783 806 1821 se
824 1769 897 1836 ipss,
925 1769 1071 1836 respiciens
1089 1767 1125 1825 ad
1143 1763 1276 1822 essentias
1302 1761 1409 1821 uiliores
1432 1772 1460 1822 et
1478 1763 1639 1823 abstrahens

288 1855 304 1894 a
322 1842 442 1912 materia,
461 1858 530 1914 qnae
549 1846 697 1901 seeundum
715 1844 801 1915 ipsius
819 1854 944 1901 naturam
963 1853 1026 1901 sunt
1044 1845 1244 1928 inseparabilia,
1265 1861 1355 1902 nonne
1369 1845 1484 1900 animam
1504 1845 1564 1914 ipsa
1582 1860 1639 1898 ma-

288 1921 357 1975 teria
375 1919 556 1978 obscuriorem
575 1923 835 1993 indigentioremque
853 1925 972 1982 iaciunt?
1008 1926 1078 1980 Num
1096 1933 1124 1980 et
1140 1925 1255 1980 materia
1272 1925 1410 1992 locosest
1428 1923 1577 1980 materiatis
1597 1939 1638 1978 ra-

287 1999 419 2072 tionibus,
447 2003 518 2056 sicut
540 2002 629 2064 anima
651 2003 793 2073 speciebus
813 2003 1022 2068 [immateriatist.
1058 2006 1140 2060 Esset
1158 2019 1220 2060 vero
1245 2001 1291 2064 ilia
1309 2003 1386 2057 locus
1411 2001 1559 2072 prioribus.
1585 2001 1638 2056 ista

289 2079 465 2149 secundariis,
484 2090 512 2135 et
529 2081 576 2136 illa
594 2081 721 2137 ducatum
740 2082 924 2143 obtinentibus
942 2085 969 2138 in
988 2082 1109 2149 essendo,
1131 2082 1185 2138 ista
1203 2080 1405 2146 subsistentium
1423 2080 1587 2136 habentibus
1605 2079 1639 2134 ab

288 2155 355 2226 iilis3
380 2157 497 2227 donique
515 2158 564 2215 illa
581 2159 662 2216 factis
680 2161 828 2216 secundum
847 2156 1003 2230 essentiam,
1029 2163 1083 2219 ista
1099 2160 1263 2230 nuncupatis
1286 2159 1434 2215 secundum
1451 2159 1636 2214 intentionem.

290 2233 431 2304 Quomodo
457 2239 540 2308 igitur
565 2241 666 2310 anima,
693 2240 790 2300 mentis
815 2246 843 2295 et
865 2240 1058 2297 intellectualis
1079 2241 1182 2309 primae
1204 2239 1338 2294 essentiae
1359 2239 1496 2309 particeps
1519 2245 1547 2294 et
1570 2253 1639 2307 quae

288 2315 467 2386 coguitionem
486 2317 548 2374 inde
567 2327 779 2376 consummatum
798 2320 888 2388 habet,
907 2321 1041 2392 quomodo
1059 2319 1169 2388 inquam
1187 2317 1268 2374 etiam
1287 2317 1538 2372 obscurissimarum
1556 2317 1639 2372 totius

291 2396 361 2453 vitae
379 2399 530 2467 specierum
548 2400 600 2455 erit
617 2398 834 2469 receptaculum,
856 2397 939 2456 infimi
959 2399 1062 2454 scilicet
1079 2398 1107 2468 in
1125 2395 1206 2452 rebus
1224 2398 1324 2466 gradm
1348 2397 1518 2466 omniumque
1543 2397 1639 2468 irnper-

289 2471 432 2530 lectissimi
449 2475 484 2530 ad
503 2475 666 2540 essendnm?
703 2479 804 2543 Verum
823 2477 894 2532 hano
913 2467 1066 2546 opinionem
1084 2492 1241 2546 oppugnare
1259 2477 1397 2547 pluribus,
1416 2494 1486 2546 quae
1504 2476 1606 2533 dudum
1624 2495 1640 2532 a

196 2604 199 2620 Ι
272 2550 379 2620 vmultis
398 2562 441 2610 est
457 2553 596 2626 flagellata
613 2574 647 2612 ex
665 2558 773 2622 merito,
792 2573 989 2628 supervacuum
1008 2555 1138 2610 existimo.

360 2631 463 2700 Quodsi
480 2653 534 2692 nou
553 2637 674 2692 existunt
690 2637 897 2694 mathematicae
915 2635 1022 2706 species
1040 2651 1088 2704 per
1103 2636 1311 2693 abstractionem
1324 2637 1535 2708 materiatarum,
1554 2633 1640 2710 neque

288 2727 338 2781 per
356 2711 543 2768 collectionem
562 2729 667 2785 eorum,
694 2733 764 2786 qnae
783 2719 875 2772 insunt
892 2714 920 2769 in
939 2713 1121 2794 singularibus
1140 2718 1308 2786 communia,
1334 2733 1423 2786 neque
1450 2718 1559 2773 omnino
1577 2727 1640 2774 sunt

290 2799 350 2849 ortu
367 2793 534 2861 posteriores
552 2803 599 2850 aut
616 2811 650 2850 ex
669 2797 828 2865 sensilibus,
858 2811 970 2850 necesse
988 2794 1082 2864 ntique
1100 2793 1193 2860 inerit,
1221 2802 1251 2849 ut
1269 2796 1359 2851 anima
1377 2794 1419 2851 vel
1437 2810 1453 2850 a
1471 2811 1501 2851 se
1519 2797 1581 2867 ipsa
1599 2799 1640 2853 sel

290 2883 414 2931 amente
431 2879 596 2929 transsumat
614 2873 689 2944 illas,
717 2877 759 2931 sel
779 2875 896 2944 denique
921 2880 949 2930 et
968 2891 984 2928 a
1003 2889 1032 2928 se
1057 2879 1084 2928 et
1104 2889 1120 2928 a
1137 2881 1227 2931 mente
1254 2873 1372 2946 simul.*)
1408 2875 1509 2930 Verum
1527 2875 1551 2930 si
1577 2889 1641 2928 ase

289 2953 357 3024 sols,
376 2954 510 3026 quomodo
530 2961 609 3010 erunt
627 2953 756 3023 imagines
773 2954 996 3010 intellectualium
1016 2953 1179 3023 specierum,
1200 2951 1335 3023 quomodo
1354 2959 1433 3008 erunt
1448 2952 1556 3027 mediae
1572 2953 1641 3006 inter

291 3035 444 3104 partibilem
464 3041 491 3088 et
508 3031 700 3102 impartibilem
719 3041 851 3101 naturam,
870 3051 930 3088 curn
948 3033 1050 3088 nullsrn
1067 3047 1083 3086 o
1099 3031 1192 3103 primis
1215 3027 1473 3088 consummationem
1498 3032 1532 3087 ad
1552 3047 1641 3088 essen·

292 3113 355 3170 dnm
374 3111 542 3170 sortiantur?
560 3111 695 3182 quomodo
715 3111 833 3180 denique
849 3111 937 3182 prima
956 3111 1088 3180 exempla,
1105 3107 1292 3182 paradigmata
1312 3110 1353 3164 sel
1372 3111 1463 3183 ideae,
1490 3129 1560 3182 qnae
1579 3119 1641 3168 sunt

290 3192 317 3246 in
337 3197 436 3260 mente,
459 3197 522 3245 sunt
540 3189 725 3244 universorum
744 3190 899 3260 principes?
935 3189 981 3244 Sin
1000 3205 1063 3244 vero
1082 3205 1098 3243 a
1115 3194 1204 3242 mente
1222 3189 1281 3243 sola
1298 3197 1517 3246 transsumuntur
1540 3192 1569 3246 in
1587 3191 1640 3246 ani-

292 3275 372 3340 mam,
391 3269 524 3341 quomodo
544 3270 633 3324 anima
651 3269 770 3323 manebit
788 3268 848 3337 ipsa
867 3283 896 3323 se
914 3269 976 3339 ipsa
994 3283 1111 3339 operans
1131 3284 1213 3337 seque
1231 3267 1318 3337 ipsam
1335 3286 1454 3339 mouens,
1473 3271 1496 3324 si
1513 3271 1640 3326 rationes,

292 3365 361 3420 quae
379 3357 442 3405 sunt
460 3349 486 3403 in
506 3351 573 3418 ipss,
592 3349 628 3404 ad
645 3361 767 3404 normam
782 3347 978 3422 subsistentiae
996 3346 1102 3402 illarum
1122 3362 1223 3414 rernm,
1252 3363 1321 3416 qnae
1340 3350 1374 3404 ab
1393 3347 1445 3402 alio
1465 3348 1584 3418 cientur,
1603 3351 1639 3404 in·

290 3429 429 3486 fluxerunt
446 3431 473 3484 in
491 3427 577 3500 ipsam
596 3425 724 3483 aliunde?
759 3425 796 3480 Et
814 3426 878 3495 quid
897 3425 1005 3482 differet
1024 3426 1112 3482 anima
1131 3441 1147 3479 a
1165 3426 1290 3495 materia,
1310 3443 1380 3495 quae
1399 3426 1485 3482 solum
1505 3433 1640 3497 potestate

291 3516 332 3566 est
351 3508 452 3575 omnia,
471 3507 539 3560 nihil
556 3521 619 3560 vero
639 3506 673 3560 de
690 3504 839 3561 materiatis
856 3507 999 3575 speciebus
1018 3507 1147 3574 generat?
1455 3565 1458 3570 ,

375 3589 473 3644 Restat
489 3585 584 3654 igitur,
612 3591 643 3638 ut
663 3583 751 3637 anima
768 3591 796 3636 et
814 3597 830 3636 a
848 3599 878 3637 se
895 3585 954 3651 ipsa
979 3591 1007 3638 et
1024 3599 1041 3638 a
1058 3591 1149 3640 mente
1167 3590 1334 3639 transsumat
1350 3583 1404 3639 istu
1428 3591 1457 3640 et
1483 3593 1513 3640 ut
1529 3586 1591 3656 ipsa
1608 3583 1643 3640 sit

291 3667 416 3724 absoluta
434 3664 629 3721 consummatio
648 3662 813 3733 specierum,
841 3677 910 3730 quae
928 3661 963 3716 ab
981 3661 1210 3718 intellectualibus
1233 3664 1328 3731 primis
1346 3665 1478 3734 exemplis
1497 3681 1546 3722 seu
1563 3679 1642 3735 pars·

290 3745 451 3816 dignatibus
470 3761 486 3798 a
504 3759 534 3798 sc
551 3744 618 3813 ipsis
636 3743 735 3812 genitis
754 3742 957 3798 subsistentiam
974 3743 1078 3798 habent
1100 3750 1129 3797 et
1146 3755 1286 3796 accessum
1298 3790 1301 3796 ,
1313 3741 1348 3796 ad
1366 3741 1454 3810 ipsum
1480 3757 1559 3798 esse
1586 3761 1642 3800 sor·

289 3826 402 3880 liuntur.
436 3825 532 3894 Itaque
550 3837 720 3893 amatunam
739 3829 781 3877 est
799 3822 888 3876 anima
905 3821 1001 3876 tabula
1015 3837 1090 3888 rasa,
1112 3821 1147 3874 ab
1165 3819 1288 3874 omuibus
1306 3821 1457 3876 redonibus
1476 3838 1577 3893 vaaua,
1595 3823 1641 3878 sed

290 3911 332 3960 est
349 3903 452 3972 scripta
469 3917 577 3972 semper
594 3900 688 3957 tabula
706 3901 854 3968 scribitque
872 3907 899 3954 et
916 3899 977 3970 ipsa
994 3901 1020 3952 in
1035 3900 1164 3969 seipsam
1182 3900 1360 3968 etsmipturis
1374 3900 1531 3970 impletura
1544 3909 1640 3956 mena.

292 3983 344 4038 Est
368 3981 440 4038 enim
467 3981 556 4035 anima
582 3994 658 4034 mens
686 3994 735 4035 sen
755 3979 913 4040 :intellectus
941 3978 1064 4050 quidam,
1091 3977 1137 4048 qui
1155 3993 1184 4030 se
1201 3977 1290 4046 ipsum
1311 3979 1459 4036 secundum
1476 3979 1596 4051 priorem
1614 3997 1641 4036 se

291 4059 459 4118 intellectum
479 4057 616 4132 resolvit,¹
632 4057 721 4128 inrogo
740 4056 812 4112 illius
836 4062 864 4112 et
882 4055 969 4128 figura
991 4072 1040 4112 seu
1064 4065 1144 4127 typus
1168 4053 1233 4110 foris
1254 4055 1401 4128 iactus.**)
1438 4058 1467 4113 si
1491 4058 1574 4126 igitur
1596 4057 1641 4112 ille

291 4141 381 4196 omnia
396 4135 619 4196 intellectualiter
637 4141 686 4204 est,
706 4134 756 4188 erit
775 4139 802 4190 et
815 4135 904 4190 anima
916 4137 1006 4190 omnia
1019 4133 1182 4203 animaliter,
1201 4136 1266 4190 etsi
1278 4136 1322 4204 ille
1335 4137 1536 4208 exemplariter,
1553 4137 1641 4194 anima

291 4219 413 4288 imaginis
432 4219 459 4274 iu
478 4216 599 4282 modum;
619 4221 647 4269 et
665 4213 687 4269 si
705 4213 751 4268 ille
770 4211 927 4270 contructim
947 4223 974 4269 et
986 4217 1089 4272 urnitim.
1109 4213 1197 4268 anima
1209 4213 1320 4272 divisim.
1358 4214 1437 4285 Quod
1451 4233 1512 4274 cnm
1525 4225 1553 4274 et
1565 4217 1640 4272 Plato

291 4295 477 4366 intellexisset,
484 4297 539 4364 ***)
557 4294 673 4350 animam
686 4309 720 4348 ex
730 4293 853 4348 omnibus
867 4294 1007 4349 constituit
1019 4295 1161 4364 divisitque
1176 4293 1322 4349 secundum
1335 4309 1460 4351 numeros
1473 4296 1642 4367 revinxitque

293 4372 424 4442 analogiis
443 4383 470 4430 et
487 4373 639 4430 rationibus
657 4371 828 4438 harmonicis,
847 4372 928 4442 inque
946 4373 1033 4444 ipsam
1052 4372 1166 4428 contulit
1184 4373 1317 4444 principia
1334 4373 1421 4442 prima
1438 4373 1586 4444 figurarum
1605 4374 1641 4430 ef·

297 4471 479 4482 --—.---.--.-..-
494 4477 498 4482 Δ

369 4511 395 4560 ⁰)
409 4512 510 4554 Animam
518 4511 887 4562 btotntatllgltmnudiprsactpna.
903 4513 974 4554 Deum
984 4515 1083 4553 arastum
1089 4513 1203 4564 Platonis;
1217 4515 1313 4554 mantem
1322 4523 1385 4563 varo,
1401 4525 1465 4565 quam
1475 4515 1638 4557 christianidi·

293 4565 451 4642 “semtipsum
458 4567 529 4606 Deum
537 4569 673 4618 cnstcnru,
681 4567 744 4616 cruris
754 4568 860 4614 imagines
869 4569 922 4606 sunt
929 4577 1005 4608 omues
1015 4567 1203 4614 salassorum,
1213 4568 1343 4616 corporibus
1351 4567 1492 4608 vivificandis
1503 4570 1640 4618 praelectas.

400 4615 410 4666 i
425 4615 558 4659 Christianis
572 4625 595 4661 et
611 4625 663 4659 scint
677 4621 762 4658 animae
780 4619 916 4668 exemplaris
930 4619 1055 4668 Creatoris,
1076 4623 1100 4660 et
1119 4622 1276 4660 sustentantur
1289 4623 1409 4660 etiamnum
1422 4621 1449 4660 ab
1463 4622 1503 4660 iiio
1520 4633 1561 4672 per
1574 4634 1638 4673 qusn-

296 4667 346 4708 datu
360 4669 424 4710 salut
436 4669 600 4712 irradiationem
614 4675 692 4711 vuitus
706 4671 775 4712 divini
790 4671 811 4711 in
826 4672 896 4719 ipsas.
1327 4715 1329 4721 ,
1521 4695 1523 4700 -

372 4721 427 4770 ffl)
439 4721 466 4762 Iu
481 4722 584 4768 Timaeo.
606 4725 644 4774 qni
658 4729 694 4765 ast
708 4726 765 4764 citra
778 4735 862 4764 omnem
877 4723 1022 4765 dubitationis
1046 4725 1117 4765 sium
1134 4727 1304 4768 commentarius
1323 4724 1411 4774 quidam
1432 4725 1453 4766 la
1468 4727 1562 4775 primam
1575 4729 1641 4778 capnt

295 4773 411 4816 Gansssos
425 4784 466 4813 sen
481 4773 531 4814 iibri
545 4775 562 4814 l.
578 4777 662 4826 itosts,
684 4777 842 4818 transies-mens
857 4777 919 4816 iitnrn
932 4777 956 4817 tn
969 4777 1132 4828 philosophiam
1146 4779 1329 4830 Pythagoricum,
1352 4781 1377 4816 ut
1391 4777 1457 4820 tacita
1477 4783 1541 4830 patet
1555 4783 1639 4822 attente

295 4826 382 4876 insuti
395 4827 420 4867 at
433 4825 502 4866 verbs
514 4826 564 4876 ipss
576 4827 646 4868 iiosis
658 4827 780 4871 identidem
795 4829 927 4870 conterenti.
