3732 5528
332 376 394 434 tuo
800 367 967 469 appendicis
986 365 1210 423 Harmonicorum

331 555 470 610 incentu
494 564 563 608 varo
586 545 745 605 secundum
770 546 859 620 dnos,
890 547 970 625 quod
994 547 1145 607 discrimen
1177 547 1333 624 diligenter
1354 547 1500 608 inculcavi
1530 550 1604 610 libro
1626 549 1675 611 tv.

330 639 381 697 lol.
405 638 476 695 228.
523 636 559 694 Et
589 633 658 710 quid
690 633 813 692 multis?
857 633 917 694 Res
941 639 1005 711 ipse
1028 635 1169 712 loquitur:
1201 637 1329 696 hnmana
1359 653 1417 696 vox
1445 637 1569 696 saltibus
1591 641 1677 696 inter-

330 725 411 784 valla
432 733 576 803 permeat,
608 738 665 780 non
695 725 827 781 tensione
857 725 1012 807 continua,
1037 723 1220 799 planetarum
1243 733 1339 782 motus
1373 743 1409 783 ex
1437 724 1577 784 celeribus
1606 725 1677 784 tardi

255 827 257 834 ·
328 813 402 871 fiunt
424 815 556 872 tensione
579 813 726 882 continua,
751 827 808 866 non
832 809 927 886 saltu;
957 828 1017 886 qua
1040 815 1197 886 negatione
1221 812 1338 871 subiate
1361 821 1406 872 est
1429 815 1523 872 omnis
1546 830 1678 872 mensura

332 903 508 976 temporaria
524 898 686 958 durationis
702 897 833 972 ejusdem
849 899 1016 960 celeritatis.
1061 897 1140 972 Hoc,
1167 900 1221 958 hoc
1248 917 1335 958 unum
1359 909 1419 974 est,
1442 899 1579 974 Roberte,
1603 901 1678 976 quod

291 975 294 986 '
332 988 419 1046 velim
448 991 476 1046 in
508 988 637 1046 divinam
662 987 769 1060 ingenii
801 987 842 1042 tui
874 989 932 1044 rirn
961 987 1089 1061 penitius
1113 1005 1176 1046 esse
1201 990 1394 1063 transfusum
1426 987 1542 1047 videres
1573 991 1678 1060 statim,

329 1093 417 1151 quam
440 1078 656 1153 impertinenter
679 1079 881 1148 comparentur
904 1076 977 1132 inter
996 1091 1031 1132 se
1056 1083 1200 1152 tempore,
1231 1073 1362 1150 periodis
1382 1074 1565 1150 planetarum
1597 1079 1679 1134 attri-

328 1165 410 1222 buta.
455 1163 602 1240 Tempora
624 1161 700 1218 onim
724 1159 796 1218 nihil
819 1168 887 1218 sunt
908 1165 964 1219 nisi
987 1177 1138 1236 numerus,
1170 1181 1223 1222 nee
1246 1171 1414 1221 mensurant
1442 1179 1477 1222 oa
1500 1163 1679 1222 durationem

329 1253 480 1311 uniformis
502 1268 554 1328 par
576 1255 674 1325 partes
696 1255 810 1319 motus3
833 1248 1014 1319 salierishic‚
1038 1249 1397 1326 Roberte,·tenaciusque,
1421 1267 1509 1326 quam
1528 1251 1595 1310 hnic
1611 1269 1679 1327 ape·

328 1339 471 1398 culationi
501 1337 660 1406 conducat,
693 1335 836 1394 adhaeres
859 1336 1065 1411 aequabilitati
1095 1349 1243 1420 motuum,
1277 1356 1364 1415 quam
1388 1339 1476 1396 tradit
1504 1341 1680 1398 astronomia

327 1436 432 1502 retus3
456 1427 524 1484 bino
547 1433 603 1496 est,
628 1422 706 1497 quod
730 1422 907 1481 celeritatem
931 1425 1073 1500 cujusque
1096 1429 1235 1485 aestimes
1258 1443 1292 1485 ox
1316 1433 1445 1502 tempore
1470 1425 1590 1500 reditus,
1622 1441 1679 1486 non

329 1516 417 1590 igitur
440 1530 554 1572 mecum
578 1513 606 1568 in
630 1509 726 1584 globis
750 1512 822 1586 ipsis
845 1509 1043 1586 planetarum,
1073 1513 1125 1571 sed
1149 1530 1213 1571 cum
1235 1515 1425 1589 scriptoribus
1453 1513 1630 1574 theoriarum
1653 1521 1680 1572 et

329 1619 395 1660 cum
417 1598 577 1659 Aristotele
601 1601 629 1656 in
654 1601 837 1656 concentrico
863 1603 995 1672 versaris,
1020 1604 1069 1674 qui
1093 1602 1236 1676 cujusque
1258 1600 1394 1676 planetae
1416 1611 1547 1678 systema
1567 1601 1678 1660 claudit

329 1689 456 1748 exterius
485 1688 633 1762 vehitque.
680 1687 769 1760 Atqui
803 1694 864 1742 toto
894 1687 937 1744 sic
967 1696 1078 1746 erratur
1106 1689 1204 1760 coelo;
1236 1689 1386 1763 rejiciendi
1413 1696 1482 1747 sunt
1512 1705 1548 1748 cx
1580 1693 1678 1748 animo

326 1775 420 1833 fictitii
450 1765 551 1846 erbes,
585 1771 819 1850 amplectendum
848 1789 883 1829 ex
910 1771 977 1832 libri
1006 1778 1062 1833 mei
1089 1774 1123 1831 V,
1154 1779 1250 1852 capite
1274 1779 1302 1834 3.
1327 1779 1443 1836 axioma
1468 1777 1496 1836 6.
1528 1773 1580 1834 iol.
1605 1779 1677 1848 278,

327 1879 385 1921 non
410 1865 480 1938 quia
503 1862 531 1921 id
554 1863 672 1920 axioma
694 1876 790 1918 tneum
814 1867 867 1932 est,
890 1860 942 1918 sed
966 1864 1036 1937 quia
1058 1865 1134 1920 ratio
1157 1865 1318 1922 certissima
1341 1863 1512 1929 coelestium
1534 1863 1678 1922 obserse-

328 1953 440 2008 tionum
463 1949 500 2008 sd
525 1948 653 2008 calculos
677 1955 815 2006 revocata
838 1946 874 2006 de
898 1949 1050 2023 ipsissimis
1075 1949 1256 2032 plarretannn
1279 1953 1449 2027 corporibus
1467 1958 1600 2023 testatur,
1627 1967 1679 2010 ve-

326 2055 390 2096 rum
422 2053 487 2097 essa
517 2039 666 2095 axioma‘
690 2035 786 2110 Quare
820 2036 873 2092 etsi
902 2036 974 2093 nihil
1006 2037 1091 2114 plane
1124 2039 1261 2098 dixissem
1296 2042 1323 2096 in
1348 2039 1541 2113 explicatione
1574 2048 1677 2097 cantus

327 2125 447 2184 humani
470 2125 505 2184 de
528 2126 670 2182 mensuris
691 2134 862 2199 temporum,
887 2123 983 2181 nullus
1007 2126 1074 2183 hinc
1097 2141 1174 2184 error
1198 2129 1226 2183 in
1249 2125 1355 2184 librum
1371 2127 1407 2184 V.
1432 2130 1519 2200 inque
1543 2135 1677 2186 contem-

326 2214 507 2289 perationem
530 2220 661 2271 motuum
685 2209 854 2270 coelestium
878 2209 1074 2271 harmonicam
1098 2213 1280 2273 redundaret.

414 2299 467 2357 Ad
490 2299 673 2376 Aualysin
699 2297 750 2356 VI.
796 2297 860 2356 Non
884 2297 965 2357 solus
988 2317 1058 2375 ego,
1092 2299 1235 2374 Roberte,
1268 2293 1388 2359 minir‘na
1420 2298 1576 2358 intervalla
1608 2319 1679 2377 pro·

326 2388 464 2447 nunciavi
488 2385 624 2460 dissona,
654 2387 728 2444 dixit
750 2385 827 2444 idem
855 2396 923 2443 ante
945 2405 992 2445 mc
1015 2387 1202 2448 Ptolemaeus
1233 2403 1393 2464 omnesque
1422 2385 1497 2448 adeo
1521 2391 1678 2464 scriptores

326 2474 498 2534 harmonici.
544 2474 619 2533 Vide
648 2485 692 2532 ne
708 2474 813 2531 trustra
839 2481 868 2531 te
891 2473 1054 2550 profitearis
1084 2485 1257 2536 assertorem
1281 2479 1483 2550 antiquorum,
1516 2484 1548 2534 nt
1580 2485 1681 2536 contra

328 2579 404 2639 quos
427 2562 474 2621 hic
496 2563 572 2621 ultro
595 2577 720 2639 pugnas.

414 2649 472 2709 Sed
501 2651 616 2726 explica
646 2657 697 2708 tua
726 2649 870 2706 contraria
896 2657 1077 2730 argumenta
1136 2647 1165 2729 1)
1193 2651 1307 2724 Torius,
1338 2652 1395 2720 sis,
1433 2655 1505 2708 totto
1536 2659 1681 2710 ιοιιιοιιαι

328 2755 422 2813 oeque
444 2745 610 2812 temperato
632 2724 1007 2795 connumeratum
1011 2740 1297 2815 aequivocatione,
1328 2747 1416 2795 tonus
1438 2735 1487 2795 bio
1516 2737 1570 2795 tibi
1605 2737 1680 2796 idem

329 2833 374 2884 eet
401 2824 480 2901 quod
510 2843 616 2896 sonus,
650 2825 788 2882 terminus
817 2839 870 2897 pro
903 2823 1067 2882 intervallo.
1114 2825 1186 2884 Cum
1216 2825 1291 2884 dnae
1323 2823 1449 2884 chordae
1478 2824 1592 2884 iaciunt
1615 2827 1682 2883 uni·

285 2939 294 2956 κ
332 2929 453 2984 sonum,
476 2911 663 2972 intervallum
688 2911 736 2969 bic
760 2909 871 2968 nullum
895 2919 939 2968 est
963 2928 1057 2987 coque
1080 2929 1137 2972 non
1163 2923 1261 2991 potest
1283 2913 1339 2972 dici
1362 2922 1464 2986 tonus;
1493 2921 1580 2970 tonus
1605 2917 1682 2974 eninr

330 3003 376 3058 es‘t
398 3017 487 3058 unum
519 3017 553 3058 ex
583 2999 754 3058 intervallis.
801 2999 841 3054 At
870 2997 1029 3070 harmonici
1059 3007 1159 3060 tonum
1183 3002 1333 3060 dissonum
1363 2999 1463 3058 mount
1483 2999 1681 3074 intervallum,

330 3087 415 3163 cujus
446 3087 520 3144 duae
551 3103 654 3162 voces,
688 3097 758 3144 tono
788 3085 946 3158 distantes,
977 3089 1051 3145 inter
1075 3107 1110 3147 se
1134 3089 1294 3148 dissonant.
1340 3091 1374 3164 2)
1399 3087 1602 3146 Semitom'um
1626 3089 1683 3146 od-

328 3173 426 3232 dt'tum
455 3175 623 3234 harmoniis
651 3172 809 3233 nonnuliis
835 3174 912 3248 feeit
941 3173 1036 3234 oliam
1065 3176 1280 3251 harmoniam
1318 3192 1482 3235 σοιιιοιιιιιιι
1515 3178 1614 3249 igitur·
1644 3183 1684 3233 eet

305 3262 534 3321 trementium.
581 3261 731 3332 Effectum,
756 3259 892 3332 Roberte,
915 3277 973 3319 non
996 3270 1073 3321 recte
1097 3264 1264 3323 consideras
1287 3281 1339 3339 pro
1356 3279 1453 3321 causa.
1500 3261 1575 3321 Sunt
1592 3267 1682 3322 inter-

326 3347 408 3408 valla
430 3352 637 3408 consonantias
661 3348 886 3422 distinguentia,
919 3365 1018 3424 aquo
1043 3349 1138 3409 olfioio
1163 3349 1468 3426 concinnamenti„
1493 3348 1549 3408 dici
1572 3349 1680 3422 solent,

329 3445 360 3494 at
382 3453 439 3495 non
464 3453 601 3510 consona,
626 3457 778 3512 συμφωια
826 3433 934 3509 Mpnco
957 3437 1096 3496 lectorem
1112 3457 1217 3512 meum,
1242 3455 1278 3498 ne
1300 3439 1348 3497 hic
1362 3447 1391 3496 te
1407 3435 1515 3510 audiat,
1540 3439 1590 3512 qui
1609 3455 1681 3497 con·

329 3523 474 3584 lusionem
498 3524 562 3583 vult
586 3527 689 3597 vitare,
714 3523 783 3581 dum
807 3539 884 3597 quae
907 3532 975 3582 suut
998 3524 1109 3598 eadem,
1133 3535 1164 3585 tu
1188 3530 1351 3635 promiscue
1374 3533 1403 3586 et
1421 3541 1549 3584 consona
1572 3525 1681 3603 appel-

329 3607 624 3689 Μπῶωω.Ἣ

419 3698 468 3756 hd
492 3698 684 3775 Analysin
709 3697 777 3756 vti
825 3697 985 3756 Causarum
1008 3715 1068 3756 una
1091 3709 1136 3758 est
1156 3699 1257 3776 procul
1282 3699 1386 3778 dubio,
1414 3713 1464 3758 cur
1485 3701 1588 3774 praxin
1614 3717 1681 3758 mn·

329 3788 408 3844 sicae
438 3789 657 3862 compositionis
685 3803 742 3845 non
772 3786 933 3861 attigerim,
966 3785 1044 3861 quod
1074 3791 1128 3845 sim
1152 3788 1215 3863 ejus
1236 3790 1355 3864 ignarus
1386 3797 1415 3846 et
1443 3789 1473 3842 in
1503 3786 1680 3864 boc'opere

329 3873 545 3933 inexercitatus.
574 3875 635 3931 ‘Ex
666 3875 773 3948 quibus
803 3880 899 3931 tamen
931 3879 961 3930 tu
991 3875 1181 3948 stipmotr'bus
1213 3892 1342 3950 opernm
1371 3891 1507 3953 meorum
1538 3874 1594 3933 hoc
1617 3879 1680 3934 sine

230 4035 234 4041 Δ
326 3977 393 4020 mea
416 3961 598 4020 confessione
620 3960 791 4036 probassial
836 3960 916 4019 Cedo
946 3960 1106 4020 cantilenas
1130 3981 1147 4020 a
1167 3961 1351 4039 Pythagora,
1386 3961 1577 4034 Ptolemaeo,
1602 3961 1680 4020 Por·

328 4049 434 4125 phyrio
459 4051 647 4125 compositas.
693 4051 738 4106 An
762 4049 850 4122 igitur
882 4055 911 4106 et
933 4047 987 4106 hos
1016 4047 1172 4108 atbeoria
1194 4049 1333 4126 repellis?
1378 4047 1556 4109 Omisellos
1579 4049 1679 4125 pbilo-

328 4136 447 4213 sophos‚
471 4137 519 4212 qui
546 4135 581 4194 de
604 4138 759 4194 creationis
784 4152 870 4211 opere
893 4135 1109 4211 speculationes
1132 4155 1202 4196 suas
1225 4137 1400 4210 obtrudunt,
1424 4153 1488 4196 oum
1513 4140 1679 4196 creaverint

329 4225 384 4301 ipsi
409 4219 543 4298 urbium)
588 4223 707 4282 Scilicet
729 4225 816 4283 etiam
840 4224 868 4279 in
893 4223 994 4294 oculis,
1018 4225 1106 4281 etiarn
1129 4227 1159 4282 in
1175 4227 1354 4302 experientia
1374 4227 1468 4300 operis
1485 4225 1571 4283 alieni
1587 4225 1679 4284 habet

329 4329 415 4370 suum
443 4311 556 4371 theoria
587 4311 759 4368 subsidium.
807 4311 851 4368 De
881 4318 977 4369 cetero
1008 4313 1129 4385 ignosco
1164 4314 1316 4371 acerbitati
1340 4321 1407 4372 tuae
1438 4313 1467 4368 in
1493 4311 1679 4370 assumendis

329 4399 402 4458 meis
426 4398 681 4458 attenuationibus
710 4397 926 4474 augendisque3
961 4400 1069 4473 qnippe
1097 4402 1238 4476 scripsisti
1267 4403 1367 4459 iratus.
1412 4399 1457 4458 uu
1481 4399 1613 4475 quidam,
1646 4407 1678 4457 ut

329 4484 377 4542 hic
407 4494 435 4544 et
464 4489 494 4543 in
525 4487 723 4564 superioribus
754 4493 887 4561 apparet,
922 4488 1020 4560 magni
1050 4487 1121 4545 iacis
1144 4492 1347 4564 proportiones
1375 4490 1463 4547 etiam
1486 4484 1568 4559 illas,
1601 4503 1677 4562 quas

330 4570 462 4631 homines
485 4576 514 4631 in
537 4577 614 4634 notis
638 4576 756 4633 musicis
780 4575 1006 4646 constituerunt,
1036 4573 1135 4650 qualia
1159 4573 1242 4652 plura
1264 4575 1339 4635 libro
1361 4592 1428 4636 meo
1451 4573 1503 4632 IV.
1526 4574 1575 4634 iol.
1600 4575 1676 4646 228,

332 4675 408 4735 quae
431 4667 508 4719 certe
529 4679 587 4722 non
611 4662 677 4723 ideo
699 4663 810 4739 probae
832 4669 900 4720 suut
924 4665 1140 4738 proportiones,
1168 4665 1319 4740 quianon
1343 4664 1384 4721 ita
1412 4661 1511 4721 multis
1534 4669 1601 4720 ante
1626 4679 1676 4721 se-

268 4795 270 4802 .
331 4746 403 4804 culis
433 4745 610 4809 aGuidone
634 4751 734 4810 Aretio
766 4752 910 4824 sociisque
940 4757 1008 4807 sunt
1036 4748 1146 4809 electae
1175 4751 1212 4809 ad
1241 4759 1358 4809 cantum
1386 4748 1586 4825 scribendum,
1621 4747 1675 4809 ead

331 4835 400 4911 quia
422 4835 571 4894 imitantur
592 4835 652 4897 alia
675 4837 819 4913 quaedam
841 4844 963 4896 naturae
986 4853 1039 4896 eeu
1062 4837 1119 4897 Dei
1141 4839 1278 4899 creatoris
1301 4855 1398 4917 opere.
1433 4899 1436 4905 ,
