3668 5526
791 344 881 425 abus
897 357 1027 426 εειιοτιι
1285 453 1290 463 ¹
1515 363 1606 435 tte*

199 480 375 606 'sonitum
395 547 503 606 invidis.
539 547 617 607 Illius
635 561 718 607 sams
739 554 783 606 est
802 543 828 632 Q
846 551 876 608 ln
900 551 941 634 [1
963 553 1007 626 ό,
1033 543 1170 634 ὓίεΔ
1194 547 1237 626 ri,
1264 543 1302 626 Θ
1325 551 1353 610 in
1372 547 1463 614 serat
1477 543 1514 628 ἣ,
1530 553 1579 612 bu-

226 635 274 705 Jns
297 651 380 694 eausa
398 645 441 694 est
459 635 498 712 Θ
517 646 545 696 ει
561 631 587 718 Q
607 639 635 695 ln
653 636 712 694 ΥΠ.
871 649 875 660 ’
1200 645 1204 650 ’

315 733 407 790 Habet
428 735 509 798 bonno
534 738 595 795 iste.
612 744 737 794 naturam
761 737 936 810 undiquaque
962 740 1094 798 εεεὶεεεε.
1139 740 1191 796 Εει
1216 739 1300 797 instar
1323 736 1414 795 satelli
1437 735 1579 792 domestici

229 809 345 868 delicati.
380 815 406 881 1)
426 815 532 886 Corpus
550 823 593 872 εει
610 813 690 885 agile,
710 815 824 888 aridum,
843 820 912 874 bene
931 819 1174 889 proportionatum.
1209 817 1305 872 Vietns
1322 815 1416 886 utique
1433 815 1513 882 idem,
1534 814 1579 890 de-

227 889 344 948 lentatur
362 892 490 952 rodendis
509 896 626 964 ossibus,
645 896 720 953 duris
737 895 942 976 pauislorustis,
962 903 1118 967 sotrum,
1136 897 1195 954 sine
1214 895 1318 966 ordine,
1338 901 1368 948 nt
1387 891 1513 962 qnodque
1532 891 1580 946 ob·

228 975 353 1028 versatur
371 971 467 1041 oeulis,
485 973 589 1044 arripit.
624 973 724 1042 ‚Parum
742 981 830 1046 potat.
865 977 1016 1034 Contentus
1041 984 1084 1036 est
1101 975 1145 1040 sel
1162 975 1308 1034 vilissimis.
1343 974 1369 1042 2)
1387 969 1479 1028 Mores
1498 971 1579 1028 simil·

226 1047 291 1106 limi.
328 1051 449 1108 Primum
466 1053 651 1123 superioribus
669 1061 710 1118 (ut
720 1053 797 1110 oanis
809 1054 976 1124 domesticis)
993 1063 1126 1126 perpetuo
1139 1071 1199 1112 sese
1212 1055 1339 1124 ιεειεεει,
1358 1049 1464 1112 exulus
1479 1051 1580 1120 pendet

225 1145 276 1200 per
300 1131 396 1200 omnis,
423 1129 479 1188 illis
502 1133 652 1202 ministrat,
675 1129 731 1188 iilis
752 1149 808 1189 non
830 1133 1008 1191 busur-si
1029 1133 1260 1204 reprehendatur,
1289 1131 1362 1189 omni
1383 1131 1463 1190 modo
1487 1130 1579 1195 audet

225 1209 315 1268 redire
332 1210 360 1280 iu
377 1211 500 1280 grauem.
535 1211 590 1268 Per
608 1227 638 1268 se
655 1210 745 1268 emnia
763 1212 876 1270 rimatur
891 1213 922 1268 iu
940 1213 1105 1283 disciplinis,
1123 1215 1153 1270 in
1170 1213 1273 1282 politia,
1291 1211 1319 1278 ip
1336 1225 1367 1266 re
1385 1209 1533 1282 damesdoa
1550 1219 1579 1266 et

225 1287 369 1345 vilissimas
391 1305 497 1359 opersa
532 1290 584 1346 Est
605 1288 633 1344 in
658 1294 895 1364 perpetuoeumu
915 1298 943 1348 et
961 1289 1099 1362 quoslibet
1121 1291 1256 1361 quidlibet
1271 1295 1382 1358 εεεειεε
1405 1296 1579 1352 oonseotatur

224 1367 297 1424 idem
316 1369 421 1438 agendo
446 1377 475 1425 et
499 1369 688 1439 exeogitando.
723 1371 776 1428 Est
797 1371 941 1441 impatiens
960 1371 1171 1428 conversationis
1188 1377 1217 1426 et
1235 1370 1329 1428 erebro
1347 1371 1378 1425 in·
1392 1369 1476 1424 aedes
1495 1369 1578 1429 neuti-

224 1454 315 1504 lautes
332 1465 388 1506 nnn
406 1465 485 1506 secus
504 1449 606 1512 salutat
618 1466 656 1506 ao
673 1449 757 1507 oanis
793 1449 846 1507 Ubi
865 1451 926 1520 quis
944 1450 970 1506 ai
987 1451 1126 1506 minium
1144 1449 1419 1519 eripit,nrnrmurst,
1438 1446 1529 1515 ardet,
1548 1453 1579 1504 ut

227 1527 315 1583 sanis
346 1529 399 1584 Est
415 1535 506 1598 ιεεει,
525 1529 674 1585 insectator
692 1528 874 1600 quorumlibet
890 1547 974 1600 prave
992 1532 1138 1599 agentium,
1155 1528 1361 1584 latratsoilioat.
1397 1527 1451 1582 Est
1464 1533 1492 1580 ει
1507 1540 1578 1585 mor·

225 1603 287 1676 dax,
307 1606 419 1664 dieteria
436 1607 586 1678 pungentia
603 1607 687 1664 babet
704 1609 732 1662 in
750 1615 865 1678 promtu.
901 1607 1027 1664 Plurimls
1044 1609 1128 1678 igitur
1145 1623 1247 1664 exorsu
1264 1614 1307 1662 est
1324 1613 1354 1660 et
1372 1605 1406 1660 ab
1417 1605 1451 1660 iis
1470 1605 1578 1672 vitatur,

227 1685 275 1742 ssd
293 1687 448 1758 superiores
465 1701 557 1742 esrum
576 1685 690 1757 habeut,
706 1703 764 1742 non
780 1699 859 1744 ssons
877 1703 910 1743 so
928 1687 1071 1746 domestioi
1088 1689 1189 1744 bonum
1208 1701 1310 1744 osnern
1346 1685 1448 1740 Horret
1466 1683 1575 1752 beluus,

225 1765 379 1835 dnedonss,
407 1766 524 1820 lotiones
551 1772 582 1822 ut
608 1765 691 1822 oanis
734 1765 844 1822 Summa
870 1766 895 1822 ei
922 1765 1033 1823 infrenis
1059 1769 1200 1824 teneritas
1225 1767 1308 1837 inest,
1336 1779 1433 1834 nempe
1458 1780 1478 1819 e
1504 1754 1577 1841 Qin

224 1851 261 1924 []
298 1853 342 1925 d,
373 1846 416 1932 Q
433 1855 462 1909 in
482 1857 518 1922 Δ
542 1855 585 1917 d.
623 1854 676 1910 Sed
693 1855 774 1924 juxta
791 1853 862 1911 vitae
880 1871 968 1912 curse.
1007 1855 1129 1914 Audsoie
1145 1853 1174 1910 in
1191 1851 1512 1923 ritaperioulosalonge
1530 1851 1577 1907 ab·

223 1947 277 2012 est,
304 1943 402 2012 opinor
427 1943 567 2012 quianon
586 1943 621 1999 sd
639 1937 679 2016 Θ
700 1943 840 2012 pertinent
868 1943 898 2000 hi
924 1951 1059 2013 aspectus.
1104 1945 1244 2002 Haotenns
1273 1941 1330 1998 iere
1356 1941 1390 1997 de
1416 1941 1577 2008 temeritate,

222 2019 346 2092 sodada,
363 2023 413 2091 ira,
433 2021 582 2094 eupiditate
600 2021 688 2090 deque
706 2019 747 2087 iis,
764 2027 878 2092 propter
896 2038 965 2094 quse
982 2022 1169 2094 utplurimum
1189 2022 1260 2080 solet
1270 2019 1441 2092 reprehendi.
1479 2020 1577 2076 Dicen-

104 2134 108 2144 ·
222 2095 287 2154 dum
308 2098 366 2168 jam
384 2107 427 2159 est
445 2100 479 2156 ds
503 2099 696 2170 dentientibus
720 2107 749 2157 et
769 2102 905 2168 moribus,
929 2101 964 2160 ob
982 2117 1053 2172 quos
1074 2102 1103 2158 in
1120 2103 1213 2172 aliquo
1240 2117 1324 2160 ceusu
1342 2107 1397 2170 est,
1424 2095 1576 2168 eujusmodi

223 2184 288 2234 sunt
304 2178 437 2250 probitas,
465 2178 569 2250 religio,
587 2178 665 2250 fides,
683 2179 821 2251 ιιοεεειεε,
839 2181 982 2250 alumna
1016 2182 1118 2238 Ultimo
1136 2181 1280 2238 dicendum
1300 2180 1353 2236 erit
1370 2179 1404 2235 de
1421 2177 1517 2236 mediis
1534 2176 1580 2236 vel

221 2257 490 2407 :sligt‘isfflffilesnsdum
508 2265 676 2328 ereboque
694 2258 814 2375 borum,
830 2273 869 2316 se
888 2260 923 2315 de
944 2260 1108 2318 ebriositate
1134 2269 1163 2316 ει
1187 2259 1263 2315 initu
1291 2273 1381 2316 rmum
1399 2257 1576 2314 muimmnns

307 2433 394 2502 Igitur
410 2433 538 2490 laudatus
555 2441 599 2490 est
616 2433 650 2490 ob
668 2433 788 2492 indolem
800 2437 899 2494 bonam
917 2438 944 2492 in
963 2437 1080 2507 pueritie
1098 2435 1357 2508 apraeeepton‘bns,
1377 2434 1499 2504 quamvis
1519 2441 1576 2488 turn

221 2511 399 2582 pessimmurr
417 2521 492 2569 esset
509 2527 615 2568 morum
632 2515 703 2572 inter
721 2515 857 2586 aequales.
895 2517 997 2572 Adults
1011 2516 1068 2586 jam
1083 2516 1227 2586 Juventute
1246 2515 1400 2586 opinionem
1418 2513 1502 2570 habet
1519 2513 1575 2584 pie·

219 2593 294 2660 tatis,
311 2589 514 2666 moderationis,
533 2591 693 2664 industriae,
713 2595 748 2650 ob
768 2609 848 2663 quam
866 2595 974 2651 boni'ei
992 2595 1094 2650 favent.
1125 2595 1185 2651 Hos
1203 2592 1238 2650 ad
1255 2594 1391 2649 fortunam
1410 2591 1530 2664 pertinet
1548 2596 1576 2646 et

219 2671 356 2740 posterius
374 2669 564 2740 explicandum
583 2679 632 2726 est.
660 2673 729 2728 Rern
745 2673 839 2744 ipsam*
851 2675 924 2745 quod
942 2675 1048 2742 attinet,
1067 2683 1109 2733 est
1125 2675 1171 2732 illo
1191 2670 1300 2747 quidem
1318 2671 1366 2744 per
1385 2688 1414 2728 se
1433 2669 1575 2744 religiosus

220 2747 255 2806 sd
273 2749 493 2818 superstitionem
511 2763 606 2817 usque.
642 2751 714 2807 Puer
733 2753 767 2810 to
784 2769 932 2812 annorum,
951 2770 1012 2809 euru
1030 2755 1146 2824 primurn
1164 2753 1255 2822 legere
1274 2765 1351 2808 saort
1368 2749 1466 2820 potuit,
1485 2763 1574 2804 exem.

219 2827 295 2900 plura
312 2827 409 2884 iacobi
426 2836 454 2883 st
470 2827 612 2886 Rebeccae
628 2829 681 2886 sibi
696 2830 725 2886 iu
742 2831 862 2888 ineundo
879 2832 1006 2902 eonjugio
1024 2833 1180 2903 proposuit,
1207 2831 1275 2901 legis
1301 2835 1449 2900 meopte
1466 2843 1575 2886 unsara

219 2907 320 2978 noluit3
345 2905 435 2962 doluit
453 2905 504 2960 sibi
522 2907 557 2962 ob
576 2906 634 2975 jam
653 2907 797 2964 admissam
815 2911 887 2966 ritus
910 2910 1094 2980 impuritatem
1116 2917 1244 2980 negatum
1262 2923 1323 2965 esse
1349 2906 1509 2977 prophetiae
1526 2907 1574 2962 bo·

218 3002 329 3058 norem3
348 3001 418 3055 ,eunt
429 2981 630 3054 ¹quitiseelesis
647 2989 779 3059 patrarit,
808 2989 963 3059 expiatione
990 2996 1065 3045 uena
1082 3005 1149 3045 usus
1168 2996 1223 3051 εει,
1246 3003 1301 3057 qua
1318 2987 1369 3042 rite
1386 2986 1575 3043 administrate

219 3063 334 3124 eredidit
349 3078 381 3134 se
397 3064 493 3136 poenis
507 3063 603 3120 eximi.
638 3065 707 3132 Erat
733 3075 823 3122 sutem
849 3067 1019 3138 quarundam
1045 3065 1206 3140 munierum
1231 3065 1363 3123 renitatio.
1400 3065 1573 3139 Preoesves·

217 3145 338 3218 pertines
357 3145 382 3200 si
398 3151 480 3201 noctu
498 3159 593 3220 somno
618 3154 782 3215 praeventus
801 3148 949 3214 omisisset,
976 3163 1055 3204 mane
1076 3164 1137 3206 eum
1160 3147 1300 3204 matutinis
1324 3146 1513 3216 conjungebat.
1549 3146 1574 3203 A

216 3223 277 3280 Deo
294 3223 412 3282 marium
429 3230 458 3283 ει
476 3223 578 3294 optima
596 3241 720 3297 quaeque
737 3233 832 3297 petere
848 3227 982 3297 institnit,
1007 3227 1048 3282 uti
1066 3227 1210 3298 temporali
1228 3243 1259 3282 as
1276 3225 1573 3294 saxiliopatetaeeret,

218 3319 273 3372 quo
297 3311 437 3360 aeternum
460 3302 590 3358 'auxilinm
616 3306 728 3361 eredere
749 3306 839 3377 possit
861 3313 914 3364 ete.
950 3306 993 3361 De
1014 3306 1146 3376 religione
1168 3305 1267 3375 cupide
1292 3306 1320 3360 in
1339 3303 1437 3376 vulgus
1456 3302 1572 3358 disserit.
1598 3319 1601 3326 ·

218 3380 289 3436 Tum
307 3385 398 3436 autern
417 3389 444 3437 ει
463 3398 546 3452 supra
564 3383 666 3442 dietum
690 3391 746 3455 eat,
772 3385 881 3440 virtutis
905 3401 956 3454 per
982 3399 1012 3440 se
1037 3385 1265 3442 studiosissimum
1289 3400 1359 3442 esse.
1395 3383 1492 3454 Itaque
1518 3383 1573 3438 vitu

218 3459 278 3530 ejns
297 3467 371 3515 earet
388 3459 538 3532 insigmbus
554 3461 683 3534 maculis,
710 3465 762 3518 nisi
781 3479 853 3534 quae
870 3479 904 3518 ex
927 3464 968 3519 ira
989 3469 1019 3524 st
1040 3463 1149 3519 laseivis
1174 3470 1256 3532 atque
1274 3461 1482 3520 inconsideratis
1501 3459 1572 3529 joois

217 3538 391 3611 proveniunt,
419 3541 483 3608 quia
499 3540 539 3595 illi
557 3540 648 3596 εειιεε
669 3549 785 3611 regnant
802 3541 875 3611 apud
898 3541 996 3610 ipsum.
1033 3541 1118 3596 Senes
1137 3548 1209 3597 amnt
1232 3549 1259 3596 et
1277 3541 1354 3610 solit,
1382 3537 1573 3609 gratitudinem

96 3677 100 3685 ,
216 3615 306 3673 verbis
325 3622 353 3671 ot
371 3633 454 3688 opere
472 3627 582 3675 exercet
599 3627 681 3689 atque
700 3621 781 3678 edam
799 3627 926 3676 ostentat
955 3620 1150 3676 Moderationis
1168 3620 1307 3676 studiosus
1325 3627 1375 3690 est,
1387 3619 1458 3690 quis
1475 3631 1575 3674 musas

217 3711 308 3752 rernm
327 3695 471 3766 ddigenter
488 3700 625 3768 expendit.
660 3699 730 3754 Nam
749 3697 822 3768 qnod
839 3711 894 3752 non
912 3697 1026 3767 probat,
1053 3698 1091 3754 ibi
1114 3706 1142 3754 et
1166 3699 1225 3768 ipse
1249 3715 1324 3754 uma
1342 3706 1442 3772 erepat
1477 3680 1522 3752 lix
1540 3712 1572 3760 so

214 3775 261 3847 ns,
289 3781 320 3831 nt
337 3791 373 3832 ne
389 3777 478 3833 Deum
497 3779 608 3847 quidem
632 3777 770 3834 existimet
797 3775 957 3847 simpliciter
980 3775 1169 3833 damnatorum
1192 3785 1287 3847 gentes
1306 3777 1413 3833 cbristo
1438 3789 1493 3831 non
1514 3791 1572 3831 ore·
1663 3807 1665 3810 -

217 3854 325 3910 dentes:
354 3870 389 3910 er
407 3871 439 3913 eo
463 3873 558 3929 paoem
581 3857 653 3912 inter
670 3857 843 3912 Lutberanos
868 3863 897 3916 et
914 3855 1074 3914 Uslriuistss
1095 3859 1209 3930 suadet,
1235 3872 1299 3930 erga
1316 3853 1443 3930 Papistes
1466 3867 1572 3926 aequus

218 3939 307 3992 estet
325 3935 490 4007 aequitatem
508 3953 569 3998 sam
586 3934 712 3994 omuibus
731 3933 911 3991 commendat.
1163 4005 1165 4012 y
1435 4005 1438 4010 Ι

304 4031 381 4088 Ηεεε
398 4032 507 4102 quidem
525 4034 616 4090 emnia
633 4048 668 4088 ex
686 4031 783 4088 εεεεεε
805 4029 883 4088 toute
900 4029 963 4100 quis
979 4031 1089 4101 derivet,
1108 4031 1215 4090 seibeet
1230 4034 1305 4103 quis,
1332 4033 1379 4104 qni
1405 4033 1502 4089 dextre
1525 4030 1571 4101 jn·

217 4109 305 4181 diest,
325 4113 416 4167 onnia
433 4111 500 4168 bueo
517 4111 557 4167 its
574 4120 684 4181 oeuset,
708 4112 797 4168 Deum
815 4116 889 4165 amat
907 4115 935 4164 et
951 4110 1119 4180 proximum
1146 4113 1194 4170 sed
1212 4122 1304 4170 tannen
1321 4113 1428 4169 ridemur
1444 4112 1571 4168 mollities

217 4189 352 4259 quasdam
369 4189 544 4260 peculiariter
562 4191 721 4262 subingredi
739 4189 829 4247 omnis
851 4188 911 4258 eius
935 4189 1056 4246 oonsilio.
1092 4188 1171 4246 Unde
1193 4191 1276 4260 igitur
1298 4191 1371 4248 ists?
1406 4191 1475 4247 Nam
1495 4190 1571 4246 chri-

218 4269 324 4325 stianas
342 4269 456 4325 virtutes
474 4285 509 4326 su
526 4271 586 4328 Deo
605 4277 676 4326 sunt
713 4269 801 4336 Unde,
821 4269 927 4326 nisiex
949 4259 984 4345 'li
1011 4260 1117 4342 Quum
1196 4271 1346 4328 nonnemo?
1365 4271 1444 4328 cute
1462 4287 1480 4325 a
1498 4261 1524 4346 Q
1543 4269 1571 4324 iu

217 4347 254 4421 [1
286 4349 311 4412 d
342 4347 411 4404 nibil
427 4348 483 4404 tals
500 4355 551 4403 εει.
586 4349 656 4404 Νεει
680 4348 827 4404 humanum
849 4361 911 4403 esse
935 4351 1056 4416 oportet,
1085 4346 1131 4416 qui
1172 4364 1225 4404 uno
1248 4348 1410 4405 admodum
1427 4346 1570 4402 mollescit.

107 4435 111 4448 “
216 4429 261 4482 An
284 4427 330 4482 hio
351 4426 433 4482 etiam
450 4427 513 4484 Δεε
532 4431 560 4482 ει
576 4419 618 4505 ὓ
637 4427 740 4497 aliquid
757 4426 893 4498 possunt?
928 4425 1014 4506 Porro
1042 4426 1110 4482 bueo
1137 4427 1219 4485 nimia
1243 4434 1307 4486 sunt
1331 4433 1358 4482 et
1381 4427 1410 4481 in
1428 4425 1570 4482 stultitiam

218 4506 383 4576 degenerant
406 4505 619 4576 quodammodo,
647 4513 678 4562 ut
703 4512 732 4564 et
753 4503 850 4578 religio
872 4505 900 4560 iu
924 4505 1151 4574 superstitionem.
1190 4507 1261 4566 Nem
1283 4515 1312 4563 et
1335 4505 1445 4562 somniis
1468 4505 1570 4561 tribuit

216 4585 296 4643 Unde
312 4584 385 4642 hoel
420 4583 464 4642 An
482 4585 547 4656 quia
563 4575 606 4662 Θ
625 4585 653 4639 in
671 4583 734 4640 XII.
753 4583 880 4652 abjecta?
915 4583 954 4638 lit
971 4583 1092 4654 quamvis
1115 4583 1167 4641 boo
1189 4583 1228 4640 sio
1251 4587 1287 4641 sit
1308 4585 1336 4640 in
1353 4585 1393 4640 rei
1411 4583 1526 4639 εειιιειε
1543 4591 1571 4640 ει

217 4681 236 4722 a
252 4665 344 4721 multis
362 4665 444 4722 etiam
462 4666 588 4721 videatur
603 4662 687 4732 {unde
702 4659 997 4718 nonnihil-oontemtns
1015 4663 1075 4731 est),
1093 4668 1185 4718 tamen
1202 4663 1231 4719 ln
1248 4679 1346 4733 genere
1363 4663 1502 4733 praevalet
1514 4663 1570 4733 opi-

217 4745 264 4800 nio
283 4751 312 4798 ει
329 4743 492 4800 existimatio
511 4743 635 4800 honesta.
672 4741 751 4799 Unde
768 4739 845 4797 boe?
876 4739 923 4796 An
942 4741 1006 4812 quis
1026 4731 1062 4820 Ἃ
1083 4747 1126 4796 εει
1142 4741 1171 4796 in
1183 4744 1215 4812 ll,
1233 4735 1276 4819 Θ
1292 4735 1318 4814 Ω
1336 4743 1364 4798 in
1376 4743 1445 4800 Vll?
1462 4743 1572 4798 Fortior

216 4823 312 4896 ltaque
329 4820 459 4878 sxdtsbo
476 4819 553 4878 ioris
571 4821 654 4878 smoit
671 4819 874 4892 depressionem
884 4819 988 4878 Inunse.
1008 4861 1015 4878 .
1035 4861 1042 4876 .
1061 4861 1069 4878 .
1089 4821 1097 4875 .'
1116 4819 1163 4898 (ull
1181 4823 1311 4895 sequitui
1463 4837 1467 4844 ·

1341 4933 1414 5002 tl*
