3698 5534
283 391 345 454 aaa
697 370 738 426 ue
758 344 1018 436 consenescamus
1035 365 1211 422 mancis.

285 576 345 628 tum
369 561 468 624 turbat
489 555 679 630 municipium
701 565 786 609 suum
814 547 930 623 sibique
953 551 1054 606 auctor
1084 551 1128 605 est
1150 547 1284 607 miseriae
1312 545 1518 624 deplorandae.
1563 547 1631 607 Ρῐῑ.

282 671 362 716 muru
384 653 484 724 itaque
507 643 628 704 accessit
650 636 817 715 aspectibus
839 633 1021 714 planetarum
1042 635 1212 710 imaginatio
1241 634 1376 694 diuturna
1400 637 1500 696 matris
1523 653 1631 713 praeg-

284 742 390 814 nantis,
415 737 461 796 cui
484 749 593 802 socrus,
618 730 687 788 aria
708 742 782 796 mea,
805 723 967 782 medicinae
989 719 1139 798 popularis
1161 729 1278 797 epatre
1295 725 1382 782 etiarn
1399 725 1543 784 exercitae
1566 730 1631 782 stu·

285 831 385 903 diosa,
416 829 478 884 erat
501 814 698 887 admirationi;
727 813 850 872 accessit
878 808 1020 881 secundo,
1044 807 1123 885 quod
1155 813 1199 868 vir
1229 818 1402 869 natussum
1432 829 1491 870 non
1513 809 1631 886 femina,

197 975 205 988 .
286 915 366 996 quod
388 927 475 972 sexus
498 907 650 966 discrimen
673 903 778 962 frustra
801 904 944 974 quaerunt
966 896 1106 972 astrologi
1129 898 1159 954 in
1175 895 1274 974 coclo;
1297 903 1381 958 tertio
1405 899 1533 976 corporis
1555 908 1632 958 tem-

285 1011 450 1084 peraturam
473 1015 490 1055 a
512 999 603 1054 matre
626 989 726 1062 traho,
759 986 862 1045 studiis
885 987 979 1061 magis
1002 991 1116 1060 aptam,
1149 1001 1237 1060 quarn
1268 985 1334 1044 aliis
1358 987 1435 1046 ritae
1458 987 1630 1064 generibus3

286 1097 390 1171 quarto
412 1103 459 1146 res
482 1089 544 1144 erat
565 1078 734 1158 parentibus
756 1091 813 1133 non
837 1072 948 1149 ample,
976 1072 1064 1150 gleba
1093 1086 1132 1131 sc.
1156 1073 1271 1144 aberat,
1303 1075 1349 1132 cui
1381 1073 1553 1134 adnascerer
1576 1073 1631 1132 ad-

285 1182 556 1248 haeresceremque3
589 1167 690 1243 quinto
713 1163 834 1223 aderaut
856 1159 987 1234 scholae,
1022 1159 1143 1219 aderant
1170 1159 1302 1237 exempla
1330 1161 1513 1221 liberalitatis
1536 1165 1632 1238 magi.

285 1275 432 1328 stratuum
452 1263 481 1317 in
503 1272 610 1335 pueros
632 1251 737 1313 studiis
759 1255 853 1325 aptos.

371 1351 429 1410 Hic
450 1348 602 1416 intersere,
630 1357 743 1400 rursum
765 1355 801 1396 ex
823 1336 941 1412 genesi,
976 1334 1156 1412 planetarum
1180 1331 1348 1394 discrimina
1377 1338 1406 1392 in
1431 1336 1636 1412 qualitatibus:

285 1441 362 1504 Nam
393 1439 418 1498 si
446 1437 546 1495 anima
574 1429 625 1488 lux
656 1426 800 1505 quaedam
832 1431 892 1496 est,
924 1421 1067 1510 discernet
1097 1423 1186 1481 etiam
1208 1421 1313 1482 Martis
1342 1423 1475 1482 rubcrcrn
1505 1421 1633 1483 adoris

287 1528 412 1592 candore
436 1521 613 1594 Saturnique
635 1515 743 1589 livera
767 1515 866 1587 itaque
887 1508 1038 1569 fatendum
1060 1517 1117 1583 est,
1146 1527 1285 1586 magnum
1307 1511 1448 1570 auxilium
1471 1529 1507 1570 ex
1528 1509 1633 1584 Marte,

286 1635 345 1677 non
364 1619 478 1674 tautum
499 1615 533 1668 ut
554 1607 634 1682 prius
657 1602 695 1662 ad
717 1601 901 1670 industriam,
932 1595 1093 1656 sedetiam
1123 1597 1159 1656 ad
1183 1599 1372 1657 acrimoniam
1393 1599 1523 1674 ingenii,
1557 1615 1633 1674 qnae

287 1704 420 1768 consistit
441 1699 470 1755 in
493 1699 523 1754 ri
546 1696 643 1770 ignea,
666 1689 826 1764 videasque
848 1679 1021 1762 praecipuos
1044 1683 1247 1760 philosophiae
1263 1683 1405 1744 naturalis
1428 1695 1457 1746 et
1471 1686 1633 1746 medicinae

286 1793 397 1871 peritos
420 1786 474 1845 suh
498 1788 635 1860 aspectus
657 1777 778 1836 idoneos
799 1773 903 1832 Martis
926 1788 991 1832 curn
1014 1771 1083 1831 Sole
1106 1771 1310 1849 Mercurioque
1332 1775 1431 1848 nasci3
1456 1776 1525 1850 quia
1548 1775 1641 1831 nimi-'

286 1897 350 1940 rum
373 1875 469 1952 majus
491 1871 644 1947 requiritur
666 1881 796 1935 acumen,
820 1861 913 1934 rnaj0r
935 1859 1053 1918 solertia
1068 1858 1106 1918 ad
1122 1849 1391 1920 eruenda'naturae
1407 1876 1522 1935 arcana,
1547 1879 1635 1938 quam

288 1967 326 2029 ad
353 1957 469 2040 reliqua'
496 1961 576 2017 ritae
605 1955 725 2030 negotia
743 1949 909 2044 'studiaque
937 1948 972 2006 iis
996 1946 1199 2011 deservientia.
1245 1948 1366 2025 Largiar
1390 1951 1478 2008 etiarn
1508 1947 1634 2025 amplius

288 2049 409 2131 aliquid,
433 2067 469 2109 ex
490 2045 569 2106 Jove
593 2059 656 2102 esse
680 2043 708 2099 ln
732 2037 805 2099 cocli
828 2034 955 2095 medium
979 2034 1103 2110 elevato,
1126 2033 1205 2112 quod
1221 2038 1314 2111 magis
1333 2033 1460 2095 delector
1475 2039 1635 2112 geometria

290 2141 320 2202 in
342 2139 473 2218 physicis
495 2133 583 2193 rebus
606 2146 758 2206 expressa,
780 2141 868 2202 quarn
892 2123 1039 2181 abstracta
1062 2121 1113 2180 illa
1136 2130 1165 2182 et
1188 2122 1304 2182 Saturni
1328 2125 1489 2183 siccitatem
1511 2141 1581 2200 prae
1605 2141 1636 2182 se

288 2232 406 2300 ferente,
431 2224 524 2299 magis
546 2221 668 2296 inquam
689 2215 821 2294 physica,
845 2227 933 2288 quarn
955 2213 1129 2286 geometria,
1153 2216 1183 2270 et
1205 2210 1283 2285 quod
1296 2211 1380 2270 Luna
1399 2212 1490 2287 gibba
1513 2213 1542 2270 in
1558 2209 1637 2270 clara

288 2317 391 2378 frontis
414 2312 560 2372 Taurinae
589 2303 810 2366 constellatione
838 2297 958 2377 impleat
987 2300 1101 2356 anlnrae
1124 2297 1340 2376 phantasticam
1363 2298 1531 2359 facultatem
1562 2302 1636 2358 ima-

289 2405 415 2484 ginibus,
439 2413 562 2477 quarum
591 2401 688 2453 tanren
710 2389 819 2448 multas
846 2394 968 2445 naturae
997 2401 1090 2444 rerum
1113 2393 1325 2447 consentaneas
1353 2389 1472 2465 reipsa
1500 2395 1636 2464 expertus

290 2511 363 2566 sum,
387 2488 467 2550 velut
490 2503 526 2544 ex
548 2481 644 2541 Procli
674 2475 924 2558 paradigmatibus
947 2467 1131 2549 delapsas’)
1174 2473 1215 2530 At
1236 2477 1262 2532 si
1290 2474 1353 2550 jam
1383 2473 1419 2534 de
1442 2482 1549 2534 eventu
1572 2481 1636 2532 stu.

291 2579 404 2641 diorum
426 2569 697 2645 meorum-loquar,
722 2563 792 2641 quid
815 2577 925 2638 quaeso
954 2576 1040 2635 porro
1063 2559 1180 2618 invenio
1206 2563 1235 2618 in
1259 2562 1359 2633 coelo,
1393 2561 1472 2640 quod
1494 2561 1531 2620 ad
1555 2562 1637 2620 illam

291 2667 339 2729 vel
361 2665 467 2725 leviter
490 2655 622 2721 alludat?
666 2649 877 2726 Philosophiae
900 2655 998 2724 partes
1021 2663 1079 2706 nou
1095 2649 1320 2708 contemnendas
1343 2667 1421 2709 ame
1445 2647 1490 2708 vel
1508 2648 1543 2708 de
1558 2665 1636 2708 noro

291 2762 407 2827 erutas,
435 2747 484 2808 vel
507 2741 692 2815 emendatas,
723 2739 771 2799 rel
794 2738 880 2814 plane
903 2735 1046 2812 perfectas
1070 2751 1143 2809 esse,
1165 2734 1295 2794 fatentur
1317 2739 1417 2814 periti:
1449 2743 1480 2796 at
1502 2755 1567 2795 mea
1589 2735 1638 2796 hie

172 2815 174 2820 Ι
255 2841 259 2858 ’
290 2841 388 2901 sidera
409 2837 489 2896 fuere
511 2847 570 2892 non
592 2828 754 2889 Mercurius
777 2823 927 2886 orientalis
950 2825 979 2880 in
1003 2823 1111 2899 angulo
1134 2823 1285 2898 septimae,
1308 2827 1337 2882 in
1361 2824 1503 2901 quadrato
1524 2823 1637 2898 Martis,

293 2928 346 2989 sed
370 2924 563 3000 Copemicus,
592 2916 643 2977 sed
666 2913 768 2992 Tycho
790 2911 937 2982 Braheua,
975 2913 1037 2968 sine
1061 2910 1143 2985 cuius
1166 2911 1404 2971 observationum
1426 2911 1507 2970 libris
1531 2913 1637 2984 omnia,

295 3032 371 3094 quae
393 3027 470 3070 nunc
494 3027 512 3068 a
534 3024 580 3066 me
600 3012 668 3064 sunt
691 3004 719 3060 in
743 3000 904 3060 clarissima
927 2997 991 3057 lucc
1014 2997 1172 3071 collocata,
1202 2999 1318 3076 sepulta
1342 3000 1474 3076 Jaecrcnt
1503 3001 1532 3057 in
1556 3009 1638 3060 tene-

294 3105 371 3177 bris3
400 3115 458 3159 non
481 3095 624 3156 Saturnus
652 3089 787 3150 dominus
810 3087 960 3158 Mercurii,
993 3085 1045 3145 sed
1070 3085 1210 3145 Caesares
1238 3077 1378 3164 Augusti,
1409 3085 1582 3163 liudolphus
1610 3093 1640 3146 et

295 3187 452 3260 Matthias,
478 3183 597 3242 Domini
619 3179 694 3254 mei;
722 3193 779 3235 non
804 3175 984 3253 planetarum
1007 3172 1180 3249 hospitium,
1205 3173 1397 3251 Capricornus
1421 3173 1555 3249 Saturni,
1587 3172 1639 3233 sed

262 3336 267 3345 ,
296 3278 415 3338 Austris
444 3272 584 3350 superior,
607 3265 742 3326 Caesaris
771 3261 875 3321 domus
898 3259 1086 3336 eiusdemque
1109 3261 1265 3320 Procerum
1292 3265 1404 3339 petenti
1426 3262 1497 3321 mihi
1526 3269 1640 3339 promta

294 3363 465 3434 liberalitas,
489 3355 614 3434 exempli
636 3371 694 3412 uon
716 3351 826 3410 usitati.
872 3349 928 3408 Hic
951 3347 1000 3407 ille
1023 3349 1147 3424 angulus
1170 3358 1227 3422 est,
1251 3367 1308 3426 uon
1332 3349 1469 3410 thematis
1492 3348 1638 3421 occiduus,

295 3453 348 3514 sed
369 3451 533 3520 Terrarum,
557 3447 586 3503 ln
609 3457 695 3519 quern
711 3437 896 3515 Imperatoris
918 3436 1036 3495 Domini
1057 3437 1115 3495 mei
1139 3453 1278 3496 concessu
1302 3455 1337 3498 ex
1360 3437 1430 3498 aula
1452 3439 1571 3496 nimium
1594 3439 1640 3495 in.
1749 3491 1752 3501 Ι

282 3543 397 3618 'quieta
418 3555 464 3596 me
487 3535 582 3610 recepi
607 3540 635 3590 et
657 3531 686 3586 in
710 3543 768 3602 quo
789 3542 841 3603 per
863 3524 951 3584 hosce
975 3541 1082 3597 annos,
1107 3523 1170 3598 jam
1193 3524 1230 3585 ad
1254 3542 1389 3585 occasum
1412 3527 1491 3584 ritae
1515 3543 1640 3603 vergen-

296 3637 349 3702 tes,
373 3625 543 3685 harmonica
565 3622 622 3678 ista
645 3623 673 3677 et
696 3631 772 3691 quae
796 3613 932 3672 eliasub
955 3612 1089 3670 manibus
1109 3611 1205 3672 habeo
1228 3615 1329 3672 enitor.
1374 3613 1495 3673 Frustra
1516 3629 1552 3673 ex
1574 3613 1640 3672 the-

295 3722 374 3777 mate
397 3710 580 3792 genethliaco
604 3721 708 3765 causas
732 3707 851 3778 quaeret
873 3699 1038 3775 astrologus
1059 3701 1242 3759 inventarum
1267 3719 1349 3762 arne
1372 3719 1448 3760 anno
1469 3701 1549 3760 1596
1572 3717 1641 3780 pro.

296 3801 472 3882 portionunr'
493 3800 568 3856 inter
591 3793 675 3854 orbes
704 3789 860 3860 coelestes,
892 3803 969 3846 enno
996 3787 1078 3844 1604
1108 3786 1186 3845 modi
1216 3787 1349 3863 videndi,
1378 3806 1454 3848 anno
1477 3788 1534 3848 hoc
1560 3789 1639 3848 16111

301 3905 465 3962 causarum,
489 3885 527 3944 ob
543 3899 617 3958 quas
640 3877 761 3938 cuilibet
782 3875 918 3950 planetae
940 3874 1061 3948 contigit
1084 3881 1166 3932 tanta
1182 3879 1388 3950 ecceutricitas,
1411 3893 1467 3936 nec
1481 3879 1574 3936 minor
1589 3892 1642 3935 nee

296 3979 407 4055 major3
432 3975 514 4054 annis
537 3965 715 4028 intermediis
739 3962 952 4021 demonstratae
974 3961 1114 4038 physicae
1135 3961 1270 4022 coelestis
1292 3964 1511 4040 modorumque,
1536 3965 1640 4040 quibua

296 4071 451 4126 morentur
474 4059 609 4137 planetae
633 4066 824 4125 verorumque
846 4056 977 4109 motuum
1000 4051 1142 4124 ipsorum,
1175 4049 1300 4127 denique
1322 4051 1575 4111 fundamentorum
1598 4049 1640 4108 ef-

296 4153 416 4214 ficaciae
439 4147 575 4210 coelestis
597 4145 625 4200 iu
648 4142 722 4199 haec
745 4137 889 4210 inferiora,
913 4134 1194 4212 metaphysicorum3
1220 4157 1277 4212 non
1300 4126 1476 4198 influxerunt
1498 4141 1555 4198 ista
1578 4155 1641 4196 curn

298 4240 464 4302 charactere
492 4233 565 4293 coeli
595 4231 623 4286 in
653 4223 831 4288 flammulam
860 4223 939 4283 illam
968 4223 1115 4282 facultatis
1144 4225 1243 4284 vitalis
1274 4244 1367 4303 nuper
1389 4229 1526 4286 incensae
1556 4229 1641 4302 inque

298 4337 395 4389 actum
417 4322 587 4404 productae,
617 4316 669 4376 sed
691 4314 796 4391 partim
827 4313 906 4370 intua
934 4314 963 4370 in
993 4312 1176 4389 penitissima
1203 4315 1317 4373 animae
1347 4317 1474 4374 essentia
1502 4314 1640 4386 latebant,

299 4413 458 4476 secundum
480 4407 665 4469 Platonicam
688 4400 848 4460 doctrinam
876 4415 964 4477 supra
987 4417 1021 4458 cx
1045 4397 1149 4458 Proclo
1172 4400 1343 4477 allegatam,
1371 4404 1475 4478 partim
1503 4402 1562 4462 alia
1585 4404 1640 4474 ria,

299 4520 350 4582 per
374 4500 474 4562 oculos
497 4499 649 4567 nimirum,
681 4493 835 4548 introrsum
857 4493 975 4565 recepta
997 4493 1081 4562 sunt3
1113 4486 1177 4547 sola
1200 4496 1228 4548 et
1250 4490 1337 4549 unica
1350 4489 1498 4548 'thematis
1520 4488 1641 4566 geneth.

183 4579 188 4588 ’
298 4587 368 4651 liaci
391 4603 480 4666 opera
501 4585 555 4644 fuit
577 4586 643 4656 ista,
666 4577 746 4655 quod
769 4584 798 4638 et
820 4577 950 4636 emunxit
971 4574 1037 4634 illos
1060 4577 1167 4652 ingenii
1186 4575 1350 4653 iudiciique
1373 4577 1518 4655 igniculos
1545 4585 1574 4636 ea
1596 4579 1642 4634 ῑῃ.

299 4733 506 4753 -μ,

377 4833 404 4880 0)
418 4825 663 4880 superstratum
677 4823 783 4870 utyrtclr
796 4821 889 4862 norma.
917 4821 985 4868 Sam,
999 4821 1025 4860 ut
1038 4819 1138 4868 apparet.
1208 4821 1244 4858 tar
1257 4819 1418 4869 lprcrprsmtt,
1434 4815 1559 4870 qaijceuru
1571 4827 1641 4858 ursan

301 4897 368 4929 uuum
382 4883 449 4936 huius
463 4879 558 4921 similem
579 4889 607 4920 ax
620 4877 678 4919 libro
692 4875 720 4917 de
733 4875 806 4918 Stella
819 4871 938 4926 tlcnjam
952 4872 1071 4923 aliquoties
1085 4869 1169 4913 lutrsf
1196 4882 1303 4912 annorum
1316 4871 1450 4913 curmculuur
1462 4871 1607 4912 rumimunt.
