3698 5534
286 339 349 400 nee
694 305 740 387 'uc
758 328 1021 400 configurationibus
1040 327 1217 384 samonem

284 516 364 574 ticne
386 520 502 590 partum
524 514 695 588 insequitur.
740 509 781 570 Ut
809 513 851 570 ita
881 510 1034 588 impressio
1055 507 1130 568 haee
1150 507 1285 569 eoelestia
1306 525 1364 569 nou
1388 512 1541 587 quisecens
1562 515 1631 569 tan-

286 608 348 662 tum
372 599 472 674 duret,
495 599 657 661 sedetiam
681 598 811 659 durando
840 615 905 659 sese
927 604 1009 662 motu
1032 597 1210 656 extensionis
1240 598 1269 654 in
1292 596 1426 674 longiora
1452 599 1532 657 vitae
1554 605 1630 656 tem-

284 706 358 767 pora
380 695 532 767 propaget
577 687 718 746 Nimirum
747 688 820 746 baec
841 686 967 746 facultas
997 701 1056 743 ncu
1080 691 1192 743 tantum
1222 685 1347 744 circulus
1372 693 1430 758 esi,
1460 684 1512 744 sed
1533 692 1630 744 motus

286 785 331 838 est
354 777 502 837 circularis
524 775 639 852 idealis,
662 783 692 834 et
715 777 739 833 is
762 777 912 848 geminus3
944 778 988 832 est
1010 770 1150 847 denique,
1173 779 1374 848 permotum,
1406 773 1493 831 etiam
1516 779 1630 850 tempus

285 863 391 924 ideala.
437 862 514 922 Vide
543 880 634 938 supra
656 862 706 922 fol.
730 864 793 921 aab
816 861 913 920 Procli
937 859 1037 918 verba.
1082 853 1175 934 Cujus
1204 861 1245 918 rei
1277 859 1441 938 exemplum
1472 877 1585 918 rursum
1613 877 1631 918 a

285 953 434 1024 memoria,
459 967 534 1026 quae
555 949 645 1026 paulo
669 953 802 1026 superior
825 956 870 1010 est
892 947 1026 1020 facultas,
1049 953 1148 1023 petere
1170 963 1336 1024 possumus.
1381 947 1454 1006 Nam
1477 949 1506 1005 in
1529 945 1631 1006 tabula

285 1039 402 1116 quidam
425 1040 584 1114 pinguntur
605 1055 652 1097 res
674 1045 788 1096 tautum
811 1054 875 1097 cum
900 1036 1115 1094 circumstantia
1138 1033 1210 1108 loci,
1243 1036 1272 1091 in
1295 1038 1435 1094 memoria
1457 1051 1526 1094 vero
1559 1051 1630 1093 con·
1718 1091 1721 1100 ,

285 1133 438 1188 servantur
459 1139 505 1184 res
528 1133 630 1202 gestae
653 1129 742 1184 etiam
767 1143 831 1184 cum
856 1123 1021 1183 characters
1044 1124 1201 1197 temporis;
1230 1120 1356 1198 deniquo
1378 1124 1407 1180 in
1430 1123 1487 1181 hoc
1509 1124 1628 1196 negotio

286 1213 476 1274 directionum
508 1212 659 1272 character
688 1215 797 1272 situum
827 1218 856 1271 et
884 1219 1015 1270 motuum
1044 1218 1173 1284 tempore
1202 1207 1390 1268 decursurum
1422 1210 1631 1286 multiplicatur

285 1305 315 1360 iu
338 1303 530 1376 cruciationes,
554 1300 712 1359 observata
733 1301 921 1376 proportione
944 1296 1043 1357 sensili
1065 1295 1214 1356 mundana
1229 1297 1428 1357 revolutionis
1450 1297 1571 1360 diurnae
1592 1295 1629 1355 ad

285 1387 506 1448 translationem
536 1389 591 1446 sub
619 1387 740 1448 zodiaco
772 1405 916 1463 annuam3
948 1387 991 1445 sic
1018 1394 1052 1444 ut
1080 1385 1263 1460 operationes
1293 1385 1355 1462 jam
1386 1385 1493 1445 distent
1519 1387 1631 1443 ratione

285 1478 424 1553 temporis
447 1494 465 1535 a
487 1476 548 1534 suis
572 1474 705 1534 stimulis.
750 1475 877 1550 Dixeris,
901 1491 967 1533 cunr
989 1475 1055 1551 ipso
1078 1488 1197 1549 corpore
1217 1475 1279 1530 nati
1310 1487 1438 1533 crescere
1466 1480 1496 1532 et
1516 1479 1631 1549 tempus

286 1564 461 1624 maracteris
484 1561 661 1638 genethliaci
683 1570 825 1623 motuum.

270 1652 294 1674 '³
372 1649 518 1726 Quicquid
548 1652 638 1726 igitur
668 1651 808 1726 astrologi
841 1647 877 1709 de
909 1650 989 1708 vitae
1020 1645 1204 1723 longitudine
1236 1645 1403 1721 praedicere
1438 1665 1473 1707 ex
1502 1647 1631 1706 themate

284 1746 487 1816 praesumunt,
517 1744 610 1797 totum
632 1737 705 1797 illud
727 1741 757 1796 in
781 1738 837 1797 hoo
868 1742 956 1814 eaput
979 1734 1170 1795 contrahitur:
1200 1733 1387 1793 directionum
1414 1733 1572 1810 praeludiis
1596 1751 1631 1794 ex

286 1828 432 1902 thernatis⁸
446 1823 621 1902 genethliaci
645 1826 736 1886 veluti
759 1825 873 1903 pulpito
897 1823 1017 1882 vitalem
1039 1821 1207 1882 facultatem
1229 1822 1467 1896 informantibus,
1492 1839 1550 1897 quo
1574 1839 1630 1899 po-

286 1917 431 1974 tissimum
453 1931 530 1973 anno
554 1914 633 1972 vitae
656 1913 809 1973 humorum
834 1929 909 1970 unus
932 1911 979 1970 vel
1003 1909 1077 1970 alter
1097 1908 1264 1967 redundans
1287 1927 1322 1968 er
1340 1927 1459 1986 corpore
1483 1910 1631 1968 exturbari

286 2009 338 2062 aut
369 2000 519 2060 sollicitari
550 1999 672 2074 debeat,
704 2001 839 2060 stimulus
871 2003 896 2058 is
927 2005 971 2057 est
1000 2005 1121 2057 naturae
1152 1995 1190 2054 ad
1217 1997 1415 2072 peragendum
1447 2013 1521 2073 opus
1544 2015 1631 2056 suum

286 2089 558 2168 extraordinarium,
582 2088 660 2164 quud
683 2091 762 2148 vitae
785 2085 986 2165 prorogandae
1010 2085 1103 2158 cedat,
1127 2101 1204 2143 mors
1226 2084 1363 2157 icastris,
1388 2087 1416 2142 in
1440 2085 1577 2156 themate,
1600 2086 1631 2142 iu

288 2178 445 2237 directione
468 2176 559 2248 nulla,
582 2175 689 2235 nedum
712 2179 813 2237 variae
836 2177 937 2234 mortis
952 2175 1076 2247 formae3
1099 2173 1220 2231 materia
1237 2175 1364 2248 corporis
1379 2179 1432 2242 est,
1457 2189 1531 2247 quae
1546 2171 1632 2230 fiam·

286 2283 365 2342 mam
387 2266 466 2324 vitae
489 2263 537 2324 vel
560 2263 705 2324 inundans
728 2264 873 2340 opprimit,
897 2261 946 2320 vel
969 2260 1104 2319 deficiens
1128 2258 1242 2333 deserit,
1266 2277 1340 2334 quaa
1363 2267 1485 2319 naturae
1508 2267 1630 2319 conatus

286 2351 409 2429 impedit
431 2353 528 2429 adque
550 2354 707 2428 perniciem
730 2351 897 2425 detorquet3
918 2356 1073 2426 peecatum
1097 2355 1148 2421 est,
1173 2345 1251 2422 qnod
1269 2363 1361 2422 genus
1376 2347 1536 2405 humanum
1558 2363 1632 2406 con-

287 2457 370 2501 cesso
394 2439 462 2498 olim
486 2439 713 2498 immortalitatis
734 2437 862 2498 remedio
886 2439 1021 2513 privavit,
1046 2435 1122 2511 quod
1147 2437 1304 2493 etiamnum
1328 2435 1464 2510 angelum
1481 2433 1631 2494 custodem

244 2605 246 2610 ι
286 2527 420 2588 aiutela
450 2529 531 2586 vitae
554 2532 655 2585 contra
679 2524 869 2598 daemonum,
899 2524 1048 2583 bominum
1080 2523 1346 2598 elementorumque
1374 2522 1501 2580 insultus
1528 2521 1631 2595 abigit,

286 2613 417 2690 impedit,
439 2612 564 2691 repellit.
610 2612 671 2672 Sed
693 2613 729 2672 de
751 2613 806 2672 hac
828 2631 859 2672 rc
882 2612 1014 2688 pluribus
1034 2609 1178 2686 agendum
1193 2615 1269 2669 esset
1290 2612 1319 2666 in
1342 2608 1503 2685 astrologia
1525 2611 1633 2685 egique

289 2719 347 2762 uon
380 2703 496 2761 concise
528 2703 648 2760 nimium
682 2703 713 2758 in
740 2701 816 2760 libro
843 2699 880 2760 de
903 2697 996 2758 Stella
1018 2697 1067 2756 fol.
1093 2699 1143 2758 43.
1174 2704 1203 2755 et
1232 2699 1261 2753 in
1291 2695 1390 2756 Tertio
1414 2697 1631 2757 Intervenientc

290 2806 369 2847 num
396 2789 444 2847 fib.
469 2796 599 2865 etseq,
630 2794 660 2847 et
681 2788 754 2848 forte
777 2789 845 2857 erit,
876 2795 909 2846 ut
935 2786 1026 2845 libros
1048 2784 1117 2844 Joh.
1142 2785 1205 2843 Pici
1228 2783 1424 2844 Mirandulani
1456 2801 1520 2843 cum
1552 2801 1634 2843 corn-

266 2877 431 2936 »mentario
454 2877 554 2950 emm,
579 2877 604 2935 si
627 2892 673 2935 me
696 2893 755 2934 rem
779 2875 919 2936 studiosis
941 2873 1146 2950 philosophiae
1167 2880 1280 2950 gratam
1302 2873 1445 2932 facturum
1472 2871 1635 2948 intelligam

287 2981 341 3024 nec
364 2962 468 3024 mediis
491 2965 663 3023 necessariis
686 2964 767 3023 fuero
791 2962 955 3022 destitutus.
1645 2969 1649 2986 ¹

375 3051 468 3124 Nunc,
492 3051 562 3127 qula
584 3051 622 3110 ad
645 3050 731 3110 finem
744 3068 878 3127 propero,
901 3050 1147 3126 comparationem
1163 3048 1339 3123 subjungam
1355 3047 1453 3106 vitalis
1472 3049 1501 3104 in
1515 3045 1632 3105 homine

287 3139 440 3199 facultatis
471 3155 536 3197 cum
567 3141 666 3197 anima
688 3138 828 3218 Telluris,
861 3155 950 3197 causa
980 3136 1106 3194 influxus
1134 3131 1318 3208 coelestium,
1353 3135 1527 3210 videturque
1559 3133 1632 3192 haec

291 3245 367 3300 esse,
391 3225 469 3302 quod
493 3227 591 3284 anima
612 3225 719 3286 Terrae
742 3225 867 3286 circulus
889 3224 965 3297 talis,
988 3224 1037 3298 qui
1060 3225 1194 3298 nuspiam
1215 3223 1323 3282 habeat
1344 3225 1455 3281 initium
1478 3221 1525 3280 vel
1547 3221 1633 3280 finem

288 3331 344 3374 uec
368 3315 406 3374 ab
429 3313 529 3388 aliqua
559 3315 604 3371 sui
627 3319 709 3391 parte
737 3316 776 3372 sit
797 3331 905 3385 nexus,
936 3320 967 3370 at
988 3311 1115 3370 hominis
1143 3309 1266 3368 facultas
1293 3309 1393 3369 vitalis
1423 3306 1530 3368 circulo
1554 3324 1634 3366 com-

287 3409 417 3479 paratur,
441 3419 460 3460 a
482 3400 617 3477 pluribus
641 3403 757 3478 punctis
780 3402 871 3460 veluti
894 3416 986 3473 nexo;
1010 3405 1167 3470 causaest,
1191 3401 1261 3472 quia
1276 3397 1471 3457 characterem
1494 3411 1634 3470 geneseos

290 3492 391 3548 anima
413 3488 521 3548 Terrae
543 3489 655 3548 nullum
679 3489 784 3560 habat,
814 3503 879 3547 curn
902 3503 1017 3562 semper
1039 3484 1141 3558 cadem
1164 3493 1294 3556 maneat,
1328 3501 1477 3559 nunquam
1500 3489 1636 3542 nascatur

291 3582 343 3636 aut
365 3575 546 3649 incendatur,
570 3575 696 3635 hominis
720 3593 789 3636 vcro
812 3578 953 3636 nativitas
975 3590 1076 3632 recens
1097 3574 1239 3647 mortique
1255 3575 1417 3648 propinqua
1439 3571 1635 3631 characterem

290 3672 370 3724 ortus
395 3665 440 3722 sui
464 3667 593 3740 recapit,
625 3665 674 3740 qui
703 3663 859 3723 zodiacum
877 3665 963 3722 certis
987 3663 1059 3718 initii
1084 3659 1208 3734 finisque
1229 3663 1346 3736 punctis
1363 3661 1555 3736 -interpungia
1600 3657 1636 3714 Et

289 3751 402 3812 Telluri
425 3750 559 3826 quidem,
593 3753 728 3828 quamvis
758 3751 954 3811 characterem
984 3746 1199 3824 genctlrliacum
1230 3765 1265 3807 ex
1289 3750 1382 3825 primu
1407 3746 1453 3805 die
1484 3744 1635 3805 creationis

291 3841 413 3913 tribuas,
436 3844 531 3898 totum
559 3847 657 3898 tamen
682 3837 756 3898 coeli
780 3840 907 3914 spatium
930 3853 1044 3912 semper
1066 3833 1108 3892 illi
1133 3843 1176 3892 cst
1199 3836 1337 3914 obvium,
1369 3833 1440 3892 nihil
1463 3836 1493 3891 in
1515 3831 1565 3890 illc
1588 3849 1635 3889 ra-

289 3929 399 3988 tionem
429 3926 520 3986 habet
551 3928 686 4002 principii
714 3925 817 3985 finisve
825 3973 835 4004 ‚
866 3933 946 3984 ortus
977 3939 1155 3995 oceasusve3
1184 3923 1294 3980 homini
1323 3921 1489 3997 superficies
1511 3918 1635 3978 Telluris

292 4013 445 4074 dimidium
468 4014 545 4073 coeli
566 4013 703 4084 occultat,
728 4020 809 4072 ortus
832 4020 861 4073 et
883 4019 1005 4072 occasus
1028 4013 1113 4083 signa
1136 4007 1296 4085 distinguit.
1343 4010 1429 4068 Patet
1443 4009 1534 4084 igitur
1555 4023 1634 4066 com-

289 4104 453 4181 parationis
474 4103 560 4160 ratio.
606 4100 750 4176 Adeoque
781 4118 852 4160 vera
881 4106 925 4158 est
946 4099 1020 4158 haec
1042 4099 1222 4171 comparatio
1244 4097 1344 4157 vitalis
1375 4099 1403 4154 in
1427 4103 1494 4156 actu
1526 4096 1635 4154 consti·

291 4198 372 4250 tutae
395 4188 545 4249 facultatis
568 4205 633 4248 cum
657 4186 764 4247 circulo
787 4205 863 4247 nexo
887 4205 923 4246 ex
946 4187 1031 4246 certis
1053 4187 1183 4260 punctis,
1214 4193 1247 4242 ut
1270 4188 1357 4244 ctiam
1386 4184 1440 4242 sub
1463 4184 1634 4270 principium

291 4279 386 4338 morbi
408 4275 471 4354 (qui
494 4293 573 4335 nova
596 4277 681 4352 quasi
703 4277 766 4332 vita
789 4282 846 4348 est,
877 4287 956 4333 nova
978 4289 1018 4332 sc.
1043 4275 1161 4347 energia
1183 4271 1282 4332 vitalis
1309 4270 1457 4331 facultatis
1486 4288 1540 4329 seu
1561 4270 1635 4328 actio

292 4365 355 4441 ejus
379 4363 624 4435 extraordinaria,
655 4362 813 4435 naturalis,
837 4369 952 4436 praeter
973 4367 1106 4419 naturam
1135 4367 1232 4419 tamen
1256 4360 1471 4420 constitutionis
1503 4359 1636 4419 usitatae.

291 4451 441 4510 humorem
465 4453 585 4510 noxium
609 4469 625 4510 a
647 4467 767 4526 corpore
791 4452 944 4510 exturbare
966 4444 1075 4526 nitens)
1096 4447 1189 4520 loeus,
1213 4465 1298 4522 quem
1321 4447 1406 4506 Luna
1427 4444 1568 4522 possedit,
1591 4445 1636 4502 in-

292 4539 363 4598 duat
385 4540 415 4595 iu
439 4541 565 4597 animam
592 4541 711 4614 vimque
735 4540 881 4614 concipiat
903 4537 994 4596 veluti
1026 4552 1114 4594 verae
1145 4535 1269 4612 alicujus
1293 4535 1412 4608 Lunae,
1440 4536 1470 4591 fn
1498 4533 1554 4592 hoc
1583 4547 1635 4590 suo

211 4656 212 4664 κ
292 4625 384 4704 gradu
408 4625 579 4700 immobilis3
610 4626 647 4686 ad
671 4628 754 4702 cujus
778 4625 921 4702 quadrata
945 4631 973 4684 et
996 4625 1132 4701 opposita
1154 4623 1221 4682 loca
1249 4626 1273 4682 si
1297 4623 1382 4682 Luna
1404 4639 1475 4681 vera
1501 4619 1636 4679 lucceio

292 4713 473 4793 pervenerit,
504 4720 609 4773 natura
630 4715 757 4777 hominis
787 4703 990 4774 exstimulatur
1016 4711 1054 4772 ad
1084 4709 1298 4788 agonisaudum
1326 4727 1391 4771 cum
1414 4707 1527 4768 morbo.
1572 4707 1637 4766 Hac
