3570 5536
480 364 618 424 iudicium
635 364 746 437 Kepleri
765 364 799 424 de
815 379 1002 426 mensurarum
1019 365 1187 436 aequatione.
1238 400 1242 409 ·
1440 369 1501 434 eli

75 545 80 554 “
161 538 252 595 doceri
269 539 393 610 publice,
410 541 558 610 propositis
577 542 757 612 documentis,
774 549 816 618 ,ιιι
833 542 975 613 adiuvetur
992 541 1161 600 subditorum
1177 542 1356 600 imbecillitas.
1392 543 1419 611 2)
1436 543 1504 600 Part

160 627 202 675 est
216 620 356 688 justitiae,
383 637 464 688 quam
493 629 521 676 et
538 637 632 678 sacrae
653 623 748 678 literae
771 623 908 678 inculcant
929 617 1091 692 populorum
1112 623 1334 680 moderatoribus.
1371 621 1441 692 Quia
1456 619 1504 676 im·

158 701 308 770 perandum
327 706 377 770 eat,
396 701 581 756 conservanda
599 701 679 756 etiam
697 701 802 772 imperii
819 717 918 756 arcana
930 708 958 756 ot
969 701 1147 756 iuramenta
1158 701 1311 758 necessaria
1331 701 1504 768 cavendaque

160 779 330 834 incommoda
343 787 371 833 et
382 779 478 834 turbae
491 779 572 834 etiam
581 795 630 850 per
642 780 809 849 indirectam,
822 781 913 849 itaque
926 782 1006 836 etiam
1019 796 1069 849 per
1079 779 1299 849 inaequalitatem
1310 794 1504 836 mensurarum.

245 859 365 913 Primum
382 859 591 914 instrumentum
610 875 670 914 esse
688 859 890 927 gubernationis
909 859 991 936 banc¹
1004 860 1225 929 inaequalitatem
1242 861 1409 930 persuadeor
1427 874 1505 926 argu·

158 937 257 1010 ruentis
275 937 326 1006 hia,
346 943 477 1007 quantum
496 953 588 994 eorum
602 938 659 1007 jam
679 938 804 994 occurrit.
841 938 930 1007 Saepe
947 946 1067 994 mutatur
1084 941 1191 1010 pondus
1209 947 1257 998 aut
1268 953 1394 996 mensura
1411 946 1459 995 aut
1470 937 1505 994 ad

159 1017 340 1074 sublevandos
369 1019 465 1087 inopes
492 1023 539 1072 aut
574 1019 601 1072 iu
628 1017 760 1094 bellorum
785 1019 1002 1074 necessitatibus.
1044 1019 1204 1088 (Belgarum
1234 1018 1349 1074 Romani
1378 1016 1505 1086 menses.)

159 1097 212 1152 Hic
229 1097 312 1165 igitur
331 1096 517 1152 consideratur
535 1103 582 1152 aut
600 1097 763 1152 existimatio
790 1099 965 1169 magistratus
991 1106 1039 1154 aut
1064 1099 1253 1169 compendium
1277 1097 1344 1168 iisci,
1363 1105 1506 1165 utrumque

142 1180 209 1248 'pcr
219 1177 362 1232 fallaciam.
390 1178 520 1232 Mensura
532 1176 603 1232 enim
620 1183 724 1232 mutata
741 1178 859 1235 admittit
877 1185 1047 1249 praetextum
1064 1178 1252 1249 impediendae
1268 1179 1394 1248 publicae
1409 1176 1507 1246 iniqui·

158 1259 223 1312 tatis
233 1298 241 1326 ‚
269 1273 319 1312 uec
345 1257 435 1310 statim
454 1255 557 1325 patefit,
584 1257 683 1311 mutari
700 1273 729 1312 re
747 1274 810 1313 vera
821 1265 917 1314 ‘rerum
934 1258 1031 1328 pretia.
1067 1256 1286 1326 Cavetur'igitur
1309 1257 1409 1312 invidia
1426 1255 1507 1322 vulgi.

163 1338 207 1393 Sic
226 1337 272 1407 qui
289 1351 430 1391 mensuras
447 1337 551 1402 minuit,
568 1335 710 1405 pretioque
728 1354 784 1393 una
799 1338 904 1406 minuit,
923 1343 1035 1406 putatur
1051 1337 1253 1406 proportionem
1265 1336 1402 1392 custodire
1418 1335 1508 1406 pristi-

159 1433 236 1482 nam,
255 1415 306 1470 etsi
324 1415 394 1470 banc
412 1414 529 1470 fortasse
553 1430 583 1470 re
600 1429 664 1469 vera
681 1421 776 1470 mutat.
813 1415 889 1483 Quae
916 1423 1094 1487 exportantur
1118 1417 1256 1486 copiosius
1283 1430 1363 1484 qnam
1389 1413 1508 1482 expedit,

159 1512 211 1552 neo
229 1495 308 1550 aliter
325 1494 443 1548 inhiberi
461 1501 588 1563 possunt,
613 1494 769 1552 introducta
796 1511 938 1552 memorre
963 1496 1118 1551 diuersitate
1144 1496 1307 1550 inhibentur.
1343 1495 1509 1548 Mercatoraa

158 1573 256 1630 lucello
288 1573 399 1628 minoris
425 1588 567 1628 mensurae
594 1590 644 1643 per
670 1573 912 1630 dissimulationem
929 1575 1085 1647 propositae
1103 1576 1252 1631 invitantur
1277 1572 1310 1627 ad
1337 1569 1509 1641 importauda

160 1654 322 1710 necessaria
357 1653 516 1708 assuefiunt
529 1655 610 1708 etiam
626 1653 728 1710 subditi
745 1655 780 1710 ad
793 1654 961 1724 capessenda
973 1655 1086 1723 imperia
1099 1660 1126 1708 et
1139 1651 1340 1724 agnoscendum
1353 1649 1508 1706 dominium.

160 1733 247 1803 Saepe
280 1732 396 1788 levicula
413 1732 527 1787 mutatio
557 1749 699 1790 mensurae
723 1735 792 1788 viam
815 1739 937 1805 praestat
972 1733 1094 1788 occultae
1119 1739 1147 1788 et
1169 1732 1326 1787 fructuosae
1352 1729 1510 1786 exactionis.

159 1814 244 1880 diunt
261 1811 343 1882 buius
360 1810 399 1865 rei
418 1811 541 1881 egregios
560 1811 678 1868 milites
695 1812 780 1870 luisse
797 1814 926 1868 Venetos.
948 1811 1116 1882 Vicini‚·qui
1133 1810 1199 1867 talia
1216 1810 1327 1878 ιιιιιιιι,
1346 1815 1447 1880 cogunt
1458 1823 1508 1864 uos

160 1892 195 1948 ad
213 1891 293 1947 idem.
666 1909 674 1938 ι

135 2041 142 2048 ¹
246 1971 408 2038 Priusquam
425 1976 516 2024 ιιιιιιιι
535 1969 645 2024 confieri
663 1970 765 2041 possit,
793 1971 916 2040 ingentes
942 1973 1071 2028 videntur
1088 1972 1185 2028 turbae
1202 1967 1372 2030 metuendae.
1408 1967 1509 2038 Magna

159 2051 261 2107 orietur
285 2049 356 2120 apud
380 2048 486 2118 plebem
505 2049 647 2116 conlusio,
666 2064 728 2104 nam
747 2049 803 2104 ιιιιι
825 2067 891 2118 gens
918 2053 1029 2122 quaeris
1057 2051 1189 2106 mensuris
1215 2049 1351 2118 ιιιιιιιιι,
1377 2048 1411 2102 iis
1438 2049 1509 2104 ritae

158 2131 335 2186 necessitates
348 2128 466 2196 metitur,
485 2127 603 2183 existam
620 2127 730 2183 fraudes
742 2129 880 2198 plurimae,
900 2132 963 2187 dum
977 2130 1140 2198 callidiores,
1158 2128 1340 2198 intelligentia
1351 2127 1508 2183 mutationis

160 2211 245 2278 abusi,
265 2209 380 2264 illudent
398 2207 581 2278 ιιιιιριιιιιιιιις
605 2207 683 2262 multi
706 2207 740 2263 de
762 2209 814 2264 hac
839 2210 1032 2279 inaequalitate
1049 2211 1185 2274 victitant,
1210 2207 1318 2265 carituri
1335 2207 1511 2262 neeessariiar

161 2293 185 2346 si
212 2290 246 2345 ab
272 2305 303 2343 ea
322 2288 512 2343 destituantur.
550 2286 642 2340 Omnis
660 2295 839 2346 mercatorum
870 2289 1037 2358 experientia
1055 2289 1250 2347 annihilabitur
1275 2299 1304 2349 et
1329 2287 1511 2347 turbabuntur

161 2367 330 2424 commercia.
376 2366 498 2432 Cumque
526 2365 612 2419 omnis
641 2367 748 2433 generis
776 2369 935 2438 compendia
962 2376 990 2422 et
1015 2367 1126 2424 fraudes
1154 2385 1202 2439 per
1228 2370 1299 2427 hauc
1325 2367 1517 2426 diversitatem¹

159 2453 344 2515 exerceantur,
362 2444 469 2500 uidetur
481 2443 632 2512 aequalitas
644 2445 751 2502 nonnisi
770 2449 882 2516 pervim
897 2448 1014 2504 stabiliri
1025 2463 1114 2519 posse.
1150 2449 1267 2506 Tantum
1280 2465 1387 2522 operae,
1405 2440 1525 2502 tautum'

160 2528 315 2597 vigilantiae
333 2525 480 2595 imponitur
497 2523 699 2591 magistratibus
717 2527 842 2582 omnibus
859 2544 876 2581 a
897 2543 1002 2582 summo
1013 2526 1049 2582 ad
1062 2535 1222 2597 postremos,
1240 2536 1271 2583 ιιι
1283 2528 1380 2582 merito
1392 2525 1510 2593 dubites,

160 2625 194 2663 an
213 2623 310 2678 operae
336 2605 452 2676 pretium
470 2604 505 2658 sit
528 2603 654 2664 laturum¹
677 2605 745 2660 haec
761 2606 806 2660 lex
826 2609 938 2677 perlata.
974 2609 1050 2664 Haec
1067 2607 1196 2665 Sisciam
1212 2607 1310 2676 tetigit,
1336 2621 1398 2661 cum
1414 2603 1512 2672 innuit,

161 2707 217 2744 rem
236 2701 297 2742 esee
314 2686 342 2740 iu
360 2685 473 2754 imperio
491 2699 561 2754 psus
578 2685 788 2757 impossibilem,
816 2687 997 2756 quomultae
1023 2687 1230 2742 communitates
1247 2702 1351 2741 merum
1369 2683 1510 2754 imperium

164 2766 286 2824 Caesaris
313 2763 347 2818 de
364 2763 437 2818 iacto
462 2771 602 2833 respuunt.
644 2764 877 2820 Considerandum
905 2767 1002 2834 otiam,
1034 2781 1141 2836 semper
1166 2766 1252 2820 luisse
1278 2764 1507 2834 inaequalitatem

103 2851 110 2860 '
161 2849 290 2903 Fortasse
308 2859 359 2897 neo
376 2843 415 2896 ita
432 2843 585 2897 necessaria
597 2851 639 2898 est
651 2843 811 2899 universalis
824 2845 984 2915 aequalitas,
1003 2844 1083 2900 modo
1102 2845 1268 2902 iutraunum
1286 2851 1392 2901 coetum
1404 2848 1512 2898 maneat

161 2941 245 2981 unum
272 2936 358 2989 genua
380 2934 531 2975 mensurae.
569 2921 600 2974 In
619 2921 736 2976 metallis
755 2923 881 2991 pretiosis
905 2925 1061 2979 necessaria
1085 2925 1138 2980 luit
1164 2925 1324 2980 universalia
1351 2923 1511 2992 aequalitas,
1567 2957 1578 2976 .

161 3001 224 3072 quia
246 3015 464 3070 quaquaversum
482 2997 640 3070 pervadunt.
677 3001 739 3056 Non
756 3003 795 3056 ita
812 3017 931 3069 merces,
956 3017 1025 3071 quas
1043 3010 1136 3060 vectas
1155 3005 1267 3074 impedit
1284 3011 1333 3062 aut
1350 3011 1448 3060 natura
1464 3007 1512 3057 aut

161 3083 249 3152 copia.
283 3081 380 3148 Neque
406 3079 477 3133 enim
503 3079 649 3134 Austriaca
675 3081 737 3135 vina
761 3081 919 3136 inferuntur
943 3081 970 3136 in
999 3082 1109 3138 Gallias.
1145 3085 1198 3139 Est
1224 3092 1315 3140 autem
1342 3084 1511 3153 quarundam

161 3162 290 3216 mercium
308 3167 406 3214 natura
423 3159 495 3228 talis,
513 3165 544 3212 ut
562 3159 597 3215 ed
615 3160 798 3216 diversitatem
816 3175 1004 3216 mensurarum
1021 3162 1124 3232 inritet,
1143 3177 1167 3216 r.
1185 3180 1208 3218 c.
1228 3163 1395 3220 frumentum
1416 3177 1511 3217 recena

163 3249 189 3297 et
207 3247 294 3307 vetus,
313 3247 431 3294 mustum
450 3246 478 3293 et
496 3240 594 3294 viuum.
630 3241 708 3307 Quae
726 3239 906 3308 inaequalitas
925 3243 978 3297 etsi
994 3241 1055 3297 tolli
1066 3249 1094 3298 et
1105 3241 1133 3296 in
1145 3242 1264 3298 valorem
1276 3245 1393 3299 haustro
1411 3245 1511 3313 potest,

161 3338 215 3376 uon
232 3319 313 3375 iacile
330 3318 358 3372 id
375 3324 468 3388 potest
485 3318 518 3372 ob
536 3319 674 3374 hominum
693 3320 925 3376 consuetudinem.

247 3399 350 3469 Opinor
366 3398 458 3466 itaque
474 3398 657 3455 mconsuttum
675 3417 744 3468 esse,
762 3402 834 3456 hanc
851 3402 940 3473 legem
966 3404 1057 3473 rogari
1075 3402 1109 3457 ad
1127 3403 1258 3474 populum
1276 3407 1324 3457 aut
1347 3397 1512 3470 promulgari

161 3480 252 3534 stetim
269 3477 354 3538 initio.
391 3475 461 3544 Quin
480 3477 570 3545 potius
588 3478 752 3547 pedetentim
770 3483 939 3549 procedatur.
976 3483 1153 3550 Magistratus
1172 3499 1221 3552 pro
1235 3497 1265 3538 se
1277 3483 1391 3552 quisque
1403 3482 1513 3549 exigant

162 3575 211 3614 sua
227 3557 328 3612 telonia
346 3563 373 3610 et
391 3556 604 3611 conuibutioncs
623 3557 758 3626 etiamque
777 3559 900 3627 publicos
919 3575 1057 3616 mensores
1077 3563 1252 3616 constituant.
1288 3559 1350 3614 Fiet
1368 3565 1398 3613 ut
1416 3557 1512 3626 vulgus

162 3638 280 3710 pertaesi
298 3637 395 3692 harum
413 3636 614 3691 discretionum
632 3636 763 3707 paulatim
781 3637 808 3692 in
834 3655 915 3694 unam
937 3639 1010 3694 illam
1033 3641 1241 3708 magistratuum
1258 3639 1346 3707 legem
1364 3645 1512 3694 transeant.

248 3715 382 3785 Equidem
400 3715 566 3770 fortitudinis
585 3723 627 3771 est
644 3717 791 3787 proprium,
809 3717 838 3771 in
856 3716 1011 3773 didioilibus
1039 3717 1166 3787 occupari
1193 3717 1227 3772 ιιι
1255 3733 1333 3772 usum
1361 3717 1512 3788 publicum,

162 3798 241 3854 modo
260 3811 314 3851 nou
341 3795 412 3850 desit
439 3795 592 3850 fortitudini
616 3797 758 3852 consilium
787 3805 815 3852 et
841 3797 1054 3867 rireumspeotlo.
1090 3798 1172 3852 Ferit
1189 3799 1279 3862 Deus,
1297 3804 1328 3852 ut
1345 3813 1361 3852 a
1378 3813 1408 3851 re
1425 3795 1514 3852 viliori

163 3876 252 3932 exorsi
272 3875 390 3930 universi
408 3874 442 3930 ad
461 3885 622 3929 consensum
642 3875 669 3928 in
686 3875 768 3930 rebus
786 3877 909 3932 maximis
927 3878 1012 3946 magis
1030 3879 1171 3946 magisque
1189 3867 1344 3932 assuefiant.

249 3958 274 4018 3)
292 3957 495 4025 Progreseionis
514 3955 667 4024 aequalitas
686 3971 720 4024 pu
734 3957 931 4012 introducenda
949 3963 976 4013 et
993 3958 1020 4018 ιι
1039 3971 1072 4010 an
1090 3957 1252 4026 principium
1270 3956 1389 4010 omnium
1407 3969 1513 4010 mensu·

162 4053 253 4094 rarum
270 4036 342 4092 idem
361 4036 589 4106 conmituendum,
608 4035 750 4105 quaeritur
766 4036 795 4091 in
813 4036 990 4106 sequentibus
1008 4035 1143 4107 capitibus
1161 4038 1292 4107 pressius·

711 4215 764 4277 Ad
788 4217 907 4296 Caput
927 4215 967 4277 Π.

249 4367 470 4437 Progressiouem
488 4380 660 4422 numerorum
679 4368 816 4424 denariam
835 4369 959 4424 existimo
977 4367 1053 4424 nullo
1071 4375 1161 4440 pacto,
1180 4367 1257 4424 nulla
1274 4383 1396 4438 unquam
1413 4367 1441 4422 ιιι
1458 4383 1514 4423 ma·

162 4451 232 4506 teria
257 4445 482 4505 labefactandam.
527 4447 580 4501 Est
605 4447 675 4501 enim
703 4463 844 4503 commune
868 4445 1006 4502 vinculum
1039 4447 1195 4502 intellectus
1222 4453 1250 4500 et
1276 4445 1410 4515 quaedam
1437 4445 1515 4514 quasi

163 4531 313 4586 communis
331 4528 425 4596 lingna
442 4528 561 4581 omnium
587 4528 724 4596 gentium,
753 4532 886 4583 enatura
909 4525 1034 4582 instituta
1059 4525 1087 4579 in
1115 4525 1259 4593 digitorum
1284 4523 1466 4592 multitudine,
1484 4538 1514 4578 re

162 4607 317 4666 bominibus
327 4607 408 4676 louge
421 4604 596 4675 familiariori,
616 4621 695 4674 quam
707 4612 772 4662 sunt
784 4606 920 4673 coelestia,
938 4610 970 4659 ut
986 4604 1017 4659 12
1029 4619 1146 4670 menses,
1165 4602 1277 4673 dodica,
1295 4601 1512 4672 spissescere.

162 4689 234 4744 Nam
252 4685 325 4756 quod
344 4685 501 4741 obtenditur
519 4685 678 4754 Scytharum
691 4686 845 4754 exemplum
858 4700 892 4740 ex
903 4681 1061 4746 Aristotele,
1078 4680 1188 4737 traditio
1200 4681 1273 4736 iutra
1285 4681 1402 4736 auctoris
1417 4680 1515 4734 librum

164 4767 296 4822 subsistit.
332 4769 388 4821 Aut
404 4763 477 4819 natio
497 4769 556 4817 erat
568 4761 648 4830 plane
659 4761 801 4817 barbarica
814 4769 841 4816 et
853 4761 886 4817 ab
896 4777 949 4816 usu
961 4759 1092 4814 sermonis
1105 4759 1243 4831 destituta,
1262 4767 1311 4816 aut
1322 4765 1397 4816 certe
1409 4757 1516 4815 fallacia

165 4853 209 4903 eat
224 4844 307 4916 talis,
334 4861 367 4902 ao
385 4843 487 4924 siquis
506 4841 624 4911 domet,
642 4841 758 4900 Latinos
776 4853 839 4905 :nou
857 4840 930 4902 ultra
947 4837 977 4899 Μ
995 4853 1137 4898 uumerus
1142 4877 1151 4909 ,
1177 4841 1243 4913 quia
1259 4837 1409 4917 posthanc
1424 4844 1515 4896 nomm
