3698 5534
295 331 358 418 eac
659 345 972 418 opportunitatum
990 345 1021 402 v.
1040 345 1271 422 mmoneomm.

214 582 216 601 ,
293 526 362 584 rias.
379 530 487 596 (xxti.)
529 523 584 589 lde
603 527 804 604 tameupergit
823 527 862 590 cb
874 527 903 588 id
917 530 992 590 iuter
1003 527 1122 588 Terram
1140 535 1170 588 et
1183 543 1291 602 aquam
1307 533 1435 588 statuere
1448 525 1639 601 diatessaron,

295 615 351 673 tria
376 627 445 670 vero
468 610 532 686 ejus
554 613 717 686 intervalia,
742 622 853 688 tonum,
876 623 992 688 tonum,
1015 617 1217 688 semitonium,
1241 614 1333 675 tribur
1356 613 1504 690 applicare
1527 615 1642 693 spatiis,

293 715 417 771 summo,
441 697 547 772 medio,
572 703 644 776 imo;
668 717 733 765 cum
748 701 792 762 iiii
815 710 909 764 certos
931 721 968 763 err
991 705 1087 764 causis
1109 705 1170 765 suis
1194 703 1382 778 quantitates.
1410 704 1467 760 ista
1489 719 1526 762 ue
1548 709 1641 764 metas

294 786 413 864 quidem
435 803 454 846 a
476 795 589 860 natura,
612 805 764 851 mensurus
789 807 857 850 rero
881 790 1040 852 seeundum
1061 790 1136 850 haee
1157 788 1378 864 gerreraiissima
1391 791 1535 866 principia
1556 789 1642 866 plane

294 873 532 936 indeterminatas
554 874 712 950 habeant,
728 883 758 936 et
780 877 888 938 sie'de
911 880 1023 940 ceteris.
1068 877 1109 936 At
1130 876 1201 936 mihi
1234 879 1361 938 unitates
1384 877 1549 950 naturales,
1581 878 1642 936 bini

293 979 337 1022 sc.
362 969 459 1024 motus
481 962 664 1038 planetarum
688 967 809 1024 extremi
833 961 903 1046 (seu
926 965 1019 1026 diunt
1043 982 1097 1024 seu
1111 963 1229 1036 horarii,
1252 963 1324 1022 nihii
1345 959 1491 1046 interest),
1515 964 1643 1042 expressi

294 1068 313 1108 a
337 1059 442 1113 natura
464 1052 492 1108 in
516 1057 610 1112 censs
632 1067 702 1112 ruas
725 1055 913 1127 quantitates,
937 1061 1005 1118 sunt
1020 1053 1170 1131 propositi,
1194 1054 1223 1110 in
1240 1052 1346 1127 quibus
1366 1051 1533 1112 harmonias
1549 1069 1643 1127 quee-

292 1155 365 1202 ram.
386 1143 506 1206 (xxm.)
546 1136 601 1197 Illo
624 1138 654 1196 iu
677 1140 861 1202 tenebrarum
893 1149 922 1200 et
944 1142 1019 1206 lucia
1041 1137 1181 1216 gradibus
1208 1141 1322 1214 quaerit
1348 1142 1551 1216 proportiones
1573 1139 1644 1198 har·

299 1229 441 1299 mouicas,
473 1225 554 1286 nullo
577 1237 710 1302 respectu
738 1227 862 1303 alicuius
893 1236 1012 1302 motusp
1038 1243 1093 1303 ego
1123 1227 1290 1288 harmonias
1319 1228 1434 1288 nonnisi
1460 1230 1487 1285 in
1516 1227 1646 1286 motibus

294 1329 413 1389 quaero.
434 1320 553 1380 (xxiva
594 1311 648 1376 Illo
666 1313 815 1390 *pauculas
837 1314 951 1391 aliquas
974 1313 1196 1378 concordantias
1212 1313 1322 1378 delibat
1344 1332 1451 1390 easque
1474 1331 1509 1374 ex
1523 1331 1644 1374 suarum

293 1399 479 1478 pyramidum
502 1401 637 1474 mixture,
661 1417 720 1478 quc
741 1401 882 1466 muudum
905 1405 967 1478 ipse
991 1404 1126 1479 privatim
1149 1403 1177 1460 iu
1194 1418 1247 1462 suo
1264 1401 1361 1468 anino
1384 1403 1494 1478 pictum
1517 1403 1642 1462 circum·

295 1497 404 1565 gestat,
427 1487 507 1548 elicit
528 1504 581 1550 sou
603 1488 641 1548 ab
664 1488 716 1548 iiio
738 1493 948 1565 repraesentari
973 1490 1094 1570 prohat,
1126 1506 1182 1566 ego
1204 1495 1298 1548 totum
1322 1505 1425 1567 corpus
1454 1489 1644 1550 harmonicae

300 1577 575 1652 contemperationis
598 1591 663 1639 cum
687 1578 822 1638 omnibus
844 1578 977 1653 partibus
1000 1579 1028 1636 in
1053 1579 1188 1640 extremis
1211 1576 1394 1653 planetarum
1421 1577 1549 1638 motibus
1572 1593 1644 1653 pro·

293 1667 365 1740 priis
387 1662 548 1724 secuudum
569 1670 664 1726 certos
687 1671 717 1724 ot
739 1665 777 1724 ab
799 1667 978 1724 astronomia
1001 1664 1213 1725 demonstratus
1236 1665 1387 1727 mensuras
1403 1666 1499 1724 inesse
1517 1663 1643 1727 demon-

293 1754 394 1812 stravi.
440 1751 500 1826 lpsi
524 1752 623 1826 itaque
645 1759 804 1830 conceptus
826 1769 898 1811 suns
920 1751 1038 1830 mundi,
1061 1752 1132 1810 mihi
1153 1750 1279 1810 mundus
1303 1753 1364 1829 ipse
1387 1769 1441 1812 seu
1463 1753 1492 1810 in
1514 1769 1551 1812 eo
1575 1770 1643 1814 rea·

293 1839 337 1900 ios
359 1839 543 1918 planetarum
565 1845 662 1898 motus
683 1848 752 1898 sunt
774 1839 939 1915 subjectum
963 1839 1132 1902 harmoniae
1155 1837 1329 1910 mundanae.
1349 1843 1457 1912 (xxv.)

381 1927 425 1986 iix
447 1927 622 2001 his'puucis
650 1933 782 1990 coootme
811 1923 951 1999 a‘rhitror,
983 1929 1037 1986 etsi
1065 1925 1102 1989 ad
1127 1925 1316 2004 intelligenda
1343 1928 1482 2002 mysteria
1511 1927 1643 1988 conferta

184 1987 186 2002 Ι
294 2013 498 2092 philosophiae
515 2011 778 2089 ,predandissimam
799 2031 900 2090 quam
921 2011 1010 2074 tradit
1033 2013 1192 2086 Robortus,
1222 2015 1389 2090 cognitione
1418 2017 1641 2090 proportionum

293 2103 526 2166 harmonicorum
557 2103 675 2162 omnino
704 2119 777 2177 opus
808 2111 870 2176 est,
903 2109 1000 2160 tamen
1032 2101 1131 2175 iilum,
1164 2103 1213 2177 qui
1246 2100 1293 2162 vel
1322 2108 1416 2160 totum
1445 2119 1520 2178 opus
1543 2118 1643 2160 meum

296 2189 423 2264 edidicit,
447 2185 545 2250 adnue
566 2205 585 2250 a
606 2191 752 2265 mysteriis
776 2189 834 2250 iilis
856 2189 1086 2266 perplexissimis
1108 2189 1275 2251 abfuturum
1301 2187 1491 2265 haud-pauiu
1512 2187 1641 2266 longius,

295 2293 333 2340 ac
365 2279 447 2357 ipsae
470 2277 508 2337 ab
531 2278 752 2336 accuratissima
774 2277 946 2339 certitudine
962 2276 1239 2336 demonstrationum
1255 2275 1525 2338 mathematicorum
1548 2293 1646 2338 reces-

292 2373 401 2426 serunt.
420 2370 532 2439 (XXVI.)
573 2380 671 2434 (contar.
685 2392 737 2433 paq.
752 2380 784 2428 tu,
800 2381 837 2426 nbi
851 2380 955 2428 diximus,
970 2390 1011 2422 cur
1024 2380 1065 2420 hoa
1079 2389 1183 2424 numeror
1198 2379 1324 2432 1-xxvr‚
1338 2379 1579 2430 meditatorium,
1594 2389 1643 2420 ror·

293 2467 434 2520 oronnam
446 2447 612 2520 monuerat
634 2455 733 2530 Atque
755 2455 803 2514 hic
822 2453 885 2531 jam
907 2455 994 2514 etiam
1018 2452 1186 2530 appendicis
1209 2453 1275 2514 finis
1298 2461 1373 2514 esto.
