3676 5536
731 365 877 423 nrnrrv.
896 366 1047 438 caputvl.
1499 371 1561 432 ate

213 548 283 608 beia
304 547 428 622 lomina,
461 550 507 608 cui
537 521 643 608 nomeu
672 554 717 608 est
743 545 891 607 residuum
912 543 971 629 (sc.
1002 555 1060 607 tres
1092 553 1214 623 quartae
1237 542 1354 630 circuli)
1374 545 1478 623 juncta
1501 553 1564 606 erat

216 637 341 713 patricio
365 638 454 713 (parti
479 654 519 696 sc.
544 645 666 713 quartae
689 631 821 717 circuli),
846 637 930 712 cujus
952 635 1092 694 nobilitas
1115 636 1144 692 in
1166 637 1326 710 geometria
1348 643 1392 694 est
1415 653 1450 695 ar
1471 640 1563 693 tetra-

214 735 301 800 gono.
345 723 422 783 Nam
455 741 490 782 ex
514 723 569 782 bac
599 733 690 783 matre
722 718 831 804 (tribus
861 719 988 804 quartis)
1011 740 1064 800 per
1085 725 1301 799 generationem
1331 725 1472 781 musicam
1495 717 1564 804 (per

214 811 393 871 additionem
420 799 511 869 'unius
535 809 690 890 diapason)
718 818 790 869 nata
812 818 856 870 est
885 827 967 889 pars,
999 818 1057 870 tres
1081 818 1218 884 octavae,
1249 813 1310 882 cui,
1345 810 1428 870 salvo
1451 809 1564 870 bonore

214 901 371 970 senatorio,
395 899 464 958 licet
483 899 546 974 jam
570 899 675 958 ducere
691 898 780 958 alliam
803 897 958 974 plebeiam,
982 901 1029 957 cui
1049 915 1154 956 nomen
1171 900 1300 974 quinque
1323 905 1456 971 octavae,
1480 898 1564 973 cujus

214 995 295 1046 ortus
319 987 421 1046 eadem
446 994 493 1045 est
515 986 658 1062 conditi03
692 1003 759 1044 nam
781 992 874 1045 mater
896 985 939 1044 illi
964 984 1079 1062 quoque
1110 985 1273 1058 residuum,
1307 987 1417 1045 scilicet
1439 993 1564 1062 quatuor

214 1077 397 1151 quintarum,
431 1081 515 1150 pater
540 1077 696 1150 patricius,
732 1091 790 1132 una
819 1076 935 1149 quinta,
970 1074 1054 1148 cujus
1085 1073 1223 1132 nobilitas
1256 1076 1432 1148 geometrica
1461 1081 1506 1133 est
1527 1089 1563 1131 ex

214 1162 444 1238 quinquangulo.
469 1161 652 1221 Duodecima
674 1177 743 1220 vero
757 1161 855 1219 circuli
878 1179 954 1237 pars,
980 1163 1033 1220 etsi
1054 1161 1103 1238 jus
1127 1163 1254 1220 civitatis
1277 1161 1367 1220 babet
1389 1163 1418 1217 in
1440 1163 1561 1231 musica,

214 1267 280 1309 euru
303 1250 366 1326 ejus
398 1251 537 1308 subteusa
567 1251 605 1307 sit
638 1251 667 1307 iu
697 1251 856 1324 geometria
887 1250 1062 1325 praecipuae
1092 1247 1267 1326 nobilitatis,
1299 1257 1358 1308 tam
1380 1259 1435 1307 sua
1457 1251 1564 1306 virtute

212 1345 314 1413 partae
346 1333 400 1418 (ob
430 1332 665 1418 congruentiam)
696 1353 783 1412 quam
814 1355 832 1394 a
863 1337 1031 1412 parentibus
1064 1344 1204 1412 acceptae
1233 1330 1316 1417 (sunt
1348 1338 1424 1395 enim
1451 1336 1563 1410 figurae

212 1423 326 1483 nobiles
349 1424 540 1500 sexangulum
564 1432 592 1482 et
614 1424 805 1498 triangulum,
834 1441 869 1483 ex
893 1441 1016 1500 quarum
1037 1423 1161 1483 laterum
1184 1422 1382 1501 duplicatione
1405 1431 1449 1498 est¹
1471 1421 1564 1482 dode·

213 1529 357 1588 cagonus,
386 1514 581 1588 praestantior
607 1510 725 1571 illis-ob
748 1527 846 1572 arcam
869 1508 1035 1590 affabilem),
1059 1519 1090 1571 at
1113 1513 1182 1587 quia
1204 1511 1279 1570 baec
1301 1527 1368 1586 pars
1391 1509 1565 1570 duodecima

214 1617 335 1659 uxorem
356 1598 461 1672 babet,
485 1599 620 1658 undecim
643 1598 879 1657 duodecimarum
902 1599 1066 1671 residuum,
1091 1615 1168 1674 quae
1192 1602 1220 1655 in
1244 1601 1357 1658 musica
1379 1597 1513 1674 adeoque
1535 1603 1565 1656 et

213 1689 242 1744 in
266 1689 426 1763 geometria
448 1688 619 1763 peregrinae
642 1694 688 1745 est
703 1688 832 1762 originis,
857 1703 949 1763 genus
973 1686 1010 1747 ad
1026 1685 1260 1762 undecangulum
1283 1688 1418 1758 reserens,
1441 1685 1564 1762 figuram

213 1792 270 1834 non
301 1774 572 1847 demonstrabilem,
608 1791 701 1851 coque
731 1776 859 1833 civitatis
889 1774 938 1849 jus
965 1774 1088 1850 adipisci
1110 1791 1169 1833 nou
1197 1781 1311 1851 potest:
1342 1773 1455 1834 nullum
1477 1775 1565 1848 igitur
1638 1804 1641 1810 ·

212 1863 333 1921 maritus
356 1864 386 1919 in
408 1863 519 1921 musica
547 1862 596 1936 jus
623 1861 714 1920 babet
735 1864 961 1939 septemviratus
994 1860 1032 1920 ad
1055 1860 1288 1922 constituendum
1311 1878 1462 1921 numerum
1487 1861 1565 1919 divi-

213 1955 327 2008 sionum
350 1949 549 2008 monochordi.
596 1949 704 2008 Contra
726 1951 755 2006 in
778 1949 1067 2024 meteorologiamoa
1090 1956 1134 2007 est
1157 1949 1243 2008 alius.
1288 1949 1362 2008 Nam
1385 1951 1565 2025 utquisque

212 2041 276 2113 ipse
299 2038 407 2096 nobilis
430 2054 483 2096 seu
506 2045 571 2095 ortu
594 2053 646 2095 seu
662 2037 772 2094 meritis
795 2034 968 2118 (scibilitate
983 2053 1023 2095 sc.
1039 2042 1091 2095 aut
1106 2031 1322 2116 congruentia),
1346 2039 1388 2096 ita
1409 2036 1565 2112 plurimum

215 2125 294 2184 valet
317 2125 499 2195 auctoritate,
522 2124 626 2199 reliqui
650 2122 776 2186 volitant
797 2123 880 2183 velut
899 2125 1035 2199 umbrac3
1058 2124 1228 2182 seminarum
1244 2125 1319 2184 ratio
1334 2123 1457 2184 babetur
1473 2122 1562 2182 nulla.
1673 2173 1674 2176 ,

211 2213 269 2271 Hic
291 2215 379 2288 igitur
400 2211 495 2270 ortilis
510 2211 558 2270 vel
574 2211 750 2286 scsquadrus
773 2219 802 2270 et
825 2210 1004 2287 sequadrus,
1038 2211 1207 2286 posthabito
1231 2227 1284 2268 suo
1304 2211 1370 2286 jura
1392 2214 1420 2269 in
1444 2213 1564 2283 musica,

213 2303 283 2375 quia
306 2301 461 2358 subtensas
484 2298 594 2358 babent
617 2298 777 2374 ignobiles,
808 2307 876 2358 sunt
898 2298 935 2357 de
957 2298 1083 2374 populo,
1118 2298 1201 2374 cujus
1225 2304 1355 2373 potestas
1378 2298 1477 2372 nulla,
1508 2300 1564 2356 nisi

211 2405 264 2464 per
286 2388 450 2446 absentiam
475 2389 705 2462 magistratuum,
728 2395 849 2462 urgente
872 2386 948 2446 mole
972 2388 1164 2462 negotiorum.
1209 2384 1275 2444 Hoc
1298 2393 1352 2459 est,
1376 2389 1400 2445 si
1423 2384 1473 2445 diu
1492 2384 1565 2445 nulli

213 2484 311 2534 essem
333 2482 469 2550 aspectus
493 2475 628 2550 primarii,
653 2474 781 2533 lacerent
803 2474 934 2532 fortassis
957 2471 1069 2549 aliquid
1092 2475 1180 2534 etiam
1203 2472 1233 2531 hi
1256 2482 1407 2550 aspectus,
1431 2491 1565 2551 praeser-

213 2565 265 2621 tim
287 2563 311 2621 si
335 2561 425 2621 Terra
447 2561 568 2620 humore
590 2560 678 2639 piena
700 2563 752 2635 sit,
787 2577 846 2637 quo
870 2578 938 2620 casu
962 2579 993 2620 se
1025 2563 1118 2636 ipsam
1142 2569 1280 2620 exonerat
1303 2561 1479 2638 quandoque
1502 2563 1565 2620 sine

213 2651 292 2709 omni
315 2649 576 2725 configurationum
598 2647 726 2707 stimulo.
775 2651 813 2708 At
836 2651 905 2725 quia
926 2648 1097 2725 plerumque
1120 2655 1237 2725 praesto
1260 2655 1328 2707 sunt
1349 2649 1487 2725 primarii,
1511 2667 1566 2707 na·

215 2745 279 2796 turn
308 2736 474 2795 sublunaris
513 2737 551 2794 ab
583 2737 619 2793 iis
655 2737 777 2812 fatigata
814 2753 871 2794 non
909 2739 997 2794 sentit
1027 2734 1161 2795 stimulos
1188 2735 1243 2794 hos
1273 2737 1408 2796 minores
1454 2736 1565 2796 Deeilis

213 2841 283 2884 vero
307 2833 336 2884 ct
359 2823 515 2895 tridecilis,
547 2841 582 2882 ex
605 2823 710 2906 illustri
734 2823 851 2899 quidem
875 2832 942 2882 sunt
964 2823 1091 2902 familia,
1121 2823 1273 2882 divisionis
1297 2824 1395 2885 circuli
1419 2825 1565 2896 denariae,

213 2929 289 2988 quae
312 2915 403 2970 utitur
425 2911 613 2988 proportione
628 2911 737 2982 divina,
761 2927 853 2986 genus
876 2919 973 2972 tamen
997 2927 1082 2970 suum
1106 2912 1190 2970 iactis
1206 2928 1264 2970 non
1280 2909 1462 2972 illustrarunt
1483 2911 1566 2992 (quia

212 3002 242 3057 in
266 2998 361 3058 solido
383 3016 440 3057 nou
465 2997 630 3057 omnimode
646 2995 827 3076 congruunt),
851 3017 905 3058 nec
928 2998 1259 3075 capitasuntfamlliaa,
1284 3009 1313 3059 et
1335 3001 1360 3058 si
1385 2999 1455 3076 qnid
1477 3003 1566 3059 etiam

213 3093 338 3163 possunt
360 3081 571 3166 (congruentes
594 3086 779 3160 aliquatenus
802 3089 830 3142 in
853 3087 943 3162 plano
967 3088 1114 3162 etiamque
1146 3103 1211 3146 eum
1234 3086 1301 3146 aliis
1324 3089 1353 3145 irr
1376 3084 1504 3169 solido),
1535 3089 1565 3146 id

214 3191 299 3233 orrvne
323 3175 496 3250 praeripitur
518 3175 590 3248 ipsis
621 3174 659 3232 ab
683 3175 872 3250 optimatibus
903 3191 938 3233 ex
961 3173 1025 3232 aliis
1048 3173 1181 3248 familiis,
1212 3180 1264 3233 aut
1286 3175 1443 3235 offuscatur
1465 3193 1565 3235 eorum

213 3263 308 3338 gloria
330 3261 484 3337 splendore
509 3261 619 3334 maJori.
654 3259 728 3319 Nanr
751 3263 776 3320 si
799 3269 904 3319 natura
925 3279 978 3337 per
1001 3268 1150 3338 aspectum
1176 3257 1242 3320 30⁰
1258 3264 1330 3322 satis
1351 3264 1407 3322 luit
1429 3267 1565 3331 exercita,

213 3350 304 3408 'l'erra
327 3351 399 3407 satis
421 3367 472 3424 per
495 3347 576 3406 illum
600 3348 760 3414 exhausta,
783 3345 887 3424 paru'm
910 3348 1082 3423 relinquitur
1104 3351 1236 3425 aspectui
1258 3351 1355 3408 vicino
1381 3347 1447 3409 36⁰
1470 3352 1565 3409 imbe-

215 3436 335 3508 cilliori,
368 3435 446 3512 quod
479 3444 623 3511 operetur.
679 3435 843 3496 Semiserto
877 3435 1003 3512 denique
1035 3437 1076 3494 30
1095 3432 1110 3466 ⁰
1142 3435 1280 3495 nobilitas
1312 3445 1357 3496 est
1389 3437 1566 3514 praecellens

215 3543 251 3583 ex
275 3515 474 3600 dodecagono,
498 3530 527 3582 ct
549 3521 643 3581 scibili
668 3532 697 3582 et
711 3539 840 3598 congruo
864 3525 977 3596 eximie,
1001 3539 1055 3583 nec
1070 3524 1247 3583 connubium
1269 3525 1462 3599 peregrinum,
1487 3523 1566 3600 qued

215 3615 244 3669 in
268 3614 379 3670 musica
401 3619 618 3687 praestruxerat
642 3610 684 3667 illi
708 3611 818 3669 aditum
843 3612 879 3668 ad
895 3610 1031 3684 bonores,
1054 3613 1085 3668 iu
1107 3609 1318 3686 meteorologia
1341 3610 1487 3672 ullatenus
1511 3613 1567 3671 ob-

213 3707 282 3759 stat.
329 3698 401 3756 Post
423 3697 745 3772 bunc‚·d0decag0num
768 3716 845 3774 quac
868 3705 1029 3772 sequuntur
1052 3697 1173 3772 figurae,
1196 3706 1255 3755 tam
1279 3701 1309 3755 in
1332 3699 1424 3757 tribus
1447 3701 1565 3758 secretis

214 3786 350 3858 familiis,
379 3787 574 3860 tetragonica,
608 3788 767 3859 trigonica,
801 3787 1009 3862 pentagonica,
1046 3803 1134 3862 quam
1161 3787 1189 3842 iu
1217 3787 1344 3845 mixtura
1366 3785 1566 3861 quindenaria,

213 3881 417 3952 praeterquam
451 3871 530 3949 quod
560 3889 659 3931 omnes
686 3873 747 3949 jam
775 3881 846 3932 sunt
874 3873 1036 3932 nobilitatis
1065 3873 1225 3946 interioris,
1255 3871 1342 3932 nulla
1369 3876 1456 3932 etiem
1479 3873 1566 3949 plane

214 3963 326 4021 babent
348 3962 452 4019 merita
474 3962 591 4036 propria
607 3958 855 4038 (congruentiae);
878 3961 978 4038 itaque
993 3961 1059 4037 lege
1077 3961 1205 4021 civitatis
1221 3959 1384 4020 inviolabili
1408 3961 1567 4019 bonoribus

215 4059 245 4111 et
268 4055 413 4126 potestate
437 4047 630 4107 constituendi
654 4056 790 4123 aspectus
812 4055 954 4108 arcentur.

301 4137 344 4194 Er
360 4135 407 4194 bis
422 4143 544 4212 apparet
565 4135 605 4204 id,
629 4135 707 4209 quod
724 4139 752 4193 in
766 4137 982 4211 prolegomenis
999 4133 1223 4212 premeridum
1240 4133 1309 4208 dixi,
1332 4137 1366 4193 in
1389 4141 1564 4210 aspectuum

213 4227 424 4284 omutttutione
445 4223 546 4280 coiere
568 4239 676 4280 cousus
691 4222 824 4282 diversos
840 4242 1006 4299 cumamque
1020 4239 1215 4296 mamercum,
1239 4229 1267 4280 et
1288 4229 1436 4280 notorum
1459 4221 1567 4280 bebere

213 4313 356 4370 deiectum
379 4327 493 4382 eorum,
518 4311 572 4384 qui
592 4309 732 4383 pluribus
746 4317 818 4368 aaut
839 4314 978 4370 insaucii
989 4313 1230 4387 praerogativis,
1253 4316 1281 4368 et
1294 4311 1448 4370 semitecto
1471 4325 1566 4385 quoe·
1671 4313 1673 4320 '

197 4399 288 4458 'dom
313 4400 393 4472 juro
422 4415 480 4456 ease
508 4398 684 4456 communio
714 4413 783 4454 mam
811 4397 981 4472 quadrato,
1021 4400 1156 4456 nimirum
1191 4395 1391 4456 affabilitatem
1420 4414 1505 4456 areae
1535 4399 1564 4454 in

215 4487 324 4562 figura,
349 4483 500 4564 quaedam
523 4501 593 4542 erem
614 4481 725 4557 sectili,
761 4500 800 4544 sc.
825 4484 1011 4544 multifariam
1034 4486 1251 4560 congruentiam
1273 4486 1304 4541 in
1320 4482 1432 4559 plan03
1456 4485 1566 4561 quibua

211 4575 328 4648 junctis
349 4575 443 4647 copiis
464 4575 636 4630 rembertus
659 4569 874 4646 quodammodo
894 4573 1047 4646 potentior
1066 4570 1168 4630 evadit
1190 4574 1253 4647 ipro
1274 4571 1389 4649 sectili,
1420 4581 1564 4646 quatenus

216 4663 351 4719 nimirum
375 4661 472 4736 potior
496 4669 539 4717 est
562 4658 797 4731 dodecagonicae
830 4674 916 4718 areae
939 4658 1095 4718 affabilitas
1118 4657 1287 4717 affabilitate
1311 4660 1409 4718 leteris
1432 4659 1564 4734 berago-
1658 4665 1664 4678 ¹

215 4750 283 4821 uici,
308 4747 377 4822 quia
400 4745 480 4804 illam
502 4747 634 4821 sequitur
656 4745 808 4824 perfectior
841 4748 870 4802 in
892 4745 982 4822 plano
1006 4746 1203 4822 congruentia.
1248 4747 1312 4806 Etsi
1335 4746 1391 4806 boc
1413 4746 1487 4809 libro
1511 4747 1563 4806 IV.

216 4837 405 4900 semisextum
428 4849 483 4910 ego
506 4835 589 4909 requi
608 4835 685 4910 jussi
705 4831 847 4908 sextilem,
870 4832 1048 4895 sedendam
1070 4838 1099 4893 in
1121 4831 1224 4911 gradu
