<?xml version="1.0" encoding="UTF-8"?>
<!DOCTYPE html PUBLIC "-//W3C//DTD XHTML 1.0 Transitional//EN"
    "http://www.w3.org/TR/xhtml1/DTD/xhtml1-transitional.dtd">
<html xmlns="http://www.w3.org/1999/xhtml" xml:lang="en" lang="en">
 <head>
  <title>
</title>
<meta http-equiv="Content-Type" content="text/html;charset=utf-8" />
  <meta name='ocr-system' content='tesseract 3.04.00' />
  <meta name='ocr-capabilities' content='ocr_page ocr_carea ocr_par ocr_line ocrx_word'/>
</head>
<body>
  <div class='ocr_page' id='page_1' title='image "./joanniskepleria26frisgoog_0197.png"; bbox 0 0 3676 5536; ppageno 0'>
   <div class='ocr_carea' id='block_1_1' title="bbox 295 386 1108 479">
    <p class='ocr_par' dir='ltr' id='par_1_1' title="bbox 295 386 1108 479">
     <span class='ocr_line' id='line_1_1' title="bbox 295 386 1108 479; baseline 0.02 -32"><span class='ocrx_word' id='word_1_1' title='bbox 295 386 355 448; x_wconf 82' lang='lat' dir='ltr'>itt</span> <span class='ocrx_word' id='word_1_2' title='bbox 824 405 866 462; x_wconf 88' lang='lat' dir='ltr'>De</span> <span class='ocrx_word' id='word_1_3' title='bbox 882 395 1108 479; x_wconf 77' lang='lat' dir='ltr'>Prop&#39;ortionihns</span> 
     </span>
    </p>
   </div>
   <div class='ocr_carea' id='block_1_2' title="bbox 292 576 1648 2246">
    <p class='ocr_par' dir='ltr' id='par_1_2' title="bbox 292 576 1648 2246">
     <span class='ocr_line' id='line_1_2' title="bbox 292 576 1641 668; baseline 0.016 -45"><span class='ocrx_word' id='word_1_4' title='bbox 292 578 362 624; x_wconf 73' lang='lat' dir='ltr'>rus</span> <span class='ocrx_word' id='word_1_5' title='bbox 384 577 592 632; x_wconf 68' lang='lat' dir='ltr'>neamenim</span> <span class='ocrx_word' id='word_1_6' title='bbox 613 576 787 656; x_wconf 72' lang='lat' dir='ltr'><strong>principales</strong></span> <span class='ocrx_word' id='word_1_7' title='bbox 810 583 936 647; x_wconf 77' lang='lat' dir='ltr'><strong>chordae</strong></span> <span class='ocrx_word' id='word_1_8' title='bbox 959 585 1068 660; x_wconf 88' lang='lat' dir='ltr'>decem,</span> <span class='ocrx_word' id='word_1_9' title='bbox 1091 603 1143 666; x_wconf 88' lang='lat' dir='ltr'>per</span> <span class='ocrx_word' id='word_1_10' title='bbox 1167 605 1231 668; x_wconf 88' lang='lat' dir='ltr'>cap.</span> <span class='ocrx_word' id='word_1_11' title='bbox 1249 591 1277 665; x_wconf 80' lang='grc'>7,</span> <span class='ocrx_word' id='word_1_12' title='bbox 1301 589 1472 648; x_wconf 80' lang='lat' dir='ltr'>omnifariae</span> <span class='ocrx_word' id='word_1_13' title='bbox 1491 601 1560 646; x_wconf 80' lang='lat' dir='ltr'>vero</span> <span class='ocrx_word' id='word_1_14' title='bbox 1582 590 1641 644; x_wconf 89' lang='lat' dir='ltr'>tre·</span> 
     </span>
     <span class='ocr_line' id='line_1_3' title="bbox 294 648 1643 754; baseline 0.021 -43"><span class='ocrx_word' id='word_1_15' title='bbox 294 648 403 726; x_wconf 83' lang='lat' dir='ltr'>decim,</span> <span class='ocrx_word' id='word_1_16' title='bbox 432 672 485 731; x_wconf 85' lang='lat' dir='ltr'>per</span> <span class='ocrx_word' id='word_1_17' title='bbox 507 675 571 738; x_wconf 89' lang='lat' dir='ltr'>cap.</span> <span class='ocrx_word' id='word_1_18' title='bbox 596 663 633 738; x_wconf 88' lang='lat'>8,</span> <span class='ocrx_word' id='word_1_19' title='bbox 660 663 693 724; x_wconf 88' lang='lat' dir='ltr'>iit</span> <span class='ocrx_word' id='word_1_20' title='bbox 715 675 747 727; x_wconf 92' lang='lat' dir='ltr'>ut</span> <span class='ocrx_word' id='word_1_21' title='bbox 769 668 827 730; x_wconf 89' lang='lat' dir='ltr'>dno</span> <span class='ocrx_word' id='word_1_22' title='bbox 850 678 933 748; x_wconf 91' lang='lat' dir='ltr'>soni,</span> <span class='ocrx_word' id='word_1_23' title='bbox 962 673 1035 734; x_wconf 91' lang='lat' dir='ltr'>diesi</span> <span class='ocrx_word' id='word_1_24' title='bbox 1059 673 1106 734; x_wconf 87' lang='lat' dir='ltr'>vel</span> <span class='ocrx_word' id='word_1_25' title='bbox 1134 673 1271 736; x_wconf 87' lang='lat' dir='ltr'>lemmate</span> <span class='ocrx_word' id='word_1_26' title='bbox 1300 676 1455 747; x_wconf 86' lang='lat' dir='ltr'>distantes,</span> <span class='ocrx_word' id='word_1_27' title='bbox 1487 675 1643 754; x_wconf 76' lang='lat' dir='ltr'>pinguntur</span> 
     </span>
     <span class='ocr_line' id='line_1_4' title="bbox 294 737 1644 837; baseline 0.018 -37"><span class='ocrx_word' id='word_1_28' title='bbox 294 737 398 800; x_wconf 84' lang='lat' dir='ltr'>eodem</span> <span class='ocrx_word' id='word_1_29' title='bbox 420 741 637 822; x_wconf 81' lang='lat' dir='ltr'>diagrammatis</span> <span class='ocrx_word' id='word_1_30' title='bbox 659 751 741 830; x_wconf 91' lang='lat' dir='ltr'>loco,</span> <span class='ocrx_word' id='word_1_31' title='bbox 772 773 826 818; x_wconf 87' lang='lat' dir='ltr'>esu</span> <span class='ocrx_word' id='word_1_32' title='bbox 848 761 874 820; x_wconf 93' lang='lat' dir='ltr'>is</span> <span class='ocrx_word' id='word_1_33' title='bbox 897 763 975 823; x_wconf 88' lang='lat' dir='ltr'>linea</span> <span class='ocrx_word' id='word_1_34' title='bbox 996 763 1035 822; x_wconf 92' lang='lat' dir='ltr'>eit</span> <span class='ocrx_word' id='word_1_35' title='bbox 1056 779 1110 822; x_wconf 90' lang='lat' dir='ltr'>sen</span> <span class='ocrx_word' id='word_1_36' title='bbox 1132 764 1314 825; x_wconf 80' lang='lat' dir='ltr'>interlineare</span> <span class='ocrx_word' id='word_1_37' title='bbox 1342 761 1543 836; x_wconf 84' lang='lat' dir='ltr'>intervallum,</span> <span class='ocrx_word' id='word_1_38' title='bbox 1573 761 1644 837; x_wconf 79' lang='lat' dir='ltr'>qitia</span> 
     </span>
     <span class='ocr_line' id='line_1_5' title="bbox 294 823 1644 928; baseline 0.016 -43"><span class='ocrx_word' id='word_1_39' title='bbox 294 823 392 888; x_wconf 89' lang='lat' dir='ltr'>disses</span> <span class='ocrx_word' id='word_1_40' title='bbox 415 837 446 889; x_wconf 88' lang='lat' dir='ltr'>et</span> <span class='ocrx_word' id='word_1_41' title='bbox 467 831 605 896; x_wconf 87' lang='lat' dir='ltr'>lemmata</span> <span class='ocrx_word' id='word_1_42' title='bbox 627 854 685 898; x_wconf 91' lang='lat' dir='ltr'>non</span> <span class='ocrx_word' id='word_1_43' title='bbox 701 853 844 906; x_wconf 86' lang='lat' dir='ltr'>canuntur</span> <span class='ocrx_word' id='word_1_44' title='bbox 866 848 1013 928; x_wconf 89' lang='lat' dir='ltr'>deinceps,</span> <span class='ocrx_word' id='word_1_45' title='bbox 1036 857 1070 910; x_wconf 91' lang='lat' dir='ltr'>ut</span> <span class='ocrx_word' id='word_1_46' title='bbox 1092 853 1154 910; x_wconf 91' lang='lat' dir='ltr'>toni</span> <span class='ocrx_word' id='word_1_47' title='bbox 1176 859 1206 912; x_wconf 93' lang='lat' dir='ltr'>et</span> <span class='ocrx_word' id='word_1_48' title='bbox 1220 853 1389 928; x_wconf 80' lang='lat' dir='ltr'>semitonia3</span> <span class='ocrx_word' id='word_1_49' title='bbox 1413 867 1473 928; x_wconf 88' lang='lat' dir='ltr'>qua</span> <span class='ocrx_word' id='word_1_50' title='bbox 1495 849 1531 909; x_wconf 89' lang='lat' dir='ltr'>de</span> <span class='ocrx_word' id='word_1_51' title='bbox 1553 863 1644 908; x_wconf 85' lang='lat' dir='ltr'>eausa</span> 
     </span>
     <span class='ocr_line' id='line_1_6' title="bbox 294 914 1645 1016; baseline 0.015 -42"><span class='ocrx_word' id='word_1_52' title='bbox 294 914 383 976; x_wconf 82' lang='lat' dir='ltr'>etiam</span> <span class='ocrx_word' id='word_1_53' title='bbox 404 916 486 978; x_wconf 83' lang='lat' dir='ltr'>nolui</span> <span class='ocrx_word' id='word_1_54' title='bbox 509 921 575 982; x_wconf 87' lang='lat' dir='ltr'>illas</span> <span class='ocrx_word' id='word_1_55' title='bbox 597 941 663 984; x_wconf 88' lang='lat' dir='ltr'>cum</span> <span class='ocrx_word' id='word_1_56' title='bbox 686 928 834 1007; x_wconf 71' lang='lat' dir='ltr'><strong>aliquibus</strong></span> <span class='ocrx_word' id='word_1_57' title='bbox 856 940 1012 998; x_wconf 89' lang='lat' dir='ltr'>semitonia</span> <span class='ocrx_word' id='word_1_58' title='bbox 1032 941 1145 998; x_wconf 89' lang='lat' dir='ltr'>minora</span> <span class='ocrx_word' id='word_1_59' title='bbox 1167 938 1272 1000; x_wconf 86' lang='lat' dir='ltr'>dicere.</span> <span class='ocrx_word' id='word_1_60' title='bbox 1318 937 1384 999; x_wconf 88' lang='lat' dir='ltr'>Hac</span> <span class='ocrx_word' id='word_1_61' title='bbox 1397 941 1484 1016; x_wconf 88' lang='lat' dir='ltr'>igitur</span> <span class='ocrx_word' id='word_1_62' title='bbox 1504 935 1540 995; x_wconf 91' lang='lat' dir='ltr'>de</span> <span class='ocrx_word' id='word_1_63' title='bbox 1555 951 1645 994; x_wconf 88' lang='lat' dir='ltr'>cenea</span> 
     </span>
     <span class='ocr_line' id='line_1_7' title="bbox 294 1001 1644 1104; baseline 0.015 -43"><span class='ocrx_word' id='word_1_64' title='bbox 294 1001 499 1080; x_wconf 80' lang='lat' dir='ltr'>praefigendas</span> <span class='ocrx_word' id='word_1_65' title='bbox 521 1009 601 1070; x_wconf 84' lang='lat' dir='ltr'>suere</span> <span class='ocrx_word' id='word_1_66' title='bbox 623 1011 708 1075; x_wconf 90' lang='lat' dir='ltr'>lincis</span> <span class='ocrx_word' id='word_1_67' title='bbox 732 1027 761 1078; x_wconf 90' lang='lat' dir='ltr'>et</span> <span class='ocrx_word' id='word_1_68' title='bbox 783 1022 953 1100; x_wconf 84' lang='lat' dir='ltr'>intervallis,</span> <span class='ocrx_word' id='word_1_69' title='bbox 976 1025 1149 1086; x_wconf 88' lang='lat' dir='ltr'>chordarum</span> <span class='ocrx_word' id='word_1_70' title='bbox 1164 1028 1350 1104; x_wconf 83' lang='lat' dir='ltr'>imaginibus,</span> <span class='ocrx_word' id='word_1_71' title='bbox 1374 1033 1472 1086; x_wconf 85' lang='lat' dir='ltr'>certae</span> <span class='ocrx_word' id='word_1_72' title='bbox 1487 1031 1584 1098; x_wconf 89' lang='lat' dir='ltr'>notae,</span> <span class='ocrx_word' id='word_1_73' title='bbox 1608 1039 1644 1081; x_wconf 82' lang='lat' dir='ltr'>ex</span> 
     </span>
     <span class='ocr_line' id='line_1_8' title="bbox 294 1089 1644 1192; baseline 0.018 -47"><span class='ocrx_word' id='word_1_74' title='bbox 294 1089 401 1164; x_wconf 88' lang='lat' dir='ltr'>quibus</span> <span class='ocrx_word' id='word_1_75' title='bbox 423 1101 532 1154; x_wconf 82' lang='lat' dir='ltr'>cantus·</span> <span class='ocrx_word' id='word_1_76' title='bbox 549 1097 637 1160; x_wconf 90' lang='lat' dir='ltr'>durus</span> <span class='ocrx_word' id='word_1_77' title='bbox 660 1121 678 1162; x_wconf 88' lang='lat' dir='ltr'>a</span> <span class='ocrx_word' id='word_1_78' title='bbox 700 1105 782 1166; x_wconf 92' lang='lat' dir='ltr'>molli</span> <span class='ocrx_word' id='word_1_79' title='bbox 805 1112 1046 1176; x_wconf 76' lang='lat' dir='ltr'>internosceretur</span> <span class='ocrx_word' id='word_1_80' title='bbox 1068 1122 1271 1192; x_wconf 78' lang='lat' dir='ltr'>constaretque</span> <span class='ocrx_word' id='word_1_81' title='bbox 1293 1115 1375 1174; x_wconf 92' lang='lat' dir='ltr'>locus</span> <span class='ocrx_word' id='word_1_82' title='bbox 1397 1113 1557 1184; x_wconf 87' lang='lat' dir='ltr'>semitonii,</span> <span class='ocrx_word' id='word_1_83' title='bbox 1581 1109 1644 1169; x_wconf 85' lang='lat' dir='ltr'>sire</span> 
     </span>
     <span class='ocr_line' id='line_1_9' title="bbox 295 1175 1645 1278; baseline 0.019 -47"><span class='ocrx_word' id='word_1_84' title='bbox 295 1175 441 1254; x_wconf 81' lang='lat' dir='ltr'>ordinarii,</span> <span class='ocrx_word' id='word_1_85' title='bbox 465 1198 518 1242; x_wconf 89' lang='lat' dir='ltr'>scu</span> <span class='ocrx_word' id='word_1_86' title='bbox 541 1187 628 1246; x_wconf 89' lang='lat' dir='ltr'>etiam</span> <span class='ocrx_word' id='word_1_87' title='bbox 652 1198 833 1267; x_wconf 89' lang='lat' dir='ltr'>ceterorum,</span> <span class='ocrx_word' id='word_1_88' title='bbox 864 1217 900 1261; x_wconf 83' lang='lat' dir='ltr'>ex</span> <span class='ocrx_word' id='word_1_89' title='bbox 923 1204 999 1261; x_wconf 86' lang='lat' dir='ltr'>tonis</span> <span class='ocrx_word' id='word_1_90' title='bbox 1022 1203 1181 1278; x_wconf 75' lang='lat' dir='ltr'>majoribus</span> <span class='ocrx_word' id='word_1_91' title='bbox 1209 1203 1414 1262; x_wconf 87' lang='lat' dir='ltr'>abscissurum.</span> <span class='ocrx_word' id='word_1_92' title='bbox 1458 1199 1512 1258; x_wconf 86' lang='lat' dir='ltr'>Est</span> <span class='ocrx_word' id='word_1_93' title='bbox 1534 1195 1645 1258; x_wconf 80' lang='lat' dir='ltr'>etalio</span> 
     </span>
     <span class='ocr_line' id='line_1_10' title="bbox 294 1267 1646 1366; baseline 0.024 -43"><span class='ocrx_word' id='word_1_94' title='bbox 294 1267 454 1326; x_wconf 74' lang='lat' dir='ltr'>neemsitee</span> <span class='ocrx_word' id='word_1_95' title='bbox 477 1271 633 1350; x_wconf 83' lang='lat' dir='ltr'>occultior,</span> <span class='ocrx_word' id='word_1_96' title='bbox 664 1295 721 1339; x_wconf 90' lang='lat' dir='ltr'>nnn</span> <span class='ocrx_word' id='word_1_97' title='bbox 745 1299 781 1342; x_wconf 87' lang='lat' dir='ltr'>ex</span> <span class='ocrx_word' id='word_1_98' title='bbox 804 1284 973 1350; x_wconf 79' lang='lat' dir='ltr'>diversitate</span> <span class='ocrx_word' id='word_1_99' title='bbox 996 1307 1152 1366; x_wconf 86' lang='lat' dir='ltr'>generum,</span> <span class='ocrx_word' id='word_1_100' title='bbox 1182 1289 1234 1350; x_wconf 92' lang='lat' dir='ltr'>scd</span> <span class='ocrx_word' id='word_1_101' title='bbox 1264 1291 1294 1349; x_wconf 91' lang='lat' dir='ltr'>in</span> <span class='ocrx_word' id='word_1_102' title='bbox 1318 1287 1451 1366; x_wconf 84' lang='lat' dir='ltr'>quolibet</span> <span class='ocrx_word' id='word_1_103' title='bbox 1473 1293 1578 1355; x_wconf 72' lang='lat' dir='ltr'>mutu,</span> <span class='ocrx_word' id='word_1_104' title='bbox 1610 1301 1646 1344; x_wconf 74' lang='lat' dir='ltr'>t³¹</span> 
     </span>
     <span class='ocr_line' id='line_1_11' title="bbox 294 1351 1646 1454; baseline 0.015 -45"><span class='ocrx_word' id='word_1_105' title='bbox 294 1351 503 1428; x_wconf 67' lang='lat' dir='ltr'>inaequalitate</span> <span class='ocrx_word' id='word_1_106' title='bbox 533 1367 668 1426; x_wconf 90' lang='lat' dir='ltr'>tonorum</span> <span class='ocrx_word' id='word_1_107' title='bbox 696 1369 816 1446; x_wconf 79' lang='lat' dir='ltr'>majoris</span> <span class='ocrx_word' id='word_1_108' title='bbox 845 1382 875 1434; x_wconf 91' lang='lat' dir='ltr'>et</span> <span class='ocrx_word' id='word_1_109' title='bbox 896 1379 1028 1450; x_wconf 90' lang='lat' dir='ltr'>minoris,</span> <span class='ocrx_word' id='word_1_110' title='bbox 1060 1385 1092 1436; x_wconf 92' lang='lat' dir='ltr'>ut</span> <span class='ocrx_word' id='word_1_111' title='bbox 1114 1379 1134 1438; x_wconf 92' lang='lat' dir='ltr'>ii</span> <span class='ocrx_word' id='word_1_112' title='bbox 1157 1380 1187 1437; x_wconf 94' lang='lat' dir='ltr'>in</span> <span class='ocrx_word' id='word_1_113' title='bbox 1211 1376 1470 1454; x_wconf 85' lang='lat' dir='ltr'>diagrammatibue</span> <span class='ocrx_word' id='word_1_114' title='bbox 1493 1376 1551 1434; x_wconf 90' lang='lat' dir='ltr'>sint</span> <span class='ocrx_word' id='word_1_115' title='bbox 1573 1387 1646 1432; x_wconf 87' lang='lat' dir='ltr'>con·</span> 
     </span>
     <span class='ocr_line' id='line_1_12' title="bbox 294 1439 1646 1542; baseline 0.016 -44"><span class='ocrx_word' id='word_1_116' title='bbox 294 1443 341 1498; x_wconf 86' lang='lat' dir='ltr'>tre</span> <span class='ocrx_word' id='word_1_117' title='bbox 361 1455 393 1500; x_wconf 88' lang='lat' dir='ltr'>es</span> <span class='ocrx_word' id='word_1_118' title='bbox 416 1439 554 1506; x_wconf 89' lang='lat' dir='ltr'>distincti.</span> <span class='ocrx_word' id='word_1_119' title='bbox 598 1449 674 1513; x_wconf 79' lang='lat' dir='ltr'>unm</span> <span class='ocrx_word' id='word_1_120' title='bbox 697 1456 828 1535; x_wconf 89' lang='lat' dir='ltr'>syllabas</span> <span class='ocrx_word' id='word_1_121' title='bbox 856 1460 901 1538; x_wconf 87' lang='lat' dir='ltr'>Ut,</span> <span class='ocrx_word' id='word_1_122' title='bbox 925 1465 979 1542; x_wconf 83' lang='lat' dir='ltr'>Rc,</span> <span class='ocrx_word' id='word_1_123' title='bbox 1003 1465 1049 1524; x_wconf 78' lang='lat' dir='ltr'>dii</span> <span class='ocrx_word' id='word_1_124' title='bbox 1070 1481 1189 1527; x_wconf 84' lang='lat' dir='ltr'>necesse</span> <span class='ocrx_word' id='word_1_125' title='bbox 1212 1474 1256 1526; x_wconf 90' lang='lat' dir='ltr'>est</span> <span class='ocrx_word' id='word_1_126' title='bbox 1278 1482 1343 1526; x_wconf 88' lang='lat' dir='ltr'>cese</span> <span class='ocrx_word' id='word_1_127' title='bbox 1365 1463 1516 1541; x_wconf 86' lang='lat' dir='ltr'>generales</span> <span class='ocrx_word' id='word_1_128' title='bbox 1538 1468 1569 1521; x_wconf 90' lang='lat' dir='ltr'>et</span> <span class='ocrx_word' id='word_1_129' title='bbox 1589 1477 1646 1536; x_wconf 85' lang='lat' dir='ltr'>ap·</span> 
     </span>
     <span class='ocr_line' id='line_1_13' title="bbox 294 1523 1647 1630; baseline 0.017 -47"><span class='ocrx_word' id='word_1_130' title='bbox 294 1523 446 1602; x_wconf 87' lang='lat' dir='ltr'>plicabilee</span> <span class='ocrx_word' id='word_1_131' title='bbox 474 1537 534 1593; x_wconf 88' lang='lat' dir='ltr'>tam</span> <span class='ocrx_word' id='word_1_132' title='bbox 564 1539 670 1614; x_wconf 79' lang='lat' dir='ltr'>majori</span> <span class='ocrx_word' id='word_1_133' title='bbox 701 1561 789 1620; x_wconf 89' lang='lat' dir='ltr'>qnam</span> <span class='ocrx_word' id='word_1_134' title='bbox 818 1550 921 1610; x_wconf 90' lang='lat' dir='ltr'>minori</span> <span class='ocrx_word' id='word_1_135' title='bbox 951 1561 1037 1628; x_wconf 87' lang='lat' dir='ltr'>tono,</span> <span class='ocrx_word' id='word_1_136' title='bbox 1078 1565 1176 1630; x_wconf 53' lang='lat' dir='ltr'>quare*</span> <span class='ocrx_word' id='word_1_137' title='bbox 1198 1560 1345 1630; x_wconf 89' lang='lat' dir='ltr'>utcunque</span> <span class='ocrx_word' id='word_1_138' title='bbox 1376 1550 1557 1612; x_wconf 78' lang='lat' dir='ltr'>satisfaciant</span> <span class='ocrx_word' id='word_1_139' title='bbox 1589 1547 1647 1606; x_wconf 87' lang='lat' dir='ltr'>hae</span> 
     </span>
     <span class='ocr_line' id='line_1_14' title="bbox 294 1611 1646 1719; baseline 0.017 -48"><span class='ocrx_word' id='word_1_140' title='bbox 294 1611 545 1682; x_wconf 89' lang='lat' dir='ltr'>denominationes</span> <span class='ocrx_word' id='word_1_141' title='bbox 567 1641 672 1689; x_wconf 88' lang='lat' dir='ltr'>canere</span> <span class='ocrx_word' id='word_1_142' title='bbox 694 1631 875 1696; x_wconf 81' lang='lat' dir='ltr'>discentibus</span> <span class='ocrx_word' id='word_1_143' title='bbox 897 1646 926 1698; x_wconf 92' lang='lat' dir='ltr'>et</span> <span class='ocrx_word' id='word_1_144' title='bbox 949 1641 1094 1714; x_wconf 84' lang='lat' dir='ltr'>organicis</span> <span class='ocrx_word' id='word_1_145' title='bbox 1116 1642 1261 1719; x_wconf 88' lang='lat' dir='ltr'>practicis,</span> <span class='ocrx_word' id='word_1_146' title='bbox 1285 1649 1317 1701; x_wconf 87' lang='lat' dir='ltr'>at</span> <span class='ocrx_word' id='word_1_147' title='bbox 1337 1638 1505 1699; x_wconf 89' lang='lat' dir='ltr'>theoreticis</span> <span class='ocrx_word' id='word_1_148' title='bbox 1527 1637 1646 1695; x_wconf 85' lang='lat' dir='ltr'>minime</span> 
     </span>
     <span class='ocr_line' id='line_1_15' title="bbox 292 1701 1647 1806; baseline 0.015 -44"><span class='ocrx_word' id='word_1_149' title='bbox 292 1701 485 1766; x_wconf 76' lang='lat' dir='ltr'>militantum.</span> <span class='ocrx_word' id='word_1_150' title='bbox 527 1709 573 1770; x_wconf 84' lang='lat' dir='ltr'>Ex</span> <span class='ocrx_word' id='word_1_151' title='bbox 595 1713 652 1774; x_wconf 90' lang='lat' dir='ltr'>hoc</span> <span class='ocrx_word' id='word_1_152' title='bbox 674 1719 762 1796; x_wconf 89' lang='lat' dir='ltr'>igitur</span> <span class='ocrx_word' id='word_1_153' title='bbox 784 1723 881 1784; x_wconf 85' lang='lat' dir='ltr'>officio</span> <span class='ocrx_word' id='word_1_154' title='bbox 903 1726 960 1788; x_wconf 88' lang='lat' dir='ltr'>bac</span> <span class='ocrx_word' id='word_1_155' title='bbox 982 1728 1103 1802; x_wconf 89' lang='lat' dir='ltr'>literae,</span> <span class='ocrx_word' id='word_1_156' title='bbox 1137 1727 1254 1805; x_wconf 88' lang='lat' dir='ltr'>quando</span> <span class='ocrx_word' id='word_1_157' title='bbox 1276 1727 1476 1806; x_wconf 77' lang='lat' dir='ltr'>praefiguntur</span> <span class='ocrx_word' id='word_1_158' title='bbox 1496 1723 1647 1801; x_wconf 89' lang='lat' dir='ltr'>diagram-</span> 
     </span>
     <span class='ocr_line' id='line_1_16' title="bbox 292 1789 1645 1892; baseline 0.015 -41"><span class='ocrx_word' id='word_1_159' title='bbox 292 1789 387 1864; x_wconf 81' lang='lat' dir='ltr'>natu,</span> <span class='ocrx_word' id='word_1_160' title='bbox 411 1791 511 1854; x_wconf 81' lang='lat' dir='ltr'>dures</span> <span class='ocrx_word' id='word_1_161' title='bbox 532 1799 675 1882; x_wconf 87' lang='lat' dir='ltr'>appellari</span> <span class='ocrx_word' id='word_1_162' title='bbox 697 1807 809 1884; x_wconf 86' lang='lat' dir='ltr'>solent,</span> <span class='ocrx_word' id='word_1_163' title='bbox 843 1814 922 1889; x_wconf 92' lang='lat' dir='ltr'>qnod</span> <span class='ocrx_word' id='word_1_164' title='bbox 945 1817 1068 1877; x_wconf 84' lang='lat' dir='ltr'>sinaiis</span> <span class='ocrx_word' id='word_1_165' title='bbox 1091 1819 1202 1876; x_wconf 89' lang='lat' dir='ltr'>cantori</span> <span class='ocrx_word' id='word_1_166' title='bbox 1231 1833 1288 1876; x_wconf 92' lang='lat' dir='ltr'>non</span> <span class='ocrx_word' id='word_1_167' title='bbox 1312 1822 1414 1892; x_wconf 86' lang='lat' dir='ltr'>petent</span> <span class='ocrx_word' id='word_1_168' title='bbox 1443 1815 1594 1890; x_wconf 74' lang='lat' dir='ltr'>ingruerat</span> <span class='ocrx_word' id='word_1_169' title='bbox 1616 1811 1645 1866; x_wconf 87' lang='lat' dir='ltr'>iu</span> 
     </span>
     <span class='ocr_line' id='line_1_17' title="bbox 293 1871 1646 1979; baseline 0.019 -44"><span class='ocrx_word' id='word_1_170' title='bbox 293 1871 482 1952; x_wconf 73' lang='lat' dir='ltr'>diagramma</span> <span class='ocrx_word' id='word_1_171' title='bbox 526 1883 656 1949; x_wconf 87' lang='lat' dir='ltr'>Eaedem</span> <span class='ocrx_word' id='word_1_172' title='bbox 686 1911 756 1956; x_wconf 80' lang='lat' dir='ltr'>vcro</span> <span class='ocrx_word' id='word_1_173' title='bbox 784 1895 887 1961; x_wconf 88' lang='lat' dir='ltr'>literae</span> <span class='ocrx_word' id='word_1_174' title='bbox 918 1905 1007 1964; x_wconf 91' lang='lat' dir='ltr'>etiam</span> <span class='ocrx_word' id='word_1_175' title='bbox 1036 1903 1211 1964; x_wconf 86' lang='lat' dir='ltr'>adhibentur</span> <span class='ocrx_word' id='word_1_176' title='bbox 1241 1906 1269 1962; x_wconf 94' lang='lat' dir='ltr'>in</span> <span class='ocrx_word' id='word_1_177' title='bbox 1293 1905 1409 1979; x_wconf 86' lang='lat' dir='ltr'>organis</span> <span class='ocrx_word' id='word_1_178' title='bbox 1432 1901 1565 1975; x_wconf 88' lang='lat' dir='ltr'>musicis,</span> <span class='ocrx_word' id='word_1_179' title='bbox 1600 1900 1646 1956; x_wconf 88' lang='lat' dir='ltr'>in·</span> 
     </span>
     <span class='ocr_line' id='line_1_18' title="bbox 294 1964 1646 2070; baseline 0.015 -46"><span class='ocrx_word' id='word_1_180' title='bbox 294 1964 459 2026; x_wconf 84' lang='lat' dir='ltr'>scribuntur</span> <span class='ocrx_word' id='word_1_181' title='bbox 481 1972 557 2030; x_wconf 82' lang='lat' dir='ltr'>anim</span> <span class='ocrx_word' id='word_1_182' title='bbox 579 1981 740 2043; x_wconf 89' lang='lat' dir='ltr'>manubriis</span> <span class='ocrx_word' id='word_1_183' title='bbox 761 1983 937 2062; x_wconf 89' lang='lat' dir='ltr'>plectrorum</span> <span class='ocrx_word' id='word_1_184' title='bbox 960 1993 990 2050; x_wconf 93' lang='lat' dir='ltr'>in</span> <span class='ocrx_word' id='word_1_185' title='bbox 1012 1993 1119 2065; x_wconf 89' lang='lat' dir='ltr'>tensis,</span> <span class='ocrx_word' id='word_1_186' title='bbox 1149 2000 1200 2051; x_wconf 92' lang='lat' dir='ltr'>aut</span> <span class='ocrx_word' id='word_1_187' title='bbox 1229 1991 1447 2070; x_wconf 89' lang='lat' dir='ltr'>epistorniorum</span> <span class='ocrx_word' id='word_1_188' title='bbox 1476 1989 1505 2046; x_wconf 92' lang='lat' dir='ltr'>ln</span> <span class='ocrx_word' id='word_1_189' title='bbox 1529 1986 1646 2058; x_wconf 86' lang='lat' dir='ltr'>inflatis,</span> 
     </span>
     <span class='ocr_line' id='line_1_19' title="bbox 294 2054 1646 2174; baseline 0.015 -57"><span class='ocrx_word' id='word_1_190' title='bbox 294 2066 394 2126; x_wconf 68' lang='lat' dir='ltr'>equa</span> <span class='ocrx_word' id='word_1_191' title='bbox 415 2054 604 2135; x_wconf 76' lang='lat' dir='ltr'>inscriptione</span> <span class='ocrx_word' id='word_1_192' title='bbox 631 2071 783 2132; x_wconf 89' lang='lat' dir='ltr'>manubria</span> <span class='ocrx_word' id='word_1_193' title='bbox 807 2073 859 2135; x_wconf 91' lang='lat' dir='ltr'>illa</span> <span class='ocrx_word' id='word_1_194' title='bbox 887 2081 1004 2155; x_wconf 81' lang='lat' dir='ltr'>privato</span> <span class='ocrx_word' id='word_1_195' title='bbox 1024 2079 1091 2155; x_wconf 89' lang='lat' dir='ltr'>jure</span> <span class='ocrx_word' id='word_1_196' title='bbox 1120 2077 1219 2138; x_wconf 80' lang='lat' dir='ltr'>cla&#39;vcs</span> <span class='ocrx_word' id='word_1_197' title='bbox 1244 2078 1392 2152; x_wconf 87' lang='lat' dir='ltr'>dicuntur,</span> <span class='ocrx_word' id='word_1_198' title='bbox 1427 2083 1456 2137; x_wconf 87' lang='lat' dir='ltr'>et</span> <span class='ocrx_word' id='word_1_199' title='bbox 1479 2073 1550 2136; x_wconf 91' lang='lat' dir='ltr'>ordo</span> <span class='ocrx_word' id='word_1_200' title='bbox 1572 2075 1646 2174; x_wconf 74' lang='lat' dir='ltr'>ipse3</span> 
     </span>
     <span class='ocr_line' id='line_1_20' title="bbox 294 2149 1648 2246; baseline 0.027 -49"><span class='ocrx_word' id='word_1_201' title='bbox 294 2153 347 2198; x_wconf 82' lang='lat' dir='ltr'>seu</span> <span class='ocrx_word' id='word_1_202' title='bbox 367 2149 499 2218; x_wconf 79' lang='lat' dir='ltr'>systema</span> <span class='ocrx_word' id='word_1_203' title='bbox 526 2165 562 2206; x_wconf 82' lang='lat' dir='ltr'>ex</span> <span class='ocrx_word' id='word_1_204' title='bbox 593 2157 753 2218; x_wconf 87' lang='lat' dir='ltr'>manubriis</span> <span class='ocrx_word' id='word_1_205' title='bbox 776 2165 911 2226; x_wconf 87' lang='lat' dir='ltr'>omnibus</span> <span class='ocrx_word' id='word_1_206' title='bbox 941 2166 1132 2239; x_wconf 83' lang='lat' dir='ltr'>cleviarium,</span> <span class='ocrx_word' id='word_1_207' title='bbox 1162 2165 1217 2230; x_wconf 77' lang='lat' dir='ltr'>bne</span> <span class='ocrx_word' id='word_1_208' title='bbox 1244 2161 1375 2246; x_wconf 63' lang='lat' dir='ltr'>diutim,</span> <span class='ocrx_word' id='word_1_209' title='bbox 1406 2172 1435 2224; x_wconf 80' lang='lat' dir='ltr'>ti</span> <span class='ocrx_word' id='word_1_210' title='bbox 1462 2165 1648 2222; x_wconf 63' lang='lat' dir='ltr'>instrumenti</span> 
     </span>
    </p>
   </div>
   <div class='ocr_carea' id='block_1_3' title="bbox 294 2228 1648 2420">
    <p class='ocr_par' dir='ltr' id='par_1_3' title="bbox 294 2228 1648 2420">
     <span class='ocr_line' id='line_1_21' title="bbox 294 2228 1648 2329; baseline 0.018 -46"><span class='ocrx_word' id='word_1_211' title='bbox 294 2241 387 2302; x_wconf 88' lang='lat' dir='ltr'>genus</span> <span class='ocrx_word' id='word_1_212' title='bbox 410 2228 656 2316; x_wconf 78' lang='lat' dir='ltr'>alarichordium,</span> <span class='ocrx_word' id='word_1_213' title='bbox 680 2245 758 2320; x_wconf 91' lang='lat' dir='ltr'>quod</span> <span class='ocrx_word' id='word_1_214' title='bbox 782 2249 909 2314; x_wconf 87' lang='lat' dir='ltr'>chordae</span> <span class='ocrx_word' id='word_1_215' title='bbox 932 2255 1082 2329; x_wconf 88' lang='lat' dir='ltr'>cleribus,</span> <span class='ocrx_word' id='word_1_216' title='bbox 1106 2253 1162 2313; x_wconf 93' lang='lat' dir='ltr'>boe</span> <span class='ocrx_word' id='word_1_217' title='bbox 1185 2260 1230 2314; x_wconf 92' lang='lat' dir='ltr'>est</span> <span class='ocrx_word' id='word_1_218' title='bbox 1252 2253 1410 2312; x_wconf 78' lang='lat' dir='ltr'>rrranubriis</span> <span class='ocrx_word' id='word_1_219' title='bbox 1431 2251 1501 2312; x_wconf 84' lang='lat' dir='ltr'>ioris</span> <span class='ocrx_word' id='word_1_220' title='bbox 1524 2248 1648 2326; x_wconf 91' lang='lat' dir='ltr'>deprcs-</span> 
     </span>
     <span class='ocr_line' id='line_1_22' title="bbox 295 2313 1061 2420; baseline 0.037 -49"><span class='ocrx_word' id='word_1_221' title='bbox 295 2314 335 2372; x_wconf 90' lang='lat' dir='ltr'>eis</span> <span class='ocrx_word' id='word_1_222' title='bbox 357 2313 534 2396; x_wconf 87' lang='lat' dir='ltr'>plectrisque</span> <span class='ocrx_word' id='word_1_223' title='bbox 557 2325 635 2388; x_wconf 89' lang='lat' dir='ltr'>intus</span> <span class='ocrx_word' id='word_1_224' title='bbox 658 2333 875 2414; x_wconf 82' lang='lat' dir='ltr'>exsilientibus,</span> <span class='ocrx_word' id='word_1_225' title='bbox 899 2341 1061 2420; x_wconf 74' lang='lat' dir='ltr'>pulsentur.</span> 
     </span>
    </p>
   </div>
   <div class='ocr_carea' id='block_1_4' title="bbox 251 2399 1664 3816">
    <p class='ocr_par' dir='ltr' id='par_1_4' title="bbox 251 2399 1664 3816">
     <span class='ocr_line' id='line_1_23' title="bbox 381 2399 1646 2507; baseline 0.017 -47"><span class='ocrx_word' id='word_1_226' title='bbox 381 2399 458 2477; x_wconf 88' lang='lat' dir='ltr'>Qum</span> <span class='ocrx_word' id='word_1_227' title='bbox 480 2416 569 2470; x_wconf 88' lang='lat' dir='ltr'>stram</span> <span class='ocrx_word' id='word_1_228' title='bbox 591 2425 658 2477; x_wconf 90' lang='lat' dir='ltr'>eunt</span> <span class='ocrx_word' id='word_1_229' title='bbox 681 2419 902 2504; x_wconf 85' lang='lat' dir='ltr'>diagrammata,</span> <span class='ocrx_word' id='word_1_230' title='bbox 925 2447 979 2506; x_wconf 94' lang='lat' dir='ltr'>pro</span> <span class='ocrx_word' id='word_1_231' title='bbox 1002 2430 1158 2507; x_wconf 82' lang='lat' dir='ltr'>organistis</span> <span class='ocrx_word' id='word_1_232' title='bbox 1179 2429 1266 2488; x_wconf 87' lang='lat' dir='ltr'>scribi</span> <span class='ocrx_word' id='word_1_233' title='bbox 1288 2425 1385 2500; x_wconf 86' lang='lat' dir='ltr'>solita,</span> <span class='ocrx_word' id='word_1_234' title='bbox 1410 2423 1568 2502; x_wconf 88' lang='lat' dir='ltr'>inquibus</span> <span class='ocrx_word' id='word_1_235' title='bbox 1593 2438 1646 2498; x_wconf 90' lang='lat' dir='ltr'>pro</span> 
     </span>
     <span class='ocr_line' id='line_1_24' title="bbox 294 2484 1646 2592; baseline 0.017 -48"><span class='ocrx_word' id='word_1_236' title='bbox 294 2484 379 2546; x_wconf 90' lang='lat' dir='ltr'>lineis</span> <span class='ocrx_word' id='word_1_237' title='bbox 402 2493 493 2568; x_wconf 88' lang='lat' dir='ltr'>nigris</span> <span class='ocrx_word' id='word_1_238' title='bbox 513 2507 582 2558; x_wconf 90' lang='lat' dir='ltr'>sunt</span> <span class='ocrx_word' id='word_1_239' title='bbox 597 2507 687 2564; x_wconf 89' lang='lat' dir='ltr'>serice</span> <span class='ocrx_word' id='word_1_240' title='bbox 709 2508 867 2588; x_wconf 82' lang='lat' dir='ltr'>literarum,</span> <span class='ocrx_word' id='word_1_241' title='bbox 889 2517 1091 2587; x_wconf 86' lang='lat' dir='ltr'>indicantium,</span> <span class='ocrx_word' id='word_1_242' title='bbox 1116 2533 1261 2592; x_wconf 86' lang='lat' dir='ltr'>quaenam</span> <span class='ocrx_word' id='word_1_243' title='bbox 1284 2515 1381 2575; x_wconf 89' lang='lat' dir='ltr'>clares</span> <span class='ocrx_word' id='word_1_244' title='bbox 1403 2517 1487 2590; x_wconf 85' lang='lat' dir='ltr'>tangi</span> <span class='ocrx_word' id='word_1_245' title='bbox 1509 2511 1646 2582; x_wconf 87' lang='lat' dir='ltr'>debeant,</span> 
     </span>
     <span class='ocr_line' id='line_1_25' title="bbox 251 2573 1647 2680; baseline 0.019 -48"><span class='ocrx_word' id='word_1_246' title='bbox 251 2573 346 2633; x_wconf 77' lang='lat' dir='ltr'>‘&#39;ubi</span> <span class='ocrx_word' id='word_1_247' title='bbox 368 2573 471 2640; x_wconf 87' lang='lat' dir='ltr'>literae</span> <span class='ocrx_word' id='word_1_248' title='bbox 494 2592 563 2643; x_wconf 92' lang='lat' dir='ltr'>eunt</span> <span class='ocrx_word' id='word_1_249' title='bbox 584 2605 636 2664; x_wconf 87' lang='lat' dir='ltr'>pro</span> <span class='ocrx_word' id='word_1_250' title='bbox 660 2597 754 2674; x_wconf 88' lang='lat' dir='ltr'>notis,</span> <span class='ocrx_word' id='word_1_251' title='bbox 786 2616 860 2675; x_wconf 86' lang='lat' dir='ltr'>quas</span> <span class='ocrx_word' id='word_1_252' title='bbox 883 2603 1064 2666; x_wconf 78' lang='lat' dir='ltr'>adhibebant</span> <span class='ocrx_word' id='word_1_253' title='bbox 1087 2603 1298 2680; x_wconf 87' lang='lat' dir='ltr'>diagrammate</span> <span class='ocrx_word' id='word_1_254' title='bbox 1326 2603 1465 2672; x_wconf 90' lang='lat' dir='ltr'>cantoria,</span> <span class='ocrx_word' id='word_1_255' title='bbox 1499 2602 1529 2658; x_wconf 92' lang='lat' dir='ltr'>in</span> <span class='ocrx_word' id='word_1_256' title='bbox 1552 2597 1647 2657; x_wconf 82' lang='lat' dir='ltr'>lineas</span> 
     </span>
     <span class='ocr_line' id='line_1_26' title="bbox 295 2665 1650 2768; baseline 0.017 -48"><span class='ocrx_word' id='word_1_257' title='bbox 295 2668 348 2721; x_wconf 94' lang='lat' dir='ltr'>aut</span> <span class='ocrx_word' id='word_1_258' title='bbox 379 2665 534 2730; x_wconf 83' lang='lat' dir='ltr'>intervalla</span> <span class='ocrx_word' id='word_1_259' title='bbox 563 2679 686 2751; x_wconf 90' lang='lat' dir='ltr'>positas.</span> <span class='ocrx_word' id='word_1_260' title='bbox 741 2683 825 2747; x_wconf 82' lang='lat' dir='ltr'>Circa</span> <span class='ocrx_word' id='word_1_261' title='bbox 852 2689 953 2752; x_wconf 86' lang='lat' dir='ltr'>literas</span> <span class='ocrx_word' id='word_1_262' title='bbox 982 2691 1037 2754; x_wconf 88' lang='lat' dir='ltr'>has</span> <span class='ocrx_word' id='word_1_263' title='bbox 1065 2692 1165 2768; x_wconf 87' lang='lat' dir='ltr'>aliqua</span> <span class='ocrx_word' id='word_1_264' title='bbox 1194 2691 1280 2751; x_wconf 90' lang='lat' dir='ltr'>nobis</span> <span class='ocrx_word' id='word_1_265' title='bbox 1312 2693 1433 2749; x_wconf 87' lang='lat' dir='ltr'>veniunt</span> <span class='ocrx_word' id='word_1_266' title='bbox 1463 2683 1650 2748; x_wconf 87' lang='lat' dir='ltr'>observanda</span> 
     </span>
     <span class='ocr_line' id='line_1_27' title="bbox 293 2747 1651 2857; baseline 0.021 -53"><span class='ocrx_word' id='word_1_267' title='bbox 293 2747 432 2824; x_wconf 81' lang='lat' dir='ltr'>J&#39;ucundc.</span> <span class='ocrx_word' id='word_1_268' title='bbox 478 2754 606 2822; x_wconf 88' lang='lat' dir='ltr'>Primum</span> <span class='ocrx_word' id='word_1_269' title='bbox 629 2783 686 2826; x_wconf 91' lang='lat' dir='ltr'>non</span> <span class='ocrx_word' id='word_1_270' title='bbox 712 2787 812 2832; x_wconf 90' lang='lat' dir='ltr'>ornnes</span> <span class='ocrx_word' id='word_1_271' title='bbox 835 2778 937 2842; x_wconf 87' lang='lat' dir='ltr'>literas</span> <span class='ocrx_word' id='word_1_272' title='bbox 960 2783 1021 2840; x_wconf 88' lang='lat' dir='ltr'>suis</span> <span class='ocrx_word' id='word_1_273' title='bbox 1044 2781 1232 2857; x_wconf 89' lang='lat' dir='ltr'>imponuntur</span> <span class='ocrx_word' id='word_1_274' title='bbox 1248 2777 1333 2838; x_wconf 90' lang='lat' dir='ltr'>lineis</span> <span class='ocrx_word' id='word_1_275' title='bbox 1356 2784 1385 2838; x_wconf 88' lang='lat' dir='ltr'>ci</span> <span class='ocrx_word' id='word_1_276' title='bbox 1402 2773 1573 2848; x_wconf 82' lang='lat' dir='ltr'>interuallis,</span> <span class='ocrx_word' id='word_1_277' title='bbox 1600 2770 1651 2833; x_wconf 87' lang='lat' dir='ltr'>sed</span> 
     </span>
     <span class='ocr_line' id='line_1_28' title="bbox 298 2834 1650 2942; baseline 0.006 -32"><span class='ocrx_word' id='word_1_278' title='bbox 298 2834 393 2896; x_wconf 88' lang='lat' dir='ltr'>solnm</span> <span class='ocrx_word' id='word_1_279' title='bbox 416 2839 501 2914; x_wconf 89' lang='lat' dir='ltr'>istas,</span> <span class='ocrx_word' id='word_1_280' title='bbox 527 2843 565 2921; x_wconf 72' lang='lat' dir='ltr'>F,</span> <span class='ocrx_word' id='word_1_281' title='bbox 593 2847 628 2920; x_wconf 74' lang='lat' dir='ltr'>G,</span> <span class='ocrx_word' id='word_1_282' title='bbox 655 2852 686 2924; x_wconf 81' lang='grc'>0,</span> <span class='ocrx_word' id='word_1_283' title='bbox 710 2863 826 2936; x_wconf 86' lang='lat' dir='ltr'>quoties</span> <span class='ocrx_word' id='word_1_284' title='bbox 850 2865 933 2928; x_wconf 89' lang='lat' dir='ltr'>locus</span> <span class='ocrx_word' id='word_1_285' title='bbox 957 2870 1006 2928; x_wconf 88' lang='lat' dir='ltr'>uni</span> <span class='ocrx_word' id='word_1_286' title='bbox 1030 2883 1129 2928; x_wconf 88' lang='lat' dir='ltr'>earum</span> <span class='ocrx_word' id='word_1_287' title='bbox 1151 2874 1195 2926; x_wconf 90' lang='lat' dir='ltr'>est</span> <span class='ocrx_word' id='word_1_288' title='bbox 1209 2883 1297 2942; x_wconf 91' lang='lat' dir='ltr'>super</span> <span class='ocrx_word' id='word_1_289' title='bbox 1311 2864 1398 2938; x_wconf 88' lang='lat' dir='ltr'>linea,</span> <span class='ocrx_word' id='word_1_290' title='bbox 1421 2863 1451 2924; x_wconf 88' lang='grc' dir='ltr'><strong><em>Β</em></strong></span> <span class='ocrx_word' id='word_1_291' title='bbox 1466 2879 1535 2924; x_wconf 89' lang='lat' dir='ltr'>rere</span> <span class='ocrx_word' id='word_1_292' title='bbox 1560 2863 1650 2921; x_wconf 89' lang='lat' dir='ltr'>etiam</span> 
     </span>
     <span class='ocr_line' id='line_1_29' title="bbox 296 2927 1651 3026; baseline 0.02 -45"><span class='ocrx_word' id='word_1_293' title='bbox 296 2927 378 2997; x_wconf 91' lang='lat' dir='ltr'>tunc,</span> <span class='ocrx_word' id='word_1_294' title='bbox 403 2941 468 2987; x_wconf 92' lang='lat' dir='ltr'>cum</span> <span class='ocrx_word' id='word_1_295' title='bbox 498 2928 593 2994; x_wconf 91' lang='lat' dir='ltr'>locum</span> <span class='ocrx_word' id='word_1_296' title='bbox 616 2939 706 3004; x_wconf 85' lang='lat' dir='ltr'>habet</span> <span class='ocrx_word' id='word_1_297' title='bbox 734 2948 764 3005; x_wconf 93' lang='lat' dir='ltr'>in</span> <span class='ocrx_word' id='word_1_298' title='bbox 788 2951 951 3016; x_wconf 85' lang='lat' dir='ltr'>intervallo.</span> <span class='ocrx_word' id='word_1_299' title='bbox 998 2953 1112 3014; x_wconf 86' lang='lat' dir='ltr'>Deinde</span> <span class='ocrx_word' id='word_1_300' title='bbox 1142 2952 1226 3013; x_wconf 87' lang='lat' dir='ltr'>litera</span> <span class='ocrx_word' id='word_1_301' title='bbox 1253 2951 1278 3012; x_wconf 82' lang='lat'><em>0</em></span> <span class='ocrx_word' id='word_1_302' title='bbox 1303 2952 1392 3012; x_wconf 85' lang='lat' dir='ltr'>hebet</span> <span class='ocrx_word' id='word_1_303' title='bbox 1414 2953 1531 3026; x_wconf 86' lang='lat' dir='ltr'>signum</span> <span class='ocrx_word' id='word_1_304' title='bbox 1562 2947 1651 3025; x_wconf 88' lang='lat' dir='ltr'>longe</span> 
     </span>
     <span class='ocr_line' id='line_1_30' title="bbox 297 3008 1547 3122; baseline 0.022 -54"><span class='ocrx_word' id='word_1_305' title='bbox 297 3008 461 3090; x_wconf 87' lang='lat' dir='ltr'>diversum,</span> <span class='ocrx_word' id='word_1_306' title='bbox 485 3019 571 3094; x_wconf 89' lang='lat' dir='ltr'>quale</span> <span class='ocrx_word' id='word_1_307' title='bbox 592 3041 633 3085; x_wconf 92' lang='lat' dir='ltr'>sc.</span> <span class='ocrx_word' id='word_1_308' title='bbox 656 3029 704 3091; x_wconf 89' lang='lat' dir='ltr'>hic</span> <span class='ocrx_word' id='word_1_309' title='bbox 727 3033 765 3093; x_wconf 88' lang='lat' dir='ltr'>ad</span> <span class='ocrx_word' id='word_1_310' title='bbox 796 3035 873 3101; x_wconf 89' lang='lat' dir='ltr'>latus</span> <span class='ocrx_word' id='word_1_311' title='bbox 894 3045 1020 3122; x_wconf 79' lang='lat' dir='ltr'>pietum3</span> <span class='ocrx_word' id='word_1_312' title='bbox 1053 3049 1123 3119; x_wconf 89' lang='lat' dir='ltr'>puto</span> <span class='ocrx_word' id='word_1_313' title='bbox 1152 3043 1267 3118; x_wconf 90' lang='lat' dir='ltr'>siguum</span> <span class='ocrx_word' id='word_1_314' title='bbox 1298 3037 1354 3100; x_wconf 88' lang='lat' dir='ltr'>hoc</span> <span class='ocrx_word' id='word_1_315' title='bbox 1381 3046 1483 3098; x_wconf 90' lang='lat' dir='ltr'>uatum</span> <span class='ocrx_word' id='word_1_316' title='bbox 1511 3055 1547 3098; x_wconf 85' lang='lat' dir='ltr'>ex</span> 
     </span>
     <span class='ocr_line' id='line_1_31' title="bbox 297 3093 1664 3206; baseline 0.024 -52"><span class='ocrx_word' id='word_1_317' title='bbox 297 3093 463 3163; x_wconf 79' lang='lat' dir='ltr'>detorsione</span> <span class='ocrx_word' id='word_1_318' title='bbox 484 3110 644 3185; x_wconf 87' lang='lat' dir='ltr'>scripturae</span> <span class='ocrx_word' id='word_1_319' title='bbox 666 3121 773 3184; x_wconf 74' lang='lat' dir='ltr'>veteris</span> <span class='ocrx_word' id='word_1_320' title='bbox 795 3121 896 3191; x_wconf 88' lang='lat' dir='ltr'>literae</span> <span class='ocrx_word' id='word_1_321' title='bbox 923 3131 953 3192; x_wconf 80' lang='grc' dir='ltr'>Ο.</span> <span class='ocrx_word' id='word_1_322' title='bbox 1000 3131 1076 3190; x_wconf 89' lang='lat' dir='ltr'>Nam</span> <span class='ocrx_word' id='word_1_323' title='bbox 1099 3131 1169 3205; x_wconf 85' lang='lat' dir='ltr'>quia</span> <span class='ocrx_word' id='word_1_324' title='bbox 1187 3127 1256 3188; x_wconf 88' lang='lat' dir='ltr'>letis</span> <span class='ocrx_word' id='word_1_325' title='bbox 1280 3126 1457 3186; x_wconf 89' lang='lat' dir='ltr'>calamorum</span> <span class='ocrx_word' id='word_1_326' title='bbox 1479 3142 1547 3186; x_wconf 91' lang='lat' dir='ltr'>mu·</span> <span class='ocrx_word' id='word_1_327' title='bbox 1581 3113 1620 3206; x_wconf 69' lang='grc' dir='ltr'>Ξ</span> <span class='ocrx_word' id='word_1_328' title='bbox 1658 3159 1664 3180; x_wconf 86' lang='lat'><strong>·</strong></span> 
     </span>
     <span class='ocr_line' id='line_1_32' title="bbox 299 3186 1620 3294; baseline 0.02 -50"><span class='ocrx_word' id='word_1_329' title='bbox 299 3186 434 3248; x_wconf 76' lang='lat' dir='ltr'>monibus</span> <span class='ocrx_word' id='word_1_330' title='bbox 464 3194 622 3258; x_wconf 87' lang='lat' dir='ltr'>utebantur</span> <span class='ocrx_word' id='word_1_331' title='bbox 651 3210 821 3288; x_wconf 88' lang='lat' dir='ltr'>scriptores,</span> <span class='ocrx_word' id='word_1_332' title='bbox 855 3225 944 3280; x_wconf 84' lang='lat' dir='ltr'>notes</span> <span class='ocrx_word' id='word_1_333' title='bbox 975 3205 1133 3294; x_wconf 87' lang='lat' dir='ltr'>pleraeque</span> <span class='ocrx_word' id='word_1_334' title='bbox 1165 3212 1373 3292; x_wconf 85' lang='lat' dir='ltr'>compendiosa</span> <span class='ocrx_word' id='word_1_335' title='bbox 1405 3215 1547 3290; x_wconf 87' lang='lat' dir='ltr'>scriptura</span> <span class='ocrx_word' id='word_1_336' title='bbox 1581 3221 1620 3286; x_wconf 71' lang='lat' dir='ltr'>:t</span> 
     </span>
     <span class='ocr_line' id='line_1_33' title="bbox 297 3269 1548 3381; baseline 0.023 -31"><span class='ocrx_word' id='word_1_337' title='bbox 297 3269 407 3333; x_wconf 54' lang='lat' dir='ltr'>&amp;biiii</span> <span class='ocrx_word' id='word_1_338' title='bbox 429 3279 607 3363; x_wconf 70' lang='lat' dir='ltr'>quadratae,</span> <span class='ocrx_word' id='word_1_339' title='bbox 631 3309 684 3352; x_wconf 86' lang='lat' dir='ltr'>nec</span> <span class='ocrx_word' id='word_1_340' title='bbox 706 3305 822 3372; x_wconf 89' lang='lat' dir='ltr'>poterat</span> <span class='ocrx_word' id='word_1_341' title='bbox 845 3305 880 3365; x_wconf 90' lang='lat' dir='ltr'>iis</span> <span class='ocrx_word' id='word_1_342' title='bbox 902 3306 1024 3368; x_wconf 83' lang='lat' dir='ltr'>calamis</span> <span class='ocrx_word' id='word_1_343' title='bbox 1045 3302 1201 3364; x_wconf 89' lang='lat' dir='ltr'>rotundum</span> <span class='ocrx_word' id='word_1_344' title='bbox 1225 3301 1366 3381; x_wconf 63' lang='lat' dir='ltr'>Opissssii</span> <span class='ocrx_word' id='word_1_345' title='bbox 1396 3303 1495 3377; x_wconf 71' lang='lat' dir='ltr'>iiii(1¹¹⁸</span> <span class='ocrx_word' id='word_1_346' title='bbox 1511 3297 1548 3360; x_wconf 78' lang='lat'>&#39;0</span> 
     </span>
     <span class='ocr_line' id='line_1_34' title="bbox 298 3359 1651 3467; baseline 0.026 -51"><span class='ocrx_word' id='word_1_347' title='bbox 298 3359 428 3422; x_wconf 85' lang='lat' dir='ltr'>lecerunt</span> <span class='ocrx_word' id='word_1_348' title='bbox 449 3381 486 3426; x_wconf 87' lang='lat' dir='ltr'>ex</span> <span class='ocrx_word' id='word_1_349' title='bbox 508 3371 598 3434; x_wconf 90' lang='lat' dir='ltr'>tribus</span> <span class='ocrx_word' id='word_1_350' title='bbox 621 3373 753 3458; x_wconf 89' lang='lat' dir='ltr'>lineolis,</span> <span class='ocrx_word' id='word_1_351' title='bbox 784 3404 844 3449; x_wconf 91' lang='lat' dir='ltr'>una</span> <span class='ocrx_word' id='word_1_352' title='bbox 867 3397 955 3467; x_wconf 85' lang='lat' dir='ltr'>tenui,</span> <span class='ocrx_word' id='word_1_353' title='bbox 980 3395 1045 3454; x_wconf 89' lang='lat' dir='ltr'>vice</span> <span class='ocrx_word' id='word_1_354' title='bbox 1068 3393 1218 3466; x_wconf 84' lang='lat' dir='ltr'>caritatis,</span> <span class='ocrx_word' id='word_1_355' title='bbox 1247 3401 1276 3450; x_wconf 91' lang='lat' dir='ltr'>et</span> <span class='ocrx_word' id='word_1_356' title='bbox 1298 3387 1412 3449; x_wconf 87' lang='lat' dir='ltr'>duobus</span> <span class='ocrx_word' id='word_1_357' title='bbox 1436 3389 1556 3462; x_wconf 88' lang='lat' dir='ltr'>crassis,</span> <span class='ocrx_word' id='word_1_358' title='bbox 1585 3390 1651 3450; x_wconf 87' lang='lat' dir='ltr'>viee</span> 
     </span>
     <span class='ocr_line' id='line_1_35' title="bbox 298 3453 1651 3554; baseline 0.024 -50"><span class='ocrx_word' id='word_1_359' title='bbox 298 3461 451 3524; x_wconf 80' lang='lat' dir='ltr'>cornuum,</span> <span class='ocrx_word' id='word_1_360' title='bbox 485 3453 572 3518; x_wconf 88' lang='lat' dir='ltr'>ducto</span> <span class='ocrx_word' id='word_1_361' title='bbox 595 3465 624 3521; x_wconf 89' lang='lat' dir='ltr'>in</span> <span class='ocrx_word' id='word_1_362' title='bbox 647 3465 830 3535; x_wconf 86' lang='lat' dir='ltr'>latitudinem</span> <span class='ocrx_word' id='word_1_363' title='bbox 869 3481 982 3544; x_wconf 75' lang='lat' dir='ltr'>calamo</span> <span class='ocrx_word' id='word_1_364' title='bbox 1012 3483 1125 3553; x_wconf 58' lang='lat'>0105</span> <span class='ocrx_word' id='word_1_365' title='bbox 1170 3475 1241 3538; x_wconf 87' lang='lat' dir='ltr'>Jam</span> <span class='ocrx_word' id='word_1_366' title='bbox 1271 3477 1381 3536; x_wconf 90' lang='lat' dir='ltr'>lineola</span> <span class='ocrx_word' id='word_1_367' title='bbox 1401 3475 1510 3550; x_wconf 83' lang='lat' dir='ltr'>tenuis,</span> <span class='ocrx_word' id='word_1_368' title='bbox 1541 3494 1651 3554; x_wconf 89' lang='lat' dir='ltr'>prope·</span> 
     </span>
     <span class='ocr_line' id='line_1_36' title="bbox 297 3537 1649 3648; baseline 0.025 -57"><span class='ocrx_word' id='word_1_369' title='bbox 297 3541 384 3595; x_wconf 88' lang='lat' dir='ltr'>rante·</span> <span class='ocrx_word' id='word_1_370' title='bbox 404 3537 527 3619; x_wconf 88' lang='lat' dir='ltr'>calamo,</span> <span class='ocrx_word' id='word_1_371' title='bbox 551 3555 584 3607; x_wconf 92' lang='lat' dir='ltr'>ut</span> <span class='ocrx_word' id='word_1_372' title='bbox 605 3551 761 3628; x_wconf 91' lang='lat' dir='ltr'>plurimum</span> <span class='ocrx_word' id='word_1_373' title='bbox 783 3563 860 3626; x_wconf 83' lang='lat' dir='ltr'>lacta</span> <span class='ocrx_word' id='word_1_374' title='bbox 882 3568 937 3630; x_wconf 88' lang='lat' dir='ltr'>init</span> <span class='ocrx_word' id='word_1_375' title='bbox 957 3570 1073 3648; x_wconf 79' lang='lat' dir='ltr'>longior</span> <span class='ocrx_word' id='word_1_376' title='bbox 1097 3574 1126 3628; x_wconf 94' lang='lat' dir='ltr'>et</span> <span class='ocrx_word' id='word_1_377' title='bbox 1147 3573 1265 3626; x_wconf 87' lang='lat' dir='ltr'>cxstans</span> <span class='ocrx_word' id='word_1_378' title='bbox 1281 3566 1417 3640; x_wconf 89' lang='lat' dir='ltr'>utrinque</span> <span class='ocrx_word' id='word_1_379' title='bbox 1438 3561 1516 3624; x_wconf 90' lang='lat' dir='ltr'>ultra</span> <span class='ocrx_word' id='word_1_380' title='bbox 1530 3580 1649 3638; x_wconf 87' lang='lat' dir='ltr'>cornus,</span> 
     </span>
     <span class='ocr_line' id='line_1_37' title="bbox 298 3621 1649 3733; baseline 0.03 -49"><span class='ocrx_word' id='word_1_381' title='bbox 298 3621 341 3680; x_wconf 84' lang='lat' dir='ltr'>sic</span> <span class='ocrx_word' id='word_1_382' title='bbox 367 3638 412 3702; x_wconf 67' lang='grc' dir='ltr'>ε.</span> <span class='ocrx_word' id='word_1_383' title='bbox 457 3624 498 3689; x_wconf 92' lang='lat' dir='ltr'>Ut</span> <span class='ocrx_word' id='word_1_384' title='bbox 519 3641 618 3696; x_wconf 89' lang='lat' dir='ltr'>autern</span> <span class='ocrx_word' id='word_1_385' title='bbox 646 3657 755 3708; x_wconf 90' lang='lat' dir='ltr'>cornua</span> <span class='ocrx_word' id='word_1_386' title='bbox 777 3655 1011 3733; x_wconf 87' lang='lat' dir='ltr'>terminarentur,</span> <span class='ocrx_word' id='word_1_387' title='bbox 1037 3655 1161 3715; x_wconf 83' lang='lat' dir='ltr'>lineolae</span> <span class='ocrx_word' id='word_1_388' title='bbox 1182 3655 1293 3731; x_wconf 70' lang='lat' dir='ltr'>primun</span> <span class='ocrx_word' id='word_1_389' title='bbox 1315 3649 1473 3730; x_wconf 49' lang='lat' dir='ltr'>paralleli&amp;</span> <span class='ocrx_word' id='word_1_390' title='bbox 1495 3649 1649 3725; x_wconf 62' lang='lat' dir='ltr'>‘luminis</span> 
     </span>
     <span class='ocr_line' id='line_1_38' title="bbox 299 3710 1651 3816; baseline 0.005 -26"><span class='ocrx_word' id='word_1_391' title='bbox 299 3710 342 3769; x_wconf 59' lang='lat'>⁸³⁰</span> <span class='ocrx_word' id='word_1_392' title='bbox 370 3725 421 3790; x_wconf 69' lang='grc' dir='ltr'>Ε,</span> <span class='ocrx_word' id='word_1_393' title='bbox 451 3723 481 3774; x_wconf 89' lang='lat' dir='ltr'>et</span> <span class='ocrx_word' id='word_1_394' title='bbox 510 3721 554 3780; x_wconf 92' lang='lat' dir='ltr'>sic</span> <span class='ocrx_word' id='word_1_395' title='bbox 580 3727 698 3791; x_wconf 87' lang='lat' dir='ltr'>tandem</span> <span class='ocrx_word' id='word_1_396' title='bbox 729 3752 765 3795; x_wconf 86' lang='lat' dir='ltr'>cx</span> <span class='ocrx_word' id='word_1_397' title='bbox 798 3737 911 3804; x_wconf 88' lang='lat' dir='ltr'>duabus</span> <span class='ocrx_word' id='word_1_398' title='bbox 935 3746 1046 3806; x_wconf 86' lang='lat' dir='ltr'>talibus</span> <span class='ocrx_word' id='word_1_399' title='bbox 1068 3737 1184 3803; x_wconf 89' lang='lat' dir='ltr'>lineolis</span> <span class='ocrx_word' id='word_1_400' title='bbox 1206 3758 1265 3800; x_wconf 89' lang='lat' dir='ltr'>una</span> <span class='ocrx_word' id='word_1_401' title='bbox 1287 3740 1366 3800; x_wconf 84' lang='lat' dir='ltr'>iacta</span> <span class='ocrx_word' id='word_1_402' title='bbox 1388 3747 1446 3814; x_wconf 88' lang='lat' dir='ltr'>cst,</span> <span class='ocrx_word' id='word_1_403' title='bbox 1475 3739 1587 3816; x_wconf 84' lang='lat' dir='ltr'>primae</span> <span class='ocrx_word' id='word_1_404' title='bbox 1610 3740 1651 3798; x_wconf 91' lang='lat' dir='ltr'>si·</span> 
     </span>
    </p>
   </div>
   <div class='ocr_carea' id='block_1_5' title="bbox 299 3796 1649 3983">
    <p class='ocr_par' dir='ltr' id='par_1_5' title="bbox 299 3796 1649 3983">
     <span class='ocr_line' id='line_1_39' title="bbox 299 3796 1649 3907; baseline 0.022 -51"><span class='ocrx_word' id='word_1_405' title='bbox 299 3796 378 3857; x_wconf 87' lang='lat' dir='ltr'>milis</span> <span class='ocrx_word' id='word_1_406' title='bbox 400 3805 430 3858; x_wconf 89' lang='lat' dir='ltr'>et</span> <span class='ocrx_word' id='word_1_407' title='bbox 451 3805 601 3884; x_wconf 83' lang='lat' dir='ltr'>paralisis,</span> <span class='ocrx_word' id='word_1_408' title='bbox 626 3822 778 3899; x_wconf 88' lang='lat' dir='ltr'>totumque</span> <span class='ocrx_word' id='word_1_409' title='bbox 800 3828 916 3904; x_wconf 90' lang='lat' dir='ltr'>signum</span> <span class='ocrx_word' id='word_1_410' title='bbox 939 3833 1000 3894; x_wconf 85' lang='lat' dir='ltr'>tale</span> <span class='ocrx_word' id='word_1_411' title='bbox 1029 3831 1081 3906; x_wconf 61' lang='grc' dir='ltr'>Ξ,</span> <span class='ocrx_word' id='word_1_412' title='bbox 1113 3825 1208 3907; x_wconf 89' lang='lat' dir='ltr'>quod,</span> <span class='ocrx_word' id='word_1_413' title='bbox 1232 3837 1264 3888; x_wconf 87' lang='lat' dir='ltr'>ut</span> <span class='ocrx_word' id='word_1_414' title='bbox 1286 3835 1374 3888; x_wconf 87' lang='lat' dir='ltr'>notae</span> <span class='ocrx_word' id='word_1_415' title='bbox 1397 3827 1479 3906; x_wconf 89' lang='lat' dir='ltr'>ipsae</span> <span class='ocrx_word' id='word_1_416' title='bbox 1502 3828 1531 3884; x_wconf 91' lang='lat' dir='ltr'>in</span> <span class='ocrx_word' id='word_1_417' title='bbox 1554 3826 1649 3901; x_wconf 89' lang='lat' dir='ltr'>lincis,</span> 
     </span>
     <span class='ocr_line' id='line_1_40' title="bbox 300 3883 833 3983; baseline 0.051 -38"><span class='ocrx_word' id='word_1_418' title='bbox 300 3883 382 3946; x_wconf 84' lang='lat' dir='ltr'>hiatu</span> <span class='ocrx_word' id='word_1_419' title='bbox 406 3888 511 3950; x_wconf 85' lang='lat' dir='ltr'>calami</span> <span class='ocrx_word' id='word_1_420' title='bbox 534 3895 567 3956; x_wconf 89' lang='lat' dir='ltr'>ht</span> <span class='ocrx_word' id='word_1_421' title='bbox 589 3915 709 3983; x_wconf 86' lang='lat' dir='ltr'>carum,</span> <span class='ocrx_word' id='word_1_422' title='bbox 732 3912 775 3970; x_wconf 92' lang='lat' dir='ltr'>sic</span> <span class='ocrx_word' id='word_1_423' title='bbox 798 3921 833 3932; x_wconf 84' lang='grc'>“·</span> 
     </span>
    </p>
   </div>
   <div class='ocr_carea' id='block_1_6' title="bbox 300 3938 1654 4788">
    <p class='ocr_par' dir='ltr' id='par_1_6' title="bbox 300 3938 1654 4788">
     <span class='ocr_line' id='line_1_41' title="bbox 386 3938 1649 4084; baseline 0.022 -52"><span class='ocrx_word' id='word_1_424' title='bbox 386 3972 519 4039; x_wconf 88' lang='lat' dir='ltr'>Occurrit</span> <span class='ocrx_word' id='word_1_425' title='bbox 541 3991 637 4049; x_wconf 76' lang='lat' dir='ltr'>mmcn</span> <span class='ocrx_word' id='word_1_426' title='bbox 661 4001 690 4054; x_wconf 93' lang='lat' dir='ltr'>et</span> <span class='ocrx_word' id='word_1_427' title='bbox 712 3938 843 4072; x_wconf 58' lang='lat' dir='ltr'>hoc,÷n</span> <span class='ocrx_word' id='word_1_428' title='bbox 866 4021 924 4065; x_wconf 91' lang='lat' dir='ltr'>oon</span> <span class='ocrx_word' id='word_1_429' title='bbox 948 4008 1063 4084; x_wconf 90' lang='lat' dir='ltr'>signum</span> <span class='ocrx_word' id='word_1_430' title='bbox 1086 4005 1143 4065; x_wconf 92' lang='lat' dir='ltr'>boc</span> <span class='ocrx_word' id='word_1_431' title='bbox 1165 4021 1200 4063; x_wconf 86' lang='lat' dir='ltr'>ex</span> <span class='ocrx_word' id='word_1_432' title='bbox 1222 4020 1277 4062; x_wconf 92' lang='lat' dir='ltr'>usu</span> <span class='ocrx_word' id='word_1_433' title='bbox 1300 4003 1396 4074; x_wconf 85' lang='lat' dir='ltr'>vocis,</span> <span class='ocrx_word' id='word_1_434' title='bbox 1426 3999 1507 4060; x_wconf 82' lang='lat' dir='ltr'>suala</span> <span class='ocrx_word' id='word_1_435' title='bbox 1529 4003 1649 4072; x_wconf 90' lang='lat' dir='ltr'>musica,</span> 
     </span>
     <span class='ocr_line' id='line_1_42' title="bbox 300 4060 1649 4172; baseline 0.021 -54"><span class='ocrx_word' id='word_1_436' title='bbox 300 4060 384 4120; x_wconf 87' lang='lat' dir='ltr'>inerit</span> <span class='ocrx_word' id='word_1_437' title='bbox 405 4071 521 4144; x_wconf 87' lang='lat' dir='ltr'>nutum,</span> <span class='ocrx_word' id='word_1_438' title='bbox 545 4089 610 4134; x_wconf 90' lang='lat' dir='ltr'>cum</span> <span class='ocrx_word' id='word_1_439' title='bbox 632 4078 754 4156; x_wconf 85' lang='lat' dir='ltr'>liguram</span> <span class='ocrx_word' id='word_1_440' title='bbox 776 4103 847 4162; x_wconf 72' lang='lat' dir='ltr'>praa</span> <span class='ocrx_word' id='word_1_441' title='bbox 868 4109 900 4152; x_wconf 69' lang='lat' dir='ltr'>aa</span> <span class='ocrx_word' id='word_1_442' title='bbox 923 4095 997 4155; x_wconf 73' lang='lat' dir='ltr'>ferat</span> <span class='ocrx_word' id='word_1_443' title='bbox 1018 4091 1131 4172; x_wconf 76' lang='lat' dir='ltr'>scalae,</span> <span class='ocrx_word' id='word_1_444' title='bbox 1162 4093 1245 4167; x_wconf 88' lang='lat' dir='ltr'>qnasi</span> <span class='ocrx_word' id='word_1_445' title='bbox 1267 4089 1440 4166; x_wconf 90' lang='lat' dir='ltr'>principium</span> <span class='ocrx_word' id='word_1_446' title='bbox 1462 4087 1562 4148; x_wconf 88' lang='lat' dir='ltr'>scalae</span> <span class='ocrx_word' id='word_1_447' title='bbox 1584 4106 1649 4147; x_wconf 91' lang='lat' dir='ltr'>mu-</span> 
     </span>
     <span class='ocr_line' id='line_1_43' title="bbox 301 4147 1649 4256; baseline 0.021 -49"><span class='ocrx_word' id='word_1_448' title='bbox 301 4147 381 4208; x_wconf 82' lang='lat' dir='ltr'>sicae</span> <span class='ocrx_word' id='word_1_449' title='bbox 402 4158 565 4234; x_wconf 84' lang='lat' dir='ltr'>notaverit,</span> <span class='ocrx_word' id='word_1_450' title='bbox 590 4164 640 4223; x_wconf 92' lang='lat' dir='ltr'>ubi</span> <span class='ocrx_word' id='word_1_451' title='bbox 662 4173 834 4244; x_wconf 89' lang='lat' dir='ltr'>ponebatur.</span> <span class='ocrx_word' id='word_1_452' title='bbox 880 4179 925 4238; x_wconf 86' lang='lat' dir='ltr'>lin</span> <span class='ocrx_word' id='word_1_453' title='bbox 950 4181 1060 4256; x_wconf 88' lang='lat' dir='ltr'>verius,</span> <span class='ocrx_word' id='word_1_454' title='bbox 1086 4183 1167 4256; x_wconf 90' lang='lat' dir='ltr'>prius</span> <span class='ocrx_word' id='word_1_455' title='bbox 1190 4196 1226 4239; x_wconf 85' lang='lat' dir='ltr'>ex</span> <span class='ocrx_word' id='word_1_456' title='bbox 1248 4177 1333 4238; x_wconf 87' lang='lat' dir='ltr'>litera</span> <span class='ocrx_word' id='word_1_457' title='bbox 1360 4173 1502 4236; x_wconf 79' lang='lat' dir='ltr'>Oscalac</span> <span class='ocrx_word' id='word_1_458' title='bbox 1524 4173 1649 4254; x_wconf 84' lang='lat' dir='ltr'>effigiem</span> 
     </span>
     <span class='ocr_line' id='line_1_44' title="bbox 301 4235 1649 4352; baseline 0.014 -42"><span class='ocrx_word' id='word_1_459' title='bbox 301 4235 417 4312; x_wconf 81' lang='lat' dir='ltr'>iactam,</span> <span class='ocrx_word' id='word_1_460' title='bbox 439 4251 543 4318; x_wconf 82' lang='lat' dir='ltr'>poetes</span> <span class='ocrx_word' id='word_1_461' title='bbox 565 4265 601 4308; x_wconf 78' lang='lat' dir='ltr'>ex</span> <span class='ocrx_word' id='word_1_462' title='bbox 623 4252 711 4332; x_wconf 90' lang='lat' dir='ltr'>hujus</span> <span class='ocrx_word' id='word_1_463' title='bbox 734 4259 839 4339; x_wconf 87' lang='lat' dir='ltr'>effigiei</span> <span class='ocrx_word' id='word_1_464' title='bbox 862 4269 962 4342; x_wconf 89' lang='lat' dir='ltr'>crebro</span> <span class='ocrx_word' id='word_1_465' title='bbox 984 4287 1039 4328; x_wconf 92' lang='lat' dir='ltr'>usu</span> <span class='ocrx_word' id='word_1_466' title='bbox 1060 4267 1171 4331; x_wconf 87' lang='lat' dir='ltr'>scalam</span> <span class='ocrx_word' id='word_1_467' title='bbox 1194 4265 1250 4326; x_wconf 87' lang='lat' dir='ltr'>dici</span> <span class='ocrx_word' id='word_1_468' title='bbox 1266 4271 1409 4342; x_wconf 81' lang='lat' dir='ltr'>coeptam,</span> <span class='ocrx_word' id='word_1_469' title='bbox 1433 4262 1512 4352; x_wconf 84' lang='lat' dir='ltr'>quod</span> <span class='ocrx_word' id='word_1_470' title='bbox 1534 4265 1649 4341; x_wconf 85' lang='lat' dir='ltr'>proprie</span> 
     </span>
     <span class='ocr_line' id='line_1_45' title="bbox 303 4320 1654 4438; baseline 0.009 -41"><span class='ocrx_word' id='word_1_471' title='bbox 303 4320 480 4397; x_wconf 68' lang='lat' dir='ltr'>diagramm,</span> <span class='ocrx_word' id='word_1_472' title='bbox 504 4337 587 4396; x_wconf 80' lang='lat' dir='ltr'>erat?</span> <span class='ocrx_word' id='word_1_473' title='bbox 630 4339 704 4404; x_wconf 84' lang='lat' dir='ltr'>Cum</span> <span class='ocrx_word' id='word_1_474' title='bbox 727 4365 796 4409; x_wconf 86' lang='lat' dir='ltr'>vero</span> <span class='ocrx_word' id='word_1_475' title='bbox 825 4351 908 4414; x_wconf 90' lang='lat' dir='ltr'>locus</span> <span class='ocrx_word' id='word_1_476' title='bbox 938 4374 995 4416; x_wconf 94' lang='lat' dir='ltr'>non</span> <span class='ocrx_word' id='word_1_477' title='bbox 1019 4364 1064 4416; x_wconf 89' lang='lat' dir='ltr'>est</span> <span class='ocrx_word' id='word_1_478' title='bbox 1085 4355 1187 4414; x_wconf 86' lang='lat' dir='ltr'>literae</span> <span class='ocrx_word' id='word_1_479' title='bbox 1212 4351 1238 4414; x_wconf 86' lang='lat' dir='ltr'><em>O</em></span> <span class='ocrx_word' id='word_1_480' title='bbox 1263 4355 1291 4412; x_wconf 92' lang='lat' dir='ltr'>in</span> <span class='ocrx_word' id='word_1_481' title='bbox 1320 4353 1398 4438; x_wconf 74' lang='lat' dir='ltr'>linea</span> <span class='ocrx_word' id='word_1_482' title='bbox 1419 4348 1502 4428; x_wconf 88' lang='lat' dir='ltr'>(quie</span> <span class='ocrx_word' id='word_1_483' title='bbox 1525 4350 1594 4411; x_wconf 90' lang='lat' dir='ltr'>olim</span> <span class='ocrx_word' id='word_1_484' title='bbox 1618 4358 1654 4409; x_wconf 69' lang='lat' dir='ltr'>ut⁴</span> 
     </span>
     <span class='ocr_line' id='line_1_46' title="bbox 302 4405 1649 4525; baseline 0.02 -58"><span class='ocrx_word' id='word_1_485' title='bbox 302 4405 456 4484; x_wconf 86' lang='lat' dir='ltr'>plurimum</span> <span class='ocrx_word' id='word_1_486' title='bbox 478 4417 573 4483; x_wconf 84' lang='lat' dir='ltr'>lineae</span> <span class='ocrx_word' id='word_1_487' title='bbox 595 4437 677 4490; x_wconf 89' lang='lat' dir='ltr'>crant</span> <span class='ocrx_word' id='word_1_488' title='bbox 699 4441 813 4497; x_wconf 88' lang='lat' dir='ltr'>tantum</span> <span class='ocrx_word' id='word_1_489' title='bbox 835 4441 984 4525; x_wconf 87' lang='lat' dir='ltr'>quatuor),</span> <span class='ocrx_word' id='word_1_490' title='bbox 1016 4451 1085 4504; x_wconf 92' lang='lat' dir='ltr'>tunc</span> <span class='ocrx_word' id='word_1_491' title='bbox 1106 4443 1189 4504; x_wconf 89' lang='lat' dir='ltr'>locus</span> <span class='ocrx_word' id='word_1_492' title='bbox 1212 4449 1257 4501; x_wconf 89' lang='lat' dir='ltr'>est</span> <span class='ocrx_word' id='word_1_493' title='bbox 1277 4437 1380 4502; x_wconf 82' lang='lat' dir='ltr'>literae</span> <span class='ocrx_word' id='word_1_494' title='bbox 1404 4437 1436 4498; x_wconf 77' lang='lat' dir='ltr'>F</span> <span class='ocrx_word' id='word_1_495' title='bbox 1453 4439 1484 4496; x_wconf 91' lang='lat' dir='ltr'>in</span> <span class='ocrx_word' id='word_1_496' title='bbox 1507 4435 1649 4498; x_wconf 88' lang='lat' dir='ltr'>linearum</span> 
     </span>
     <span class='ocr_line' id='line_1_47' title="bbox 303 4511 1648 4606; baseline 0.021 -49"><span class='ocrx_word' id='word_1_497' title='bbox 303 4511 378 4568; x_wconf 77' lang='lat' dir='ltr'>une,</span> <span class='ocrx_word' id='word_1_498' title='bbox 407 4517 482 4575; x_wconf 93' lang='lat' dir='ltr'>quae</span> <span class='ocrx_word' id='word_1_499' title='bbox 504 4512 640 4574; x_wconf 88' lang='lat' dir='ltr'>scribitur</span> <span class='ocrx_word' id='word_1_500' title='bbox 661 4521 691 4579; x_wconf 91' lang='lat' dir='ltr'>in</span> <span class='ocrx_word' id='word_1_501' title='bbox 713 4527 816 4586; x_wconf 87' lang='lat' dir='ltr'>ceteris</span> <span class='ocrx_word' id='word_1_502' title='bbox 837 4533 959 4592; x_wconf 86' lang='lat' dir='ltr'>vocibus</span> <span class='ocrx_word' id='word_1_503' title='bbox 982 4530 1134 4592; x_wconf 88' lang='lat' dir='ltr'>altioribus</span> <span class='ocrx_word' id='word_1_504' title='bbox 1163 4529 1292 4606; x_wconf 87' lang='lat' dir='ltr'>genuina</span> <span class='ocrx_word' id='word_1_505' title='bbox 1313 4544 1368 4588; x_wconf 89' lang='lat' dir='ltr'>sua</span> <span class='ocrx_word' id='word_1_506' title='bbox 1394 4534 1480 4600; x_wconf 83' lang='lat' dir='ltr'>note,</span> <span class='ocrx_word' id='word_1_507' title='bbox 1509 4527 1539 4586; x_wconf 90' lang='lat' dir='ltr'>in</span> <span class='ocrx_word' id='word_1_508' title='bbox 1561 4527 1648 4586; x_wconf 90' lang='lat' dir='ltr'>basso</span> 
     </span>
     <span class='ocr_line' id='line_1_48' title="bbox 304 4583 1647 4698; baseline 0.027 -60"><span class='ocrx_word' id='word_1_509' title='bbox 304 4583 483 4649; x_wconf 85' lang='lat' dir='ltr'>semicirculo</span> <span class='ocrx_word' id='word_1_510' title='bbox 504 4611 626 4663; x_wconf 82' lang='lat' dir='ltr'>recurvo</span> <span class='ocrx_word' id='word_1_511' title='bbox 649 4622 714 4669; x_wconf 90' lang='lat' dir='ltr'>cum</span> <span class='ocrx_word' id='word_1_512' title='bbox 738 4612 849 4675; x_wconf 87' lang='lat' dir='ltr'>duobus</span> <span class='ocrx_word' id='word_1_513' title='bbox 868 4617 956 4694; x_wconf 82' lang='lat' dir='ltr'>juxta</span> <span class='ocrx_word' id='word_1_514' title='bbox 976 4619 1106 4698; x_wconf 88' lang='lat' dir='ltr'>punctis,</span> <span class='ocrx_word' id='word_1_515' title='bbox 1130 4615 1210 4696; x_wconf 90' lang='lat' dir='ltr'>quod</span> <span class='ocrx_word' id='word_1_516' title='bbox 1223 4617 1345 4693; x_wconf 82' lang='lat' dir='ltr'>signum</span> <span class='ocrx_word' id='word_1_517' title='bbox 1363 4621 1435 4693; x_wconf 92' lang='lat' dir='ltr'>puto</span> <span class='ocrx_word' id='word_1_518' title='bbox 1458 4615 1533 4674; x_wconf 88' lang='lat' dir='ltr'>inter</span> <span class='ocrx_word' id='word_1_519' title='bbox 1555 4614 1647 4686; x_wconf 89' lang='lat' dir='ltr'>initia,</span> 
     </span>
     <span class='ocr_line' id='line_1_49' title="bbox 304 4671 1649 4788; baseline 0.008 -41"><span class='ocrx_word' id='word_1_520' title='bbox 304 4671 473 4749; x_wconf 85' lang='lat' dir='ltr'>priusquam</span> <span class='ocrx_word' id='word_1_521' title='bbox 497 4679 730 4773; x_wconf 72' lang='lat' dir='ltr'>detorquentur,</span> <span class='ocrx_word' id='word_1_522' title='bbox 753 4699 843 4764; x_wconf 75' lang='lat' dir='ltr'>lmese</span> <span class='ocrx_word' id='word_1_523' title='bbox 865 4723 1001 4782; x_wconf 63' lang='lat' dir='ltr'>maecum</span> <span class='ocrx_word' id='word_1_524' title='bbox 1024 4732 1038 4787; x_wconf 76' lang='lat' dir='ltr'><em>y</em></span> <span class='ocrx_word' id='word_1_525' title='bbox 1060 4703 1208 4788; x_wconf 88' lang='lat' dir='ltr'>(gamma)</span> <span class='ocrx_word' id='word_1_526' title='bbox 1230 4701 1439 4774; x_wconf 90' lang='lat' dir='ltr'>minusculum,</span> <span class='ocrx_word' id='word_1_527' title='bbox 1470 4705 1513 4761; x_wconf 88' lang='lat' dir='ltr'>sie</span> <span class='ocrx_word' id='word_1_528' title='bbox 1536 4709 1568 4762; x_wconf 92' lang='lat' dir='ltr'>ut</span> <span class='ocrx_word' id='word_1_529' title='bbox 1589 4700 1649 4760; x_wconf 88' lang='lat' dir='ltr'>duo</span> 
     </span>
    </p>
   </div>
   <div class='ocr_carea' id='block_1_7' title="bbox 305 4761 1648 4871">
    <p class='ocr_par' dir='ltr' id='par_1_7' title="bbox 305 4761 1648 4871">
     <span class='ocr_line' id='line_1_50' title="bbox 305 4761 1648 4871; baseline 0.01 -39"><span class='ocrx_word' id='word_1_530' title='bbox 305 4765 415 4832; x_wconf 89' lang='lat' dir='ltr'>puncta</span> <span class='ocrx_word' id='word_1_531' title='bbox 435 4761 537 4826; x_wconf 66' lang='lat' dir='ltr'>“illitu</span> <span class='ocrx_word' id='word_1_532' title='bbox 559 4777 723 4852; x_wconf 78' lang='lat' dir='ltr'>significent</span> <span class='ocrx_word' id='word_1_533' title='bbox 745 4787 901 4867; x_wconf 86' lang='lat' dir='ltr'>digamma,</span> <span class='ocrx_word' id='word_1_534' title='bbox 924 4797 995 4871; x_wconf 89' lang='lat' dir='ltr'>quia</span> <span class='ocrx_word' id='word_1_535' title='bbox 1016 4802 1148 4853; x_wconf 90' lang='lat' dir='ltr'>nostrum</span> <span class='ocrx_word' id='word_1_536' title='bbox 1171 4787 1205 4852; x_wconf 75' lang='lat' dir='ltr'>F</span> <span class='ocrx_word' id='word_1_537' title='bbox 1223 4799 1267 4852; x_wconf 88' lang='lat' dir='ltr'>cst</span> <span class='ocrx_word' id='word_1_538' title='bbox 1290 4787 1469 4855; x_wconf 86' lang='lat' dir='ltr'>Graecorum</span> <span class='ocrx_word' id='word_1_539' title='bbox 1492 4789 1599 4867; x_wconf 85' lang='lat' dir='ltr'>duplex</span> <span class='ocrx_word' id='word_1_540' title='bbox 1616 4789 1648 4850; x_wconf 90' lang='grc' dir='ltr'>Γ.</span> 
     </span>
    </p>
   </div>
   <div class='ocr_carea' id='block_1_8' title="bbox 306 4841 1650 4966">
    <p class='ocr_par' dir='ltr' id='par_1_8' title="bbox 306 4841 1650 4966">
     <span class='ocr_line' id='line_1_51' title="bbox 306 4841 1650 4966; baseline 0.031 -48"><span class='ocrx_word' id='word_1_541' title='bbox 306 4841 381 4912; x_wconf 72' lang='lat' dir='ltr'>lium</span> <span class='ocrx_word' id='word_1_542' title='bbox 403 4864 422 4918; x_wconf 71' lang='lat' dir='ltr'>i</span> <span class='ocrx_word' id='word_1_543' title='bbox 444 4848 564 4935; x_wconf 64' lang='lat' dir='ltr'>Gnetii</span> <span class='ocrx_word' id='word_1_544' title='bbox 587 4863 741 4966; x_wconf 59' lang='lat' dir='ltr'>(defluxisse</span> <span class='ocrx_word' id='word_1_545' title='bbox 763 4875 839 4949; x_wconf 76' lang='lat' dir='ltr'>hunc</span> <span class='ocrx_word' id='word_1_546' title='bbox 860 4884 1001 4954; x_wconf 79' lang='lat' dir='ltr'>rationem</span> <span class='ocrx_word' id='word_1_547' title='bbox 1023 4879 1158 4966; x_wconf 79' lang='lat' dir='ltr'>signandi</span> <span class='ocrx_word' id='word_1_548' title='bbox 1179 4895 1269 4948; x_wconf 77' lang='lat' dir='ltr'>tinus</span> <span class='ocrx_word' id='word_1_549' title='bbox 1288 4879 1456 4966; x_wconf 70' lang='lat' dir='ltr'>eytiemui‘ii</span> <span class='ocrx_word' id='word_1_550' title='bbox 1478 4895 1530 4956; x_wconf 90' lang='lat' dir='ltr'>per</span> <span class='ocrx_word' id='word_1_551' title='bbox 1551 4878 1650 4945; x_wconf 61' lang='lat' dir='ltr'>stimi</span> 
     </span>
    </p>
   </div>
   <div class='ocr_carea' id='block_1_9' title="bbox 0 0 1857 5536">
    <p class='ocr_par' dir='ltr' id='par_1_9' title="bbox 0 0 1857 5536">
     <span class='ocr_line' id='line_1_52' title="bbox 0 0 1857 5536; baseline 0 0"><span class='ocrx_word' id='word_1_552' title='bbox 0 0 1857 5536; x_wconf 95' lang='lat' dir='ltr'> </span> 
     </span>
    </p>
   </div>
  </div>
 </body>
</html>
