3676 5536
285 325 346 386 194
718 313 760 375 De
779 315 1001 388 Propertionibns
1019 315 1196 372 Harmonicis.

282 495 362 574 gulis
385 495 499 572 aliquot
528 511 587 554 non
611 494 767 556 admittam
789 495 948 572 deinceps?
992 495 1184 574 Respondes,
1212 507 1331 556 caemar
1352 489 1429 553 banc
1450 511 1528 567 ense,
1552 492 1632 570 qnod

283 586 386 644 tertiae
409 584 456 642 rel
479 591 596 656 mxtae,
628 601 660 642 se
683 591 785 643 mutuo
807 590 1019 660 consequentes
1042 583 1211 658 altitudine,
1235 587 1292 644 siut
1320 582 1493 660 plerumque
1514 597 1545 640 re
1564 597 1635 640 vera

283 672 429 745 divense,
452 688 512 730 una
532 672 635 746 major,
659 669 751 730 altera
773 673 882 745 minor3
907 678 935 731 et
958 674 1094 748 quamvis
1117 672 1261 731 interdum
1285 669 1361 729 duae
1383 671 1487 728 tentiae
1508 665 1636 727 minores

286 761 417 836 proxime
440 766 656 834 consequentur
678 761 820 831 invicem,
851 767 918 816 sunt
948 765 1045 818 mmen
1069 761 1205 819 minimae
1235 760 1444 819 consonantiae
1475 762 1504 815 et
1525 758 1634 832 tmper-

286 847 389 906 iectae.
435 845 530 905 Cenat
553 847 629 904 enirn
651 847 762 920 primus
790 844 836 919 Ut,
860 845 913 920 Re,
938 844 992 920 lli,
1017 846 1080 921 Fa,
1111 845 1255 906 secundus
1278 845 1380 905 iisdem
1404 845 1541 920 temporis
1565 843 1636 902 arti·

284 935 358 994 culis
382 931 437 1006 Mt,
462 930 521 1010 Fa,
547 933 607 1004 Sol,
633 933 688 1006 La,
713 941 839 1009 quatuor
860 951 891 991 ee
915 943 1016 992 mutuo
1039 943 1255 1010 consequuntur
1269 936 1380 1006 tertiae,
1403 949 1525 1007 quarum
1540 933 1635 1006 prima

291 1021 337 1096 lit,
362 1019 408 1080 Mi
429 1030 473 1080 est
496 1021 604 1096 major,
635 1020 765 1080 secunda
786 1019 845 1093 Re,
875 1017 925 1080 Fe
947 1031 977 1079 et
999 1024 1084 1080 tertia
1107 1022 1168 1095 Mi,
1195 1023 1246 1082 Sol
1267 1029 1335 1080 snut
1356 1023 1499 1092 minores,
1529 1025 1634 1093 quarta

286 1105 740 1183 Fa,1munumestma50r.
785 1107 977 1166 Eccntrario
1007 1117 1128 1184 quartae
1156 1127 1256 1168 omnen
1286 1109 1430 1167 habentur
1459 1106 1550 1180 vulgo
1579 1122 1633 1180 pro

285 1195 448 1255 intervallis
477 1194 687 1272 magnitudinis
715 1194 862 1271 ejusdem,
897 1203 929 1254 ut
956 1203 986 1254 et
1013 1199 1132 1272 quintae
1161 1204 1190 1255 et
1218 1196 1311 1255 multo
1346 1199 1471 1253 maxime
1499 1203 1634 1252 octavae.

284 1283 390 1359 Itaque
427 1285 451 1342 si
481 1283 537 1342 bae
567 1285 712 1360 perfectae
741 1281 966 1342 concordantiae
992 1282 1097 1359 plures
1132 1283 1262 1360 ejusdem
1291 1285 1399 1360 speciei
1435 1280 1636 1340 ordinarentur

287 1369 433 1446 deinceps,
456 1369 610 1430 altitudine
634 1371 807 1443 differentes,
831 1377 933 1430 cantus
956 1374 1155 1430 consonantiis
1178 1375 1277 1430 varius
1300 1386 1358 1429 non
1381 1377 1468 1429 esset.

370 1455 431 1518 Sed
452 1457 513 1516 alia
535 1460 693 1534 praecipua
716 1473 805 1516 eausa
828 1457 963 1536 impedit,
987 1461 1104 1534 quintas
1128 1459 1241 1534 aliquot
1264 1458 1365 1516 ordine
1391 1460 1420 1514 in
1444 1455 1536 1514 altem
1559 1455 1634 1527 cani,

287 1561 363 1620 quae
384 1561 443 1603 non
467 1545 590 1622 impedit
618 1547 683 1604 cani
705 1553 842 1619 oetavas3
874 1544 910 1604 de
933 1562 992 1621 quo
1021 1546 1218 1621 quaerendum
1241 1547 1296 1606 sibi
1325 1549 1441 1624 putarit
1463 1541 1636 1604 aristoteles

287 1635 317 1690 in
339 1632 584 1709 problematibus:
617 1649 668 1692 cnr
690 1631 876 1691 modulentur
898 1639 1020 1692 octavas
1043 1629 1141 1714 (verbi
1165 1651 1269 1708 eausa,
1296 1649 1392 1692 meres
1422 1647 1488 1689 cum
1511 1630 1635 1701 feminis,

285 1721 341 1780 riri
365 1736 430 1778 cum
453 1716 581 1800 pueris),
605 1723 722 1796 quintas
745 1729 774 1779 et
798 1731 916 1795 quartas
938 1737 996 1779 non
1019 1720 1226 1781 modulentur?
1271 1720 1368 1780 Causa
1390 1720 1478 1796 igliur
1493 1717 1567 1777 baec
1582 1725 1635 1790 est,

286 1807 455 1885 quodcum
479 1807 554 1866 duee
577 1810 680 1874 tertiae
710 1809 819 1866 iaciant
847 1810 1068 1866 consonantiam
1092 1809 1243 1885 diapente,
1276 1808 1350 1868 duae
1380 1813 1506 1866 octavae
1528 1817 1635 1864 conso-

287 1896 418 1954 nantiam
440 1894 643 1970 disdiapason,
674 1905 774 1954 contra
797 1894 872 1953 duae
895 1897 1016 1970 quintae
1038 1896 1148 1955 iaciunt
1169 1911 1291 1970 nonam,
1322 1893 1397 1954 duae
1420 1901 1542 1971 quartae
1565 1908 1635 1967 sep-

285 1984 396 2055 timam,
420 1981 575 2041 intervalla
599 1982 726 2040 dissona.
772 1981 838 2040 Vox
861 1999 929 2058 ergo
953 1983 1012 2041 illic
1034 1999 1086 2058 per
1108 1985 1314 2042 consonantias
1337 1990 1459 2042 octavas
1481 1988 1511 2040 et
1533 1982 1636 2037 tertias

287 2067 441 2129 decurrens
475 2065 637 2144 aequaliter
665 2077 764 2128 manet
796 2071 824 2126 in
856 2076 927 2128 tono
955 2086 1007 2128 seu
1035 2069 1141 2140 modo,
1171 2070 1332 2130 observans
1361 2067 1484 2128 eandem
1506 2067 1636 2143 speciem

287 2163 425 2232 ccmvae3
453 2157 500 2214 bic
527 2158 552 2215 si
574 2173 626 2232 per
648 2157 784 2232 aequalia
813 2155 962 2230 decurrat,
994 2157 1113 2216 modum
1142 2157 1189 2216 uel
1220 2165 1322 2216 tonum
1350 2163 1444 2216 mutat
1473 2155 1635 2230 insigniter,

287 2243 366 2319 quod
389 2252 435 2303 est
456 2251 558 2303 contra
580 2243 785 2303 definitionem.

374 2330 426 2390 VI.
451 2330 535 2392 Circa
558 2329 701 2391 delectum
730 2332 1001 2391 concordantiarum
1031 2330 1132 2407 aliqua
1161 2334 1249 2390 etism
1276 2339 1342 2390 sunt
1365 2329 1511 2404 notanda;
1542 2330 1636 2405 primo

287 2417 365 2496 quod
388 2420 545 2496 lugebere
568 2436 677 2495 magna
698 2419 854 2478 interualla
875 2435 998 2494 rnagnos
1028 2421 1117 2477 animi
1145 2427 1241 2478 motus
1268 2419 1431 2495 exprimant
1453 2411 1502 2498 (ut
1524 2418 1553 2474 in
1577 2413 1635 2473 illis

287 2503 469 2565 Orlaudieis:
504 2505 561 2565 Ubi
583 2513 624 2564 eat
646 2507 717 2564 Abel
740 2517 782 2565 et:
816 2505 921 2568 ureae
942 2513 983 2564 est
1006 2510 1113 2565 animo
1135 2501 1234 2588 men),
1262 2524 1356 2583 parra
1382 2514 1411 2566 et
1439 2505 1513 2578 alta,
1544 2503 1633 2576 laeta,

288 2591 411 2653 humilia
433 2601 462 2652 et
483 2610 591 2669 parva,
614 2594 717 2651 tristia.
833 2618 838 2637 ι
1668 2581 1673 2609 ¹

374 2679 488 2739 Deinde
511 2696 578 2739 cum
600 2688 703 2740 cantus
725 2681 912 2740 harmonicus
933 2681 1104 2758 plerumque
1128 2680 1241 2739 desinat
1262 2681 1292 2737 in
1308 2679 1579 2751 identisonantiam,
1603 2683 1635 2735 ut

235 2767 236 2778 ¹
290 2769 379 2844 igitur
401 2783 538 2842 magnum
563 2763 631 2848 (pro
655 2767 810 2845 hypothesi
834 2765 945 2850 textus)
969 2767 1154 2827 intervallum
1170 2771 1198 2825 in
1214 2768 1271 2827 fine
1287 2766 1524 2842 complectemur,
1547 2779 1637 2842 opor·

290 2862 334 2914 tat
363 2871 420 2914 non
448 2855 568 2913 bassum
596 2863 709 2914 tantum
737 2856 928 2929 descendere,
962 2854 1015 2914 sed
1044 2857 1132 2914 etiam
1160 2855 1338 2927 discentum,
1374 2863 1476 2912 contra
1504 2861 1636 2911 natunm

290 2941 409 2999 liniendi
431 2949 559 3020 caunum,
581 2943 747 3017 ascendere,
770 2945 932 3004 inuitatione
953 2941 1115 3000 fistularum
1139 2949 1168 3001 et
1190 2941 1362 3000 cbordnrum
1383 2941 1544 3017 pandurae.
1580 2940 1637 2998 At-

291 3045 348 3103 que
377 3037 445 3088 tuno
473 3030 520 3089 rel
543 3032 669 3090 maxime
699 3033 834 3092 enitescit
862 3032 907 3088 nis
936 3030 1106 3102 semitonii,
1126 3031 1217 3108 priori
1245 3032 1341 3102 capite
1369 3027 1529 3106 explicata,
1558 3025 1636 3102 quod

290 3115 431 3176 naturalis
455 3125 484 3175 et
506 3116 668 3176 ordinarius
690 3119 755 3177 linis
779 3119 922 3176 cantionis
944 3135 996 3192 per
1010 3132 1165 3175 ascensum
1187 3118 1309 3176 amatia
1326 3115 1381 3175 fine
1397 3131 1534 3192 superare
1549 3115 1637 3173 semi·

291 3204 413 3272 ionium,
435 3205 464 3261 in
488 3205 523 3262 iis
546 3205 664 3280 quidem
687 3209 780 3279 tonis,
805 3208 855 3280 qui
878 3221 935 3262 non
958 3205 1068 3264 babent
1090 3205 1277 3263 semitonium
1300 3205 1430 3282 proxime
1452 3217 1541 3278 supra
1559 3199 1637 3262 radi·

292 3306 354 3350 cem
376 3307 446 3350 suae
469 3298 600 3351 caerae.
1123 3311 1124 3316 ¹

381 3376 479 3436 'l'ertio
509 3381 680 3454 quaestione
713 3378 832 3455 dignum
855 3379 969 3438 censuit
1000 3376 1169 3452 Galilaeae,
1207 3395 1257 3437 eur
1280 3377 1417 3454 diapente
1448 3375 1637 3455 epidiapason

292 3464 450 3540 jucundius
483 3475 584 3541 sonet,
615 3484 702 3542 quam
732 3466 867 3542 diapente
897 3465 1034 3541 simplex,
1069 3473 1099 3524 et
1127 3468 1170 3525 sio
1193 3471 1404 3540 consequenter
1438 3481 1552 3541 semper
1580 3479 1639 3521 una

295 3551 448 3610 barmoma
470 3555 507 3610 sit
524 3553 683 3628 jucundior
705 3553 784 3613 alia?
830 3553 957 3627 Causas,
980 3571 1054 3630 quas
1076 3555 1140 3628 ipse
1162 3551 1269 3625 attulit,
1291 3569 1350 3612 non
1372 3561 1417 3612 est
1439 3568 1545 3630 operae
1567 3567 1662 3610 exa-¹

295 3641 414 3712 minare,
438 3656 504 3724 eum
527 3641 667 3700 obscurae
691 3650 720 3700 et
743 3643 869 3700 incertae
892 3642 959 3699 sint.
1003 3641 1047 3700 Ex
1069 3642 1144 3700 meis
1166 3655 1235 3699 nero
1255 3642 1406 3718 principiis
1421 3651 1530 3699 musae
1551 3638 1638 3714 bajus

296 3728 337 3784 rei
358 3735 500 3802 apparent
522 3725 709 3787 clarissimae.
754 3729 830 3788 Nam
853 3731 923 3803 quia
945 3744 997 3804 per
1019 3731 1135 3790 axioma
1150 3731 1179 3787 i.
1203 3729 1307 3804 capitis
1320 3729 1405 3805 primi
1420 3725 1529 3803 gradus
1543 3728 1639 3785 scien-

297 3813 364 3886 tiae,
388 3814 494 3890 quibus
518 3813 653 3878 differunt
675 3817 748 3874 inter
771 3833 802 3874 se
826 3815 919 3874 latera
941 3815 1105 3890 figurarum,
1129 3815 1377 3890 transplantantur
1391 3817 1485 3874 etiam
1506 3816 1536 3871 ln
1560 3817 1648 3896 ipsusx

296 3903 507 3979 proportiones,
531 3899 688 3976 figurarum
710 3901 843 3977 soboles,
867 3911 1094 3966 consentaneum
1112 3901 1246 3978 equidem
1269 3912 1322 3976 est,
1345 3910 1379 3961 ut
1394 3904 1482 3961 etiam
1504 3899 1547 3958 illi
1571 3917 1638 3978 gre·

298 3986 362 4062 dus,
385 3987 492 4063 quibus
515 3985 625 4047 distant
648 3997 677 4048 et
696 3992 788 4065 partis
811 3991 911 4050 circuli
933 3998 963 4049 et
985 3989 1092 4048 residui
1116 3989 1332 4064 demonstratio,
1356 3989 1553 4049 discriminent
1568 4005 1638 4047 sua·

298 4077 420 4134 nitatem
447 4081 477 4133 et
503 4077 595 4150 partis
623 4083 653 4134 et
681 4079 797 4136 residui.
843 4077 919 4154 Ergo
938 4095 1026 4152 ⁴quae
1054 4077 1222 4138 harmoniae
1252 4079 1380 4136 existunt
1401 4075 1639 4153 immediate'per

297 4164 390 4239 ipsam
414 4163 573 4222 sectionem
596 4161 705 4240 circuli,
727 4181 802 4238 qnae
824 4182 865 4224 se.
889 4172 957 4224 sunt
978 4167 1052 4224 inter
1074 4174 1167 4224 toturn
1191 4174 1221 4224 et
1242 4173 1354 4242 partem
1376 4166 1543 4238 rescissem,
1572 4179 1638 4240 per-

299 4249 431 4308 fectiores
464 4256 494 4308 et
512 4249 702 4324 jucundiores
730 4261 798 4308 suut
824 4254 875 4325 iis,
909 4269 984 4328 quae
1013 4261 1081 4311 sunt
1107 4255 1182 4312 inter
1203 4251 1349 4311 residuum
1372 4259 1401 4311 et
1422 4259 1531 4325 totum,
1561 4267 1637 4327 quae

301 4332 416 4394 demum
438 4336 605 4396 derivantur
626 4354 662 4394 er
684 4337 829 4412 prioribus
856 4357 908 4414 per
930 4339 1138 4398 admixtionem
1159 4339 1451 4399 identisonantiarum
1480 4357 1517 4398 ex
1541 4339 1637 4398 bisoc-

300 4423 380 4480 tione
402 4423 449 4484 rel
472 4422 668 4499 duplicatione
690 4422 870 4484 chordarum.
915 4425 964 4486 Sic
991 4422 1024 4506 ’κδ
1047 4427 1155 4503 primas
1183 4434 1277 4501 tenet,
1308 4437 1353 4486 est
1375 4427 1463 4502 igitur
1483 4425 1638 4503 jucundior

302 4523 390 4583 quam
413 4505 466 4590 Ἃ,
496 4519 526 4569 st
552 4503 588 4592 ¹),
611 4527 699 4586 quam
721 4505 778 4594 U„
809 4521 838 4572 et
863 4507 901 4593 ¹l,
924 4531 1012 4588 quam
1035 4509 1088 4594 ⁴²⁵2
1112 4522 1151 4574 *et
1177 4508 1213 4594 Ἰ4
1235 4531 1322 4590 quam
1346 4509 1398 4595 ³l,‚
1429 4521 1459 4574 et
1486 4511 1528 4596 Ἄ
1550 4529 1638 4589 quam

304 4589 356 4676 Ἃ,
379 4601 407 4654 st
431 4593 583 4673 llg'quam
605 4593 655 4678 ⁶ls·
699 4597 784 4658 Prius
807 4601 882 4658 enim
904 4616 972 4675 pars
992 4601 1025 4660 tit
1047 4617 1175 4661 consona
1196 4619 1248 4677 per
1262 4617 1294 4660 ss
1317 4603 1421 4676 ipsam,
1442 4617 1501 4660 non
1522 4607 1639 4677 propter

304 4680 471 4754 residuum,
493 4685 637 4758 posterius
659 4691 689 4744 et
711 4686 968 4763 sicimperieetius
990 4687 1138 4752 residuum
1160 4687 1371 4749 demonstratur
1389 4703 1455 4749 esse
1468 4703 1638 4761 comosum,

303 4767 413 4832 seilicet
432 4775 549 4850 propter
569 4778 683 4848 partem
703 4775 814 4834 sociam
836 4772 884 4835 rel
905 4773 1039 4836 alienam.
