3698 5534
286 307 348 374 806
672 301 715 364 he
732 302 852 364 Motibus
869 301 1042 364 Plaustarum
1059 299 1237 364 annonas.
1263 241 1269 264 ⁸
1294 306 1298 316 '

284 485 367 552 pente
387 479 419 553 ’1,
437 497 487 552 per
503 499 580 552 prop.
601 483 648 551 ¹5,
669 482 782 550 junctu
796 481 881 552 igitur
906 481 959 538 hae
976 481 1047 538 duae
1064 487 1156 552 partes
1182 479 1286 536 facium
1307 477 1375 550 Ι’1,,.
1412 479 1451 534 At
1467 477 1582 534 debetur
1599 483 1628 532 ct

285 559 389 618 Telluri
407 575 458 616 sua
474 561 585 630 propria
603 562 756 630 proportio,
784 575 834 630 per
851 560 959 616 axioma
976 561 1001 614 4.
1037 559 1125 630 Ergo,
1144 575 1205 616 cum
1224 559 1418 626 diversantium
1435 555 1577 615 barmom'a
1594 571 1629 610 cx

284 636 363 692 diade
380 637 467 694 tribus
484 645 591 694 constet
609 638 757 706 clementia,
778 638 1070 707 critillamaiorquam
1092 637 1161 709 Ι’1,,.
1181 638 1235 693 Sed
1249 638 1391 696 harmonia
1407 638 1530 707 proxime
1542 634 1628 703 major

284 731 366 784 quam
387 713 461 786 Ἢ,
484 717 537 773 hoc
555 724 597 772 est
618 720 706 786 ὅ1,·’,,,
730 721 773 771 est
790 715 859 787 ‘lm
890 716 993 772 scilicet
1010 718 1090 786 susm,
1128 716 1217 784 Quare
1235 719 1260 771 si
1277 717 1417 772 harmonia
1435 730 1505 784 opus
1524 719 1566 768 est
1583 725 1633 782 pro

284 792 336 848 hac
352 794 447 863 majori
465 795 578 851 duorum
597 794 765 864 planetarum
783 795 959 866 proportione
976 803 1109 856 motuum.
1136 811 1185 864 per
1202 795 1362 865 uquma1,
1385 795 1433 850 illa
1461 808 1514 848 nou
1533 787 1634 860 poterit

285 885 346 928 csse
363 871 451 928 minor
470 889 550 943 quam
567 873 641 943 ”lna
658 871 702 928 vel
720 873 783 947 Ml„

321 955 521 1018 Hactenus
543 959 631 1033 igitur
653 958 789 1036 omnibns
811 955 931 1032 reliquis
948 955 1128 1034 planetarum
1151 917 1229 1033 bigis
1245 957 1429 1016 obvenerunt
1452 969 1523 1014 suae
1546 953 1633 1012 binae
1662 1008 1664 1019 ,

284 1042 453 1104 barmoniae
486 1038 649 1104 rationibus
677 1046 867 1119 necessariis;
901 1042 965 1103 sola
999 1046 1069 1122 biga
1098 1043 1224 1103 Telluris
1254 1051 1284 1103 et
1312 1043 1442 1104 Veneris
1467 1039 1634 1102 adhucdum

285 1131 496 1192 unamsolam
526 1131 708 1192 harmoniam
731 1127 770 1214 118
798 1149 850 1209 per
880 1133 1029 1192 axiomata
1058 1131 1115 1190 buu
1147 1147 1240 1207 usque
1270 1141 1412 1220 usurpata
1441 1131 1545 1188 sortita
1567 1127 1632 1186 luit.

283 1215 439 1295 Reliquam
461 1220 548 1296 igitur
563 1219 634 1295 ejus
650 1219 840 1291 harmoniam,
865 1218 1006 1295 majorem
1032 1221 1089 1280 oc.¹
1097 1235 1149 1279 sen
1172 1225 1304 1278 motuum
1327 1198 1582 1294 divergentinm,
1568 1231 1632 1290 Jam

283 1323 369 1384 porro
392 1323 471 1367 novo
495 1307 578 1368 initio
601 1307 678 1367 iacto
701 1307 910 1384 perquiremus.

718 1461 960 1523 Posteriores
981 1461 1195 1524 Rationes.

253 1587 262 1600 '
371 1584 528 1644 Axioma
550 1578 669 1644 XVIII.
714 1583 894 1644 Harmoniae
917 1591 1049 1644 motuum
1071 1584 1252 1646 universales
1276 1585 1544 1659 contemperatione
1566 1598 1634 1672 mo·¹

283 1677 367 1731 tunm
390 1689 441 1734 sax
464 1670 685 1732 constituendae
707 1673 832 1747 inerunt,
855 1674 1014 1750 praecipue
1036 1691 1089 1750 per
1111 1681 1257 1733 extremos
1280 1681 1386 1734 motus

301 1781 307 1790 ·
371 1761 506 1818 Probatur
524 1777 573 1831 per
590 1762 742 1817 axiomai.

372 1855 529 1915 Axioma
551 1853 641 1914 XIX.
686 1851 865 1914 Harmoniae
881 1853 1061 1915 universales
1084 1871 1135 1932 per
1150 1853 1280 1932 aliquem
1295 1859 1426 1912 motuum
1448 1852 1634 1912 latitudinem

284 1940 404 2003 caedem
427 1945 594 2020 contingere
617 1941 795 2014 debuernut3
819 1941 931 2002 scilicet
954 1951 987 2001 nt
1010 1951 1091 2002 tauto
1115 1942 1243 2004 crebrius
1265 1941 1439 2004 aceldercut.

371 2033 442 2089 Nam
460 2033 484 2088 si
502 2032 536 2088 ad
554 2033 692 2088 individua
719 2041 823 2105 puncta
839 2041 961 2088 motuum
979 2032 1097 2088 inissent
1120 2032 1329 2102 determinatae,
1357 2031 1415 2087 lieri
1432 2033 1578 2105 putruisset,
1604 2039 1635 2088 ut

284 2127 422 2182 nunquam
440 2112 628 2184 contingerent
646 2119 694 2168 ant
711 2121 784 2170 certe
802 2113 946 2170 rarissime.
1301 2155 1303 2161 .

375 2205 527 2264 Axioma
548 2203 624 2263 XX.
670 2203 710 2265 Ut
733 2213 778 2266 est
799 2207 1016 2266 naturalissima
1030 2206 1179 2266 distinctio
1201 2223 1341 2283 generum
1363 2203 1579 2264 harmoniarum
1602 2203 1631 2260 iu

285 2290 389 2352 durum
412 2300 442 2352 et
462 2291 560 2365 molle,
581 2299 617 2372 ut
637 2290 713 2351 libro
728 2293 782 2355 IIl.
807 2295 970 2371 probatum,
994 2295 1037 2353 sic
1058 2296 1211 2370 utriusque
1233 2295 1349 2369 generis
1372 2291 1543 2350 barmoniae
1565 2292 1633 2348 nui-

285 2379 415 2439 rersalos
437 2378 635 2456 procurandae
657 2380 773 2441 inerunt
795 2384 870 2440 inter
891 2382 1074 2459 planetarum
1099 2389 1243 2440 extremos
1266 2389 1370 2438 motus.
1473 2417 1476 2429 ·

304 2457 306 2464 ’
372 2465 530 2530 Axioma
551 2465 642 2524 XXI.
687 2467 913 2527 Hermoniacum
936 2471 1087 2544 utriusque
1116 2469 1231 2544 generis
1254 2466 1388 2527 diversae
1410 2466 1524 2542 species
1549 2465 1634 2522 insti·

285 2553 411 2616 tuendae
425 2555 549 2629 inerunt,
573 2561 606 2613 nt
620 2551 805 2631 pulchritudo
828 2553 926 2614 mnudi
943 2573 978 2616 ex
994 2556 1129 2615 omuibus
1152 2554 1342 2632 possibilibus
1366 2554 1517 2612 varietatis
1539 2569 1633 2611 mem·

285 2641 346 2702 bris
367 2644 603 2716 concinnaretnr;
626 2639 715 2717 idque
737 2661 789 2721 per
811 2651 955 2704 extremos
977 2651 1089 2718 motus,
1113 2642 1216 2702 saltem
1240 2641 1365 2756 aliquos.

372 2733 425 2790 Por
443 2732 593 2788 axiomaI.

372 2827 598 2903 Propositio
620 2823 727 2884 XXII.
772 2825 899 2885 Extremi
922 2824 1106 2902 planetarum
1128 2833 1225 2886 motus
1248 2827 1364 2902 signare
1385 2822 1547 2884 debnsrnlt
1566 2821 1634 2884 loca

290 2929 344 2972 sen
366 2913 490 2974 chordas
511 2915 681 2990 systematis
705 2911 857 2990 diapason,
881 2912 929 2972 vel
952 2912 1052 2974 claros
1073 2912 1171 2974 scalm
1194 2915 1333 2972 musione.

373 3005 443 3060 Nam
469 3009 545 3059 ortus
572 3009 600 3058 et
618 3002 783 3072 comparatio
801 2997 1018 3075 harmoniarum,
1045 3006 1213 3074 incepturum
1230 3004 1266 3059 ab
1284 3019 1338 3058 nuo
1356 3003 1492 3058 communi
1508 3001 1632 3072 termino,

287 3085 381 3156 gennit
399 3081 499 3139 reahm
516 3082 658 3152 musicam,
681 3096 729 3136 seu
748 3081 905 3138 diuisionem
924 3083 1057 3152 diapason
1074 3084 1101 3138 iu
1120 3097 1170 3138 sua
1187 3083 1248 3138 loca
1265 3081 1308 3137 rel
1325 3095 1421 3150 sonos,
1446 3087 1477 3136 ut
1495 3079 1564 3136 libro
1582 3079 1632 3136 111.

286 3163 437 3233 probatum.
476 3162 544 3215 cum
561 3160 642 3228 igitur
659 3161 833 3228 requirantur
850 3161 1007 3216 barmoniae
1024 3163 1096 3216 iuter
1112 3168 1234 3218 mutuum
1252 3167 1374 3215 extrema
1390 3159 1494 3225 variae,
1520 3174 1571 3228 per
1587 3173 1631 3214 ax.

287 3243 302 3297 1
322 3249 350 3296 et
366 3241 401 3296 20
418 3247 446 3296 et
462 3240 512 3296 il:
538 3254 623 3309 quare
641 3238 788 3308 requiritur
814 3240 968 3308 systematis
995 3241 1110 3310 alicujnrs
1137 3239 1263 3295 coelestis
1283 3251 1332 3295 seu
1350 3239 1441 3294 scalae
1459 3237 1632 3294 harmonica

181 3369 185 3380 ,
285 3319 367 3375 reaIIs
385 3317 522 3375 distinctio
540 3333 590 3387 per
607 3325 728 3373 extrema
745 3326 875 3375 monium.

372 3411 589 3488 Propositio
617 3409 740 3471 XXIII.
798 3409 934 3490 Oportuit
966 3429 1031 3474 esse
1059 3429 1149 3473 unam
1178 3413 1277 3489 bigam
1316 3409 1517 3488 planetarum,
1559 3409 1635 3467 inter

287 3499 371 3578 cnjus
392 3507 489 3560 motus
512 3498 612 3559 nullae
635 3504 754 3578 possent
777 3501 900 3561 existere
923 3500 1108 3576 harmoniae,
1130 3507 1246 3578 praetor
1268 3497 1341 3558 duas
1362 3503 1470 3573 sextas,
1492 3494 1632 3574 majorem

289 3583 326 3670 ³1,
349 3596 378 3648 et
400 3589 540 3648 minorem
562 3581 609 3666 υ1,,

375 3679 442 3735 (lum
469 3679 540 3734 euim
567 3684 640 3732 esset
665 3677 820 3732 necessaria
846 3675 983 3732 distinctio
1011 3693 1139 3748 generum
1157 3674 1371 3742 harmoniarum,
1397 3691 1448 3746 per
1465 3675 1573 3732 axioma
1589 3677 1632 3746 20,

285 3751 367 3829 idque
385 3774 435 3828 per
451 3765 573 3813 motuum
591 3763 713 3811 extrema
729 3755 757 3808 iu
776 3755 924 3825 apsidibns,
951 3771 1000 3824 per
1018 3757 1060 3826 22,
1088 3757 1152 3826 qnia
1170 3755 1230 3811 sola
1248 3763 1376 3821 extrema,
1393 3757 1566 3814 tardissimus
1583 3757 1651 3812 sci-⁸

287 3837 350 3894 licet
362 3841 390 3892 et
400 3836 593 3904 velocissimus,
611 3832 734 3902 indigent
751 3833 906 3889 defiuitione
917 3836 1089 3904 procurantis
1102 3841 1130 3890 et
1142 3833 1300 3904 ordinantis,
1312 3835 1486 3892 Intermediae
1498 3834 1634 3891 teusIunes

287 3916 450 3988 proveniunt
467 3915 540 3969 ultro
557 3929 618 3968 cnm
636 3913 695 3982 ipso
713 3915 829 3969 mansitu
847 3914 973 3983 planetae
1000 3931 1016 3969 a
1033 3913 1187 3969 tardissimo
1210 3921 1287 3970 motu
1306 3913 1340 3969 ad
1358 3912 1556 3969 velocissimum
1576 3915 1633 3969 siue

287 3994 418 4066 peculiari
436 4007 513 4048 cura:
539 3991 608 4046 haec
632 3991 714 4060 igitur
733 3993 866 4048 ordinatio
885 3993 964 4048 aliter
980 3991 1039 4049 fieri
1064 4009 1119 4049 uon
1141 3995 1244 4064 potnit,
1272 3996 1337 4064 quiu
1356 3992 1482 4047 extremis
1509 3992 1634 4048 binorum

287 4082 409 4130 motuum
434 4072 644 4142 planetariorum
663 4069 745 4127 diesis
773 4087 822 4126 seu
841 4072 896 4142 ”hs
916 4071 1120 4142 designaretur,
1147 4089 1179 4128 co
1205 4075 1280 4143 qnod
1309 4088 1409 4144 genera
1433 4071 1634 4128 harmoniarum

289 4151 357 4209 diesi
375 4153 582 4222 distIngnuntur,
597 4165 647 4218 per
665 4165 705 4219 ea,
724 4165 794 4219 qnae
811 4149 879 4206 libro
898 4149 947 4205 III.
965 4157 1030 4205 snut
1048 4149 1193 4220 explicata.
1221 4151 1306 4222 Atqui
1324 4151 1405 4207 diesis
1423 4157 1466 4206 est
1484 4149 1635 4206 differentis

288 4230 331 4285 rel
349 4229 463 4287 duarum
480 4229 629 4298 tertiarum,
648 4227 680 4297 ⁴i,
699 4235 726 4282 et
745 4226 792 4298 1,,
811 4229 852 4282 rel
872 4228 986 4282 duarum
1004 4235 1142 4283 sextarum
1159 4227 1193 4298 ⁸1,
1211 4237 1239 4284 et
1257 4231 1303 4299 lla,
1326 4227 1370 4284 vel
1388 4229 1534 4285 earundem
1552 4229 1635 4284 abuu-

290 4309 410 4366 dantium
427 4327 482 4365 uno
499 4309 542 4363 rel
559 4306 681 4377 pluribus
701 4307 831 4376 diapason
849 4307 1005 4364 Intervallis.
1038 4308 1116 4363 Duae
1134 4323 1197 4364 rero
1215 4309 1313 4364 tertiae
1330 4309 1363 4378 *1,
1382 4315 1410 4362 at
1428 4308 1461 4379 ll,
1479 4323 1533 4364 nou
1551 4309 1635 4364 babu-

290 4397 369 4444 erunt
385 4390 473 4445 locum
491 4388 562 4444 iuter
578 4387 657 4442 binos
675 4385 808 4456 planetae,
826 4401 876 4457 per
887 4401 963 4456 prop.
979 4387 1004 4452 6,
1022 4386 1070 4441 sed
1083 4401 1171 4456 neque
1188 4388 1286 4443 tertiae
1298 4388 1340 4444 rel
1359 4395 1454 4444 sextae
1466 4387 1636 4445 abundantes

240 4479 246 4492 ·
290 4467 431 4522 intervallo
450 4467 580 4536 diapason
599 4465 703 4535 uspiam
722 4466 848 4525 iuventae
866 4473 937 4535 snut,
956 4471 1145 4536 praeterquam
1164 4465 1210 4536 21,
1226 4468 1255 4522 in
1272 4467 1336 4537 biga
1352 4466 1448 4522 Martis
1466 4465 1635 4536 et'l'elluris3

291 4561 380 4615 neque
395 4555 484 4603 tamen
502 4547 550 4602 ille
567 4545 659 4612 ahter,
687 4545 740 4602 nisi
757 4563 818 4604 cnm
836 4547 910 4602 socia
929 4545 974 4615 1,,
1001 4547 1094 4614 itaque
1112 4545 1193 4600 etiam
1215 4544 1390 4603 intermediae
1409 4547 1442 4614 Β1,
1462 4553 1490 4600 et
1509 4545 1540 4614 ³1,
1559 4549 1587 4598 et
1607 4543 1638 4612 ι1,

289 4623 368 4694 juxta
385 4625 602 4683 admittebantur.
639 4626 715 4696 Ergo
733 4626 906 4696 relinquitur,
924 4631 956 4680 ut
973 4623 1079 4680 dandae
1096 4623 1198 4680 insunt
1215 4625 1262 4678 nui
1279 4625 1452 4694 planetarum
1470 4622 1549 4691 bigae
1567 4621 1635 4676 duae

292 4711 395 4774 sextae,
414 4703 447 4772 ’1,
465 4708 493 4758 et
511 4705 554 4773 ³!s·
574 4704 627 4760 Sed
646 4711 675 4762 et
692 4705 768 4762 solae
780 4713 874 4762 sexue
886 4705 1028 4760 venationi
1045 4710 1167 4759 motuum
1184 4701 1293 4759 illomm
1311 4702 1500 4760 concedendae
1519 4699 1636 4770 inerunt,

292 4781 332 4837 sio
349 4789 380 4838 ut
396 4797 485 4852 neque
501 4783 632 4839 termInos
651 4799 716 4840 suos
734 4783 769 4841 ad
788 4781 1056 4853 comprehensionem
1072 4779 1208 4839 interradi
1228 4783 1352 4853 proxime
1368 4781 1479 4852 madoris
1496 4779 1576 4836 unlus
1593 4793 1637 4834 oc-
