3732 5528
321 385 385 446 414
785 379 950 450 Appendieia
968 379 1188 437 Harmonicornm

319 555 447 618 Materia
480 557 687 618 declarationis
719 565 787 617 tuae
816 576 977 637 sensusque
1005 569 1073 621 sunt
1103 562 1278 638 increpantia
1310 561 1427 637 potius,
1464 571 1497 620 ut
1523 563 1548 620 si
1577 577 1659 638 quem
1715 605 1718 612 ,

238 655 247 676 ‘
318 646 405 722 juxta
432 653 461 705 te
485 647 689 706 consistentem
712 645 898 722 in'pnblico,
929 665 984 708 nee
1006 649 1127 708 verbnm
1148 649 1358 727 proterentem,
1389 649 1487 710 verbis
1509 649 1660 726 profligare

319 731 443 810 locoque
465 732 575 809 pellere
597 732 864 792 stomachabundus
892 737 1068 796 annitereris.
1114 735 1147 794 In
1170 734 1285 812 pulpito
1315 753 1361 794 me
1384 740 1573 795 constitutum
1595 738 1657 796 exi-

320 821 483 893 stimabam,
509 819 581 888 dnm¹
599 835 672 896 opus
695 817 904 880 Harmonicnm
926 824 1022 882 scribo
1045 826 1350 900 comparationemque
1373 825 1403 881 in
1423 823 1480 882 tine
1503 825 1657 900 aubJungo,

318 917 351 968 tu
374 925 441 967 ecee
463 925 509 967 me
532 906 571 966 ad
592 923 704 966 morum
727 925 877 974 censuram
903 926 999 971 vocas.
1044 910 1239 970 Resdondebo
1255 911 1390 987 equidem
1406 910 1443 969 ad
1460 911 1584 988 obieeta,
1609 909 1659 970 sed

280 1054 283 1060 ,
319 995 354 1054 de
377 994 506 1073 pulpito;
536 991 607 1052 iilud
634 993 773 1054 honestas
804 999 947 1074 postulat,
979 997 1036 1056 boc
1058 1001 1192 1074 aequites
1219 1001 1369 1074 permittit.
1414 998 1522 1058 Censes
1552 1013 1660 1058 errores

321 1100 467 1159 quemquo
489 1099 558 1142 suos
580 1099 646 1142 non·
661 1091 739 1142 recte
762 1083 907 1144 obducere
932 1084 1061 1144 colorum
1084 1086 1264 1146 diversorum
1288 1086 1481 1160 obscuritate,
1508 1085 1608 1144 duram
1630 1089 1660 1143 in

317 1169 377 1244 his,
408 1171 459 1246 qui
480 1169 553 1229 talia
575 1168 698 1244 audent,
726 1173 861 1246 agnoscis
884 1173 1007 1230 frontem
1029 1181 1117 1247 atque
1139 1173 1290 1232 audacem.
1335 1173 1497 1232 Laudabile
1526 1174 1659 1232 nimirum

318 1257 375 1316 hoc
403 1263 447 1317 est
474 1259 591 1317 initium
621 1273 759 1317 censurae
781 1267 865 1335 tuae,
898 1269 1030 1336 promtus
1059 1277 1167 1320 annuo.
1213 1261 1304 1320 Facta
1332 1259 1380 1320 vel
1409 1263 1517 1338 scripta
1544 1263 1659 1337 propria

319 1361 410 1420 negas
432 1343 600 1404 extollenda
622 1361 674 1421 per
696 1344 868 1422 philantiam
893 1364 1058 1422 vanamque
1080 1348 1218 1424 gloriam:
1244 1347 1399 1407 adsentior.
1445 1347 1528 1406 Vitia
1542 1347 1660 1424 publica

321 1448 386 1490 cum
416 1435 589 1492 auctoritate
619 1440 716 1490 taxas:
751 1433 871 1492 interest
900 1434 1033 1511 publice,
1067 1443 1100 1494 ut
1122 1443 1151 1494 te
1176 1452 1242 1494 cnm
1270 1433 1411 1510 juventus
1434 1434 1566 1494 studiosa
1598 1444 1659 1494 tum

246 1525 249 1532 ’
318 1501 472 1597 scriptores
503 1535 604 1582 omnes
631 1517 762 1580 audiant.
806 1519 943 1596 Iniquum
966 1539 1082 1596 censes,
1112 1539 1287 1598 quemquam
1314 1540 1345 1582 se
1368 1523 1478 1600 populo
1509 1519 1659 1582 venditare

316 1623 368 1682 per
397 1605 495 1666 landis
524 1597 644 1667 alterius
676 1605 879 1667 detrimentum
914 1609 1113 1685 honestaeque
1144 1611 1239 1670 lamae
1272 1609 1502 1686 depressionem,
1536 1627 1655 1686 operum

315 1695 474 1770 praeconia
496 1710 614 1753 snorum
635 1707 687 1770 per
709 1693 864 1754 aliorum
856 1696 977 1771 injurias
999 1705 1029 1756 ct
1051 1696 1178 1756 dedecus
1203 1713 1252 1756 ore
1268 1698 1376 1771 iniusto
1392 1698 1577 1758 ebuccinare:
1602 1699 1659 1755 ini·

316 1782 488 1858 quissimum
529 1782 585 1841 hoc
614 1782 732 1841 omnino
763 1790 793 1841 et
814 1786 976 1862 praeceptis
1004 1785 1111 1843 divinis
1139 1785 1331 1860 humanisque
1358 1787 1542 1844 contrarium.
1589 1784 1659 1844 Non

315 1867 568 1944 praecipiundum
594 1867 753 1929 lectoribus
773 1871 928 1942 muium
956 1871 993 1928 dc
1020 1872 1105 1930 libris
1125 1872 1211 1930 edith
1239 1889 1260 1930 u
1289 1871 1538 1948 disceptantibus:
1572 1871 1659 1948 plane

316 1959 437 2031 inquam
466 1955 523 2016 hoc
544 1965 644 2016 vetare
670 1956 783 2032 justum
811 1965 1002 2033 sanctumque
1031 1967 1083 2018 est.
1128 1959 1284 2036 Scripsisse
1307 1968 1352 2030 te,
1386 1961 1445 2033 ais,
1479 1957 1657 2035 simpliciter,

315 2045 442 2117 sineere,
474 2044 604 2110 voluisse
631 2042 746 2121 placere
774 2041 899 2124 populo:
927 2045 1027 2106 laudo.
1073 2043 1171 2124 Negas
1199 2055 1228 2106 te
1250 2063 1417 2123 quenquam
1446 2046 1579 2106 clanculo
1610 2046 1659 2106 vel

317 2141 417 2207 aperte
441 2135 636 2210 vituperasse:
661 2139 814 2191 contentus
829 2149 904 2192 sum.
948 2131 1029 2192 Malo
1052 2135 1196 2193 neminem
1209 2133 1352 2210 olfecisse,
1375 2133 1488 2192 nullum
1511 2137 1540 2190 in
1564 2151 1660 2210 quen·

315 2236 403 2295 qnam
426 2217 556 2279 dicacule
579 2219 716 2296 probrum
740 2218 862 2292 dixisse,
891 2218 999 2278 nullius
1021 2221 1131 2280 famam
1152 2220 1281 2281 invidiae
1302 2223 1477 2298 aeruginoso
1501 2221 1586 2280 dente
1610 2239 1658 2280 ar·

315 2308 436 2380 rosisse,
480 2307 590 2384 cynicis
626 2307 755 2366 moribus
786 2307 998 2384 calumniisque
1029 2308 1219 2368 abstinuisse·
1258 2318 1366 2382 macte,
1400 2308 1598 2368 Christianum
1627 2316 1656 2367 te

314 2402 461 2470 praestas,
490 2411 578 2470 perge
601 2396 660 2454 itai
704 2393 802 2472 Negas
826 2404 854 2453 te
876 2411 1009 2454 sermone
1038 2400 1191 2456 temerario
1225 2413 1326 2454 usum.
1359 2413 1495 2472 magnum
1518 2404 1547 2455 te
1568 2413 1658 2484 prae-

317 2480 399 2556 dico,
428 2484 454 2541 si
477 2481 533 2540 hoc
555 2495 648 2557 usque
671 2497 787 2557 quaque
810 2477 931 2556 cavisd3
954 2497 1018 2540 rara
1039 2481 1174 2558 linguae,
1202 2501 1267 2542 rara
1290 2481 1393 2542 calsmi
1415 2481 1538 2542 felicitas
1562 2485 1658 2542 omni·

316 2569 429 2644 busque
451 2571 589 2628 encomiis
604 2568 809 2647 praedicanda.
855 2525 953 2646 Atqda
967 2571 1044 2641 hinc,
1067 2573 1120 2642 ais,
1144 2580 1172 2629 te
1193 2572 1388 2644 constituisse,
1411 2573 1660 2648 comparationem

288 2669 290 2674 ’
315 2672 410 2714 meam
434 2656 573 2732 replicare
597 2655 790 2717 amaritudine
812 2659 955 2735 seposita:
988 2657 1068 2716 bona
1089 2673 1179 2718 causa
1201 2656 1371 2734 impellens,
1398 2658 1540 2736 propositi
1565 2659 1658 2716 torma

315 2745 545 2818 speciosissima,
577 2760 629 2820 spe
657 2741 760 2822 plenus
790 2761 864 2804 sum.
912 2743 1139 2804 Animadvertit
1166 2763 1187 2803 ο
1214 2763 1262 2804 me
1290 2745 1344 2803 tibi
1372 2745 1485 2818 objectu
1505 2746 1660 2805 nonanto

316 2829 481 2905 subtiliter,
504 2832 640 2907 agnoscis
662 2841 758 2890 tamen
780 2849 919 2890 serenam
941 2834 975 2889 in
997 2835 1034 2890 iis
1064 2831 1288 2908 quodammodo
1308 2834 1457 2909 frontem:
1490 2849 1548 2890 non
1571 2831 1659 2904 male,

316 2923 350 2976 ut
370 2915 469 2989 video,
491 2934 586 2994 neque
609 2927 640 2976 tu
664 2917 700 2978 de
722 2936 768 2978 me
791 2936 900 2996 speras,
923 2919 980 2977 nisi
1002 2921 1027 2978 si
1050 2921 1078 2976 in
1095 2936 1167 2978 voce
1189 2921 1336 2979 subtiliter
1358 2918 1549 2978 subtilissima
1565 2917 1660 2979 lateat

316 3005 505 3078 querimonia.
550 3005 613 3080 Ego
636 3005 722 3078 mihi,
745 3005 887 3080 Roberte,
910 3007 983 3066 meis
1007 3005 1099 3065 veluti
1121 3005 1303 3066 auditoribus
1327 3005 1363 3066 de
1384 3007 1500 3083 pulpito
1518 3015 1587 3065 'sum
1611 3006 1659 3066 lo·

314 3099 403 3162 cutus¹
422 3089 458 3151 de
472 3090 643 3152 Ptolemaeo
667 3110 760 3168 aeque
783 3101 871 3168 atque
895 3092 931 3151 da
951 3092 1090 3168 Roberto,
1115 3103 1255 3169 qnantum
1278 3094 1315 3154 ad
1339 3093 1512 3162 cnudiendos
1533 3092 1659 3153 lectores

315 3178 477 3239 conducere
513 3197 578 3237 sum
609 3181 781 3253 arbitratus,
813 3181 976 3240 subtilitate
1005 3198 1074 3240 usus
1103 3181 1180 3251 ille,
1205 3199 1279 3258 qnae
1309 3181 1347 3240 ad
1371 3180 1560 3240 dividendum
1583 3183 1658 3240 inter

314 3268 486 3343 scriptiones
515 3267 618 3327 aliines
645 3268 862 3344 requirebatur,
891 3269 1027 3343 ignarus,
1058 3270 1197 3328 interesse
1219 3268 1379 3328 Robertnm
1407 3271 1512 3346 ipsum.
1558 3267 1658 3342 Quare

314 3353 387 3413 nibil
410 3371 524 3427 eorum,
555 3371 631 3431 quaa
654 3355 691 3414 dc
713 3356 776 3430 ejus
799 3371 887 3431 opere
909 3357 1025 3432 scripsi,
1055 3363 1195 3432 tanquam
1225 3359 1344 3420 acctcn
1365 3357 1512 3428 objectum
1541 3358 1657 3432 scripsi.

315 3441 375 3501 Sed
396 3443 466 3518 quia
488 3443 615 3501 cooritnr
635 3459 652 3502 e
673 3442 759 3502 turba
780 3439 927 3502 Robertns
949 3443 1012 3520 ipse
1035 3445 1218 3526 improvisus,
1242 3460 1369 3520 aequum
1389 3443 1524 3520 equidem
1540 3460 1657 3516 censeo,

316 3535 349 3589 ut
372 3532 486 3606 etipse
517 3526 553 3588 dc
575 3547 607 3590 se
630 3530 767 3606 loquatur
790 3529 883 3605 deque
913 3528 988 3588 libro
1011 3548 1082 3606 sno,
1113 3532 1138 3590 si
1167 3530 1238 3607 qnid
1260 3549 1316 3607 ego
1343 3530 1418 3590 libro
1450 3530 1513 3606 ejus
1542 3539 1658 3607 praetor

241 3645 244 3653 ·
314 3623 439 3675 mentem
470 3615 617 3694 scriptoris
648 3613 805 3693 adscripsi,
839 3613 945 3689 diluat,
980 3619 1156 3676 corrtrarium
1183 3626 1339 3689 monstret,
1376 3617 1511 3677 audiatur
1539 3620 1569 3674 in
1601 3617 1658 3676 hoc

315 3703 416 3762 mundi
438 3703 566 3764 ιιιοιιιοι
595 3706 704 3782 primus
726 3721 781 3780 ego
804 3705 861 3764 mei
879 3703 984 3780 J'udieii
1014 3721 1102 3781 snper
1123 3705 1187 3781 eJ'na
1209 3703 1283 3765 libro
1307 3720 1417 3766 errores
1448 3721 1607 3780 agnoscam
1630 3713 1659 3764 et

314 3791 446 3863 iatebor,
475 3791 500 3849 si
523 3807 575 3851 eoa
602 3793 665 3868 ipse
686 3791 757 3851 mihi
781 3791 932 3852 detexerit
976 3791 1140 3866 Torqnere,
1170 3790 1311 3866 Boberte,
1345 3801 1441 3852 tecum
1463 3796 1497 3852 iu
1517 3809 1658 3852 amenum

314 3878 447 3956 frontem
469 3885 568 3956 potes,
588 3886 761 3955 retorquere
782 3895 842 3938 non
862 3888 963 3958 potes,
986 3879 1043 3936 nisi
1064 3881 1095 3936 in
1116 3879 1275 3939 ierientam.

403 3965 457 4024 Ad
480 3965 665 4044 Analysin
688 3966 714 4029 I.
757 3965 868 4026 Videor
889 3973 1084 4026 te'accusnre
1107 3967 1255 4040 inscitiae,
1289 3969 1409 4040 acriter,
1441 3967 1508 4026 licet
1531 3965 1657 4026 occulte.

313 4051 388 4112 Tam
409 4052 466 4113 hoc
488 4061 534 4112 est
555 4044 713 4126 occultum,
734 4053 873 4128 Roberte,
894 4061 927 4111 ut
942 4061 1004 4113 toto
1028 4051 1110 4113 coelo
1133 4070 1219 4114 erres.
1265 4051 1343 4128 Quid
1359 4055 1473 4114 intersit
1493 4056 1568 4113 inter
1589 4061 1658 4112 tuas

275 4187 279 4194 ι
312 4157 452 4216 measque
473 4141 654 4214 harmonias,
683 4139 812 4200 edissero
835 4138 972 4210 fideliter,
1000 4139 1082 4200 nulla
1104 4141 1272 4200 circuitione
1295 4159 1376 4203 usus.
1420 4139 1500 4199 Nihil
1529 4149 1558 4199 te
1582 4144 1658 4199 inter

314 4233 347 4287 et'
363 4227 564 4290 Ptolemaeum
586 4227 759 4288 discriminis
783 4236 842 4302 est,
871 4229 928 4286 nisi
951 4227 1031 4303 quod
1053 4237 1085 4286 tu
1108 4245 1243 4304 superes,
1274 4226 1323 4288 ille
1345 4245 1397 4286 nos
1419 4228 1584 4303 quindecim
1605 4245 1657 4286 se·

314 4315 387 4374 culis
415 4319 579 4376 antecessit.
633 4314 699 4390 Quo
730 4317 848 4376 nomine
877 4316 930 4375 tibi
959 4315 1136 4392 parcendum
1158 4318 1350 4389 censuissem,
1384 4317 1457 4388 nisi,
1487 4316 1517 4372 in
1538 4312 1655 4391 pulpito

314 4405 502 4475 constitutus,
526 4403 665 4479 maiorem
687 4403 834 4481 proiectus
856 4401 1036 4475 auditorum,
1060 4420 1148 4479 qnam
1170 4405 1214 4462 tui
1236 4405 1379 4464 rationem
1400 4401 1579 4462 habuissem.

399 4489 453 4549 Ad
476 4490 724 4568 Analysindl.
768 4489 842 4550 dure
863 4498 914 4550 tuo
937 4491 1035 4562 uteris,
1058 4489 1138 4566 quod
1162 4508 1239 4569 vere,
1260 4489 1313 4550 sed
1336 4491 1452 4550 conche
1474 4505 1554 4548 ame
1576 4487 1656 4547 dicta

313 4571 392 4654 (nam
414 4575 501 4653 plura
522 4576 558 4637 de
580 4579 638 4636 tuis
661 4576 840 4638 editionibus
854 4595 913 4638 uon
928 4575 1079 4656 noveram)
1101 4587 1134 4637 tu
1153 4577 1282 4654 explicas
1297 4577 1394 4638 latius.
1439 4576 1540 4636 Patior
1553 4577 1654 4647 etiam,

301 4673 347 4724 ,ιιι
369 4661 491 4722 accedat
510 4665 548 4723 ad
572 4668 803 4741 comparationes
827 4682 909 4725 meas
930 4667 998 4744 iata,
1021 4663 1100 4742 quod
1121 4666 1224 4739 ριιιιοι
1245 4681 1298 4740 epo
1319 4668 1354 4723 in
1374 4682 1441 4725 meo
1455 4681 1542 4739 opere
1555 4679 1656 4723 annos

316 4749 513 4820 insumserim,
546 4768 634 4826 quarn
662 4761 693 4811 tn
722 4755 826 4812 intuo
853 4751 1061 4812 hebdomadas.
1106 4752 1186 4812 Nihil
1214 4761 1312 4810 tanmn
1340 4750 1492 4827 adrogabo
1514 4753 1655 4826 temporis

314 4836 352 4896 ad
381 4836 545 4913 augendam
571 4836 710 4914 gloriam,
746 4847 938 4902 neoterium
968 4842 1031 4916 ipse
1060 4857 1156 4900 meum
1189 4841 1363 4933 maieritum
1394 4835 1455 4921 (iol.
1486 4835 1559 4920 268)
1588 4837 1657 4898 ialsi
