3564 5540
244 373 306 436 m
533 415 538 427 .
633 385 634 397 ’
778 307 1060 443 115115551115511155

168 589 170 595 s
241 561 304 602 oum
321 545 355 600 ts
373 544 456 617 511515
474 547 567 617 totius,
585 561 636 618 per
653 560 695 602 ax.
718 549 756 616 5.,
774 561 840 618 erqo
858 547 938 602 etiam
957 563 1017 603 cum
1036 547 1148 619 simplo,
1173 563 1211 604 sc.
1230 563 1290 605 cum
1308 549 1479 620 1551155156
1501 567 1598 608 canao-

241 624 386 694 1151115551
403 627 525 696 51555
559 626 604 681 Its
621 633 677 681 ires
694 624 765 682 flunt
782 627 983 681 consonantiae.
1020 627 1164 696 15155515.

329 731 551 810 Propositio
574 733 660 795 XIV.
706 734 804 795 Sectio
835 733 961 814 chordae
989 737 1018 794 in
1049 733 1123 798 duas
1144 743 1259 814 partes,
1292 740 1489 816 proportionis
1524 705 1600 798 inter

243 837 275 880 se
297 823 524 900 sesquialterae,
547 831 592 896 ost
614 823 794 883 harmonica.

329 903 482 974 Numquis
499 907 598 976 55152
620 921 683 962 oum
700 905 844 960 15515553
872 905 1012 964 consuluit
1029 905 1236 978 proportionem
1262 905 1486 978 sesquialteram„
1516 907 1601 964 habet

349 1047 507 1058 Ἥ*-
533 982 616 1052 igitur
633 1000 663 1039 se
680 1000 744 1053 pars
762 983 797 1039 ad
814 984 960 1048 residuum,
980 991 1011 1038 ut
1028 983 1137 1054 aliquod
1156 1001 1306 1040 consonum
1324 986 1492 1042 1551555152
1510 1003 1541 1042 se
1553 987 1600 1040 ha·

350 1084 434 1092 0*
438 1085 508 1093 -·
534 1064 581 1120 bet
598 1061 634 1117 55
652 1060 823 1130 circulanti,
843 1078 893 1132 per
911 1061 1096 1127 corollarium,
1117 1079 1200 1132 quare
1219 1071 1248 1118 ct
1265 1081 1328 1134 para
1355 1066 1530 1142 1155555551
1550 1080 1600 1120 suo
1660 1127 1661 1130 Ἴ

245 1179 258 1213 ,
348 1107 509 1248 ᾖξ’-..ἶ
532 1143 641 1200 residuo
659 1143 675 1200 3
693 1140 861 1210 consonabit,
879 1155 959 1230 par
946 1157 988 1196 ax
1006 1143 1031 1197 5.
1065 1141 1103 1196 Et
1121 1142 1289 1216 5111555151
1307 1143 1517 1199 5551555553
1535 1142 1603 1198 iacit

534 1231 622 1278 totum
640 1225 665 1292 5
684 1237 746 1291 pars
765 1235 828 1274 vero
849 1221 862 1274 1
884 1220 997 1290 ejusque
1015 1217 1182 1276 1551555514
1201 1238 1263 1278 cnm
1282 1239 1332 1281 suu
1351 1231 1409 1278 5555
1426 1224 1442 1278 5
1461 1228 1601 1290 consonat,

402 1334 509 1344 ---
534 1319 584 1373 per
601 1299 785 1367 corollarium,
805 1299 966 1356 consonabit
985 1298 1066 1368 igitur
1084 1301 1168 1355 etiam
1185 1308 1245 1356 tota
1264 1303 1279 1358 5
1304 1317 1366 1356 cum
1384 1309 1520 1358 consonae
1539 1317 1601 1372 par·

348 1337 509 1452 Q:
534 1383 569 1437 tls
590 1383 602 1436 1
623 1379 842 1451 dupla2,·quae
861 1377 992 1432 hocloco
1010 1385 1105 1432 nostra
1129 1393 1193 1448 pars
1212 1387 1265 1446 est,
1287 1380 1330 1435 vel
1348 1398 1408 1436 curu
1430 1381 1601 1436 555555115-

244 1497 257 1535 ,
303 1465 328 1534 1,
349 1455 509 1507 -Q-s-
534 1459 605 1516 sidui
623 1458 638 1512 l
658 1456 767 1513 dimidio
786 1457 811 1524 2,
829 1473 878 1525 per
896 1473 974 1526 prop.
994 1458 1018 1512 t.
1056 1456 1129 1512 idem
1149 1459 1271 1527 sequitur
1289 1460 1369 1514 etiam
1390 1461 1549 1530 simpliciter
1566 1476 1601 1516 cx

349 1542 542 1612 propositionis
562 1542 587 1595 5.
606 1545 684 1607 parte
701 1537 789 1605 prima
807 1535 981 1602 axiomatica,
1007 1535 1072 1604 quia
1090 1535 1220 1590 subtensa
1242 1537 1347 1593 duabus
1370 1539 1471 1607 quintis
1492 1539 1602 1594 demon-

349 1621 469 1680 strabilis
488 1629 538 1684 est,
557 1633 640 1688 quare
658 1626 685 1672 et
705 1631 834 1672 consona.
870 1615 995 1684 Denique
1018 1615 1082 1684 quia
1099 1615 1186 1686 partis
1204 1616 1220 1672 2
1238 1616 1376 1675 residuum
1395 1617 1410 1674 3
1435 1625 1478 1672 est
1504 1617 1538 1671 ad
1559 1624 1601 1671 to·

349 1703 405 1756 tius
423 1703 439 1756 5
457 1707 563 1771 partam
583 1704 715 1767 quartam,
734 1701 765 1749 55
781 1703 857 1750 55155
876 1695 993 1751 51155155
1015 1695 1046 1749 12
1064 1695 1099 1750 55
1117 1703 1222 1764 partem
1241 1712 1388 1751 consonam
1405 1697 1429 1758 5,
1448 1695 1602 1765 51155151-

348 1777 459 1848 larium,
478 1774 638 1836 consonabit
655 1773 738 1846 iqitur
755 1781 783 1828 et
800 1773 939 1828 residuum
957 1781 1080 1829 nostrum
1098 1774 1115 1832 3
1134 1791 1195 1830 oum
1214 1781 1272 1830 toto
1286 1775 1310 1842 5,
1329 1791 1377 1844 pcr
1388 1791 1465 1845 prop.
1481 1777 1505 1830 7.
1532 1773 1602 1828 Τ155

349 1855 431 1926 igitur
449 1853 642 1912 consonantiae
661 1853 790 1911 existunt.
826 1853 900 1922 Ergo
920 1861 971 1909 eto.
991 1879 993 1882 ·

335 1979 558 2060 Propositlo
580 1979 652 2040 XV
698 1979 798 2040 Sectio
820 1978 947 2040 chordae
970 1981 999 2038 in
1021 1987 1120 2056 partes
1143 1974 1225 2055 duas,
1249 1983 1444 2058 proportionis
1469 1983 1544 2044 intur
1565 1999 1598 2042 ra

246 2085 348 2148 snper·
352 2070 534 2146 bipartientls
556 2071 673 2144 tertias,
698 2085 752 2128 seu
777 2068 796 2126 5
819 2067 858 2126 55
882 2069 916 2140 3,
940 2075 985 2127 est
1007 2067 1186 2129 harmonica.

332 2153 402 2208 Nam
421 2153 486 2222 quia
502 2151 642 2221 proportio
659 2150 745 2222 partis
764 2151 780 2206 3
799 2149 990 2204 5515515555
1012 2153 1029 2205 5
1050 2158 1092 2205 est
1111 2149 1220 2219 eadem,
1248 2165 1318 2221 quae
1336 2149 1603 2220 5115155515551513

353 2295 511 2308 .......-
538 2229 1495 2300 55115551555515155,551551511511551,5551555155151555
1521 2233 1603 2286 etiam

353 2318 632 2378 *gnosius-
657 2309 1320 2382 55153555555515155555555555555515.
1356 2308 1603 2379 Eiquiaparsi

390 2405 511 2470 :55
538 2406 600 2446 cum
618 2388 727 2445 residuo
745 2391 761 2446 5
780 2387 847 2444 iacit
863 2396 949 2443 totam
967 2388 993 2454 8,
1013 2403 1096 2460 quaro
1113 2405 1163 2458 per
1172 2389 1348 2447 corollarium
1365 2390 1457 2460 55153
1471 2405 1602 2448 55115555-

539 2469 586 2526 bit
597 2485 658 2524 cum
677 2470 778 2525 15558.
815 2468 939 2537 Denique
965 2469 1028 2540 quia
1046 2469 1217 2527 1551555515
1241 2469 1275 2526 55
1301 2470 1385 2525 151155
1404 2469 1421 2526 8
1443 2480 1548 2540 partem
1568 2469 1607 2523 di·

538 2547 647 2604 midiam
666 2547 683 2600 4
701 2561 731 2602 55
749 2545 849 2616 habet,
875 2555 906 2604 ut
930 2555 1004 2602 totus
1023 2548 1141 2604 51155155
1158 2551 1174 2605 5
1199 2549 1234 2604 55
1258 2547 1395 2604 residuum
1413 2545 1430 2602 t
1449 2563 1603 2617 consonum,

351 2584 512 2702 3350-
538 2625 894 2695 1515555515585515551
916 2634 1041 2696 quartam
1058 2627 1088 2691 2
1117 2633 1147 2682 ut
1168 2633 1243 2682 totus
1268 2625 1385 2683 circulus
1404 2627 1420 2681 5
1442 2623 1477 2680 ud
1500 2633 1605 2694 partem

307 2683 510 2784 51-64
538 2703 734 2771 consonant,
754 2719 804 2774 per
822 2702 1005 2776 corollarium.
1034 2704 1194 2762 consonabit
1216 2705 1299 2776 igitur
1322 2703 1460 2763 residuum
1484 2712 1605 2760 nostrum
1643 2746 1646 2757 .

538 2781 619 2838 etiam
638 2795 698 2837 cum
717 2789 775 2838 toto
794 2783 824 2852 8,
848 2797 898 2852 551
914 2798 991 2853 prop.
1012 2784 1038 2839 i.
1075 2783 1169 2838 Tres'
1160 2783 1243 2852 rgitur
1262 2792 1290 2842 55
1306 2784 1350 2840 hic
1367 2781 1436 2840 fiunt
1451 2797 1604 2840 consonan-

536 2863 599 2918 tiae.
635 2862 710 2931 Ergo
729 2869 780 2916 cic.

248 2641 261 2677 8

335 2969 560 3093 Propo'sitio
583 3013 670 3074 XVL
716 3013 748 3074 Si
769 3013 880 3074 chorda
902 3022 1017 3074 secetur
1039 3017 1069 3073 in
1093 3015 1166 3076 duas
1183 3024 1281 3095 partes
1304 3016 1445 3092 5115111155,
1468 3019 1601 3096 interque

222 3106 317 3166 ·illas
338 3114 369 3165 et
391 3112 493 3177 totam,
517 3103 573 3162 hoo
596 3110 641 3162 cst
663 3105 737 3162 inter
759 3112 817 3162 tres
840 3105 987 3178 terminos,
1011 3103 1099 3164 luerit
1123 3103 1306 3170 dissonantia
1328 3125 1400 3180 uua,
1434 3117 1550 3184 oportet
1574 3115 1604 3168 et
1639 3137 1646 3144 -

250 3194 373 3256 alteram
397 3192 608 3251 dissonantiam
632 3189 794 3249 interillos
818 3207 892 3249 esse.

177 3331 180 3338 ,
336 3275 406 3331 Nam
424 3289 507 3329 causo
524 3272 709 3328 dissonantiae
728 3273 787 3342 erit,
806 3273 879 3341 quod
897 3271 938 3327 rel
957 3278 1016 3327 tota
1033 3271 1077 3327 rel
1094 3288 1158 3342 5515
1172 3273 1272 3329 habeat
1289 3289 1430 3330 numerum
1448 3276 1603 3344 portionum

247 3322 321 3412 illias
339 3352 479 3409 divisionis
498 3351 638 3422 5155115111
650 3349 760 3443 'figurae
778 3350 1035 3408 indemonstrabilis.
1073 3354 1156 3424 Atqui
1174 3353 1235 3409 talis
1253 3367 1383 3408 numerus
1401 3369 1488 3423 neque
1506 3358 1603 3426 majori

249 3433 329 3490 515551
348 3446 476 3502 numero,
501 3429 548 3497 qui
564 3429 691 3498 proprius
710 3429 745 3484 ait
769 3427 872 3500 figurae
891 3427 1126 3502 demonstrabilis,
1146 3445 1264 3487 consone
1287 3434 1419 3504 sociatur,
1443 3448 1530 3502 nequo
1555 3435 1603 3490 ulli

249 3511 394 3568 minorisa
412 3511 481 3580 ipso,
500 3523 550 3578 per
569 3509 677 3562 axioma
695 3509 718 3564 5.
736 3515 765 3563 55
782 3511 806 3564 5.
826 3513 854 3564 55
871 3524 947 3580 prop.
968 3511 992 3565 5.
1012 3516 1038 3563 et
1057 3514 1081 3565 1.
1117 3511 1257 3571 Terminus
1270 3511 1353 3582 igitur
1364 3511 1418 3578 ille,
1436 3513 1482 3582 qni
1495 3521 1605 3567 constat

248 3607 362 3647 numero
379 3588 428 3645 tali
445 3589 607 3658 portionum,
627 3587 750 3643 dissonat
767 3603 785 3643 a
801 3587 907 3644 duobus
925 3588 1047 3643 terminis
1066 3587 1178 3658 reliquis
1190 3590 1317 3645 sectionis
1330 3590 1418 3660 illius,
1437 3589 1513 3645 etsie
1532 3591 1603 3648 11555

249 3679 313 3729 sunt
332 3667 517 3726 dissonantiae
534 3666 622 3724 simul.
1041 3687 1046 3700 ·

335 3745 414 3808 Huic
436 3745 629 3821 propositioni
652 3745 681 3802 in
705 3743 866 3819 geometria
888 3741 982 3802 simile
1005 3749 1050 3801 ast
1071 3741 1142 3817 hoe,
1173 3743 1252 3818 quotl
1275 3746 1299 3802 si
1332 3751 1412 3803 rocta
1435 3751 1550 3804 secetur
1573 3746 1601 3802 in

249 3819 346 3915 partes
378 3830 510 3894 affabiles
539 3831 685 3909 fueritque
714 3849 812 3890 aarum
843 3847 903 3888 una
935 3831 1236 3890 incommensurabilis
1270 3832 1359 3894 alicui
1394 3833 1496 3891 tertiae
1526 3827 1600 3914 (nun

248 3926 303 3984 toti
326 3941 362 3983 ex
386 3930 509 3996 utruque
531 3921 774 3996 555555155555
796 3913 874 3998 hio):
897 3915 1019 3978 alteram
1043 3934 1161 3996 quoque
1185 3919 1278 3978 eidem
1296 3921 1398 3980 tertiae
1419 3923 1602 3979 incommen-

251 4011 409 4071 surabilem
431 4014 546 4086 oportet
561 4023 644 4067 esse
690 4007 764 4079 11115,
794 4007 820 4064 si
843 4013 923 4065 recta
945 4013 1059 4065 secetur
1086 4007 1117 4063 in
1139 4013 1237 4083 partes
1262 4009 1336 4066 inter
1358 4025 1390 4066 se
1419 4009 1602 4069 incommen-

250 4097 412 4172 surabiles,
435 4104 560 4172 utraque
583 4097 640 4154 crit
662 4097 715 4154 toti
738 4093 1051 4173 incommensurabilis.

334 4219 557 4296 Proposltio
580 4213 682 4275 XVII.
727 4213 759 4274 Si
783 4212 892 4274 5115155
914 4223 1028 4274 5555551
1051 4216 1079 4272 15
1104 4214 1297 4293 5555551555
1321 4215 1505 4293 longitndine
1529 4219 1601 4279 effa·

250 4304 332 4379 biles,
356 4306 520 4382 inariutque
543 4303 706 4364 1555111155
729 4311 759 4362 55
781 4311 882 4376 toturn,
906 4302 962 4362 1155
985 4311 1029 4362 555
1052 4305 1200 4364 interires
1217 4307 1366 4378 terminos,
1392 4309 1599 4366 consonantiae

253 4392 345 4466 duae,
369 4399 536 4469 oporteret
560 4393 674 4452 tertiam
698 4407 763 4450 csse
786 4391 1016 4450 consonantiam.
1125 4447 1128 4452 Α

339 4471 368 4528 Si
386 4475 457 4530 euim
473 4473 544 4530 duae
563 4474 756 4530 consonantiae
774 4481 853 4542 sunt,
877 4489 937 4528 cum
956 4473 1011 4527 sint
1027 4473 1232 4542 proportionum
1256 4489 1311 4544 pon
1330 4472 1421 4543 plures
1439 4491 1520 4545 quam
1537 4483 1600 4541 tres,

251 4569 305 4610 non
322 4559 452 4624 poterunt
468 4553 552 4622 igitur
569 4569 629 4610 csse
648 4553 717 4610 duae
736 4551 935 4622 dissonantiam
962 4553 984 4608 si
1002 4569 1057 4608 non
1076 4553 1144 4608 duae
1163 4553 1359 4624 dissonantiae,
1388 4565 1450 4622 ergo
1469 4569 1599 4624 5551155,

252 4648 301 4704 per
321 4629 360 4690 to.
379 4643 552 4700 555151ς5551
572 4647 636 4704 erqo
656 4647 748 4690 omues
766 4639 823 4686 tres
841 4632 1031 4704 proportiones
1050 4641 1129 4688 erunt
1147 4643 1336 4689 consonantes.

340 4706 420 4767 Sic
411 4723 440 4764 rn
463 4709 640 4782 geometria,
673 4711 698 4767 55
721 4717 801 4768 15555
824 4721 937 4768 secetur
967 4711 996 4766 in
1026 4720 1124 4785 partes
1153 4711 1226 4766 inter
1251 4727 1284 4806 sa
1314 4707 1598 4784 commensurabiles,

253 4803 315 4857 tota
337 4797 453 4873 utrique
474 4794 604 4871 partium
625 4797 679 4861 erit
702 4794 980 4860 commensurabilis.
