3668 5526
251 360 254 369 ·
312 326 376 389 470
828 327 860 382 In
877 325 1053 382 Harmoniam
1069 321 1166 380 Mundi

311 517 439 570 regnum,
462 515 543 570 quam
560 501 736 572 Harmoniai)
755 491 933 571 coniecisses,
961 501 1096 558 discordia
1113 499 1294 556 haereditaria
1312 499 1451 556 nationum
1468 499 1669 556 intensusina-

310 597 381 644 rnm,
409 595 478 649 quac
496 580 598 636 crebris
617 587 645 637 et
661 581 856 636 cruentissimis
879 580 1001 636 cladibus
1025 579 1130 651 aliquot
1154 577 1305 634 seculorum
1331 579 1427 634 seriem
1446 595 1495 634 ceu
1513 580 1587 634 notis
1605 578 1668 646 qni·

310 659 425 716 busdam
438 660 649 729 interstinxerat,
667 659 820 716 ieliclssime
832 659 938 715 sublata
951 666 978 713 et
990 659 1137 714 exstincta:
1158 673 1219 713 cum
1231 659 1312 713 etiam
1324 657 1432 714 titulum
1451 657 1667 715 haereditarium

313 739 488 795 ‹Defensoris
505 733 595 807 fidei»,
624 739 811 796 diversissimis
830 737 927 792 studiis
946 737 1038 792 datum
1057 745 1286 807 usurpatamque,
1312 738 1481 794 retinendum
1500 739 1549 794 tibi
1568 753 1668 793 censu·

310 821 392 874 isses:
411 819 478 872 baec
497 823 525 872 et
543 817 596 873 alia
614 818 691 886 signa
709 833 764 871 non
782 815 865 871 infida
883 817 949 871 mihi
968 817 1129 872 videbantur
1147 815 1266 872 secuturi
1284 817 1394 886 majoris
1412 825 1440 873 et
1457 818 1668 888 praestantioris

310 897 445 966 etiamque
464 895 635 951 durabilioris
654 897 743 965 operis
762 895 815 962 tui,
834 896 910 964 pacis
929 895 1033 952 scilicet
1051 897 1225 952 ecclesiarum
1243 896 1443 966 procurandae:
1461 898 1534 968 qnod
1553 895 1667 966 quidem

312 1013 380 1030 ....
400 972 447 1031 iol.
467 979 500 1028 78
517 973 564 1028 lin.
582 981 693 1029 26-30.
713 961 739 1030 ,ἶ
756 1014 781 1029 ..
800 975 992 1044 proponebam.

397 1051 435 1105 Et
452 1051 527 1107 visus
546 1052 654 1121 quidem
674 1058 716 1107 est
733 1058 846 1107 eventus
865 1053 986 1122 aspirare
1004 1055 1074 1108 votis
1094 1054 1172 1123 meis,
1192 1070 1251 1110 cum
1270 1055 1298 1107 in
1315 1069 1427 1128 regnum
1444 1061 1521 1109 tunm
1540 1069 1570 1108 se
1587 1068 1665 1108 rece-

312 1134 418 1204 pissent
435 1129 484 1184 viri
503 1131 556 1186 duo
575 1132 615 1196 (ut
633 1130 666 1186 dc
685 1130 745 1185 aliis
764 1130 830 1185 nihil
849 1132 962 1201 dicam),
992 1149 1105 1202 quorum
1130 1140 1245 1203 uterquc
1270 1133 1410 1188 scientiam
1436 1141 1463 1187 et
1482 1132 1664 1188 eruditionem

309 1211 344 1266 ad
362 1215 467 1265 tantum
485 1224 553 1277 opus
571 1210 760 1280 necessariam,
780 1209 895 1266 alteret
914 1212 1074 1279 dignitatem
1092 1211 1216 1268 attulisse
1228 1211 1314 1268 videri
1324 1213 1427 1280 potnit:
1446 1212 1491 1266 ille
1510 1211 1584 1267 aliud
1602 1211 1665 1279 qni·

308 1288 369 1343 dem
387 1301 470 1356 agens
489 1291 517 1341 et
533 1301 604 1354 pena
621 1303 710 1342 mersis
729 1290 933 1358 grammaticus,
961 1289 1066 1345 radium
1083 1296 1174 1344 tamen
1193 1291 1280 1345 emisit
1297 1290 1409 1345 latentis
1426 1291 1529 1345 altioris
1546 1287 1664 1358 consilii,

211 1399 214 1406 ·
308 1368 360 1422 iste
379 1365 511 1420 medicum
536 1366 664 1423 sanandis
688 1365 819 1421 ecclesiae
837 1368 992 1424 vulneribus
1011 1368 1100 1438 palam
1128 1368 1280 1438 professus,
1308 1384 1360 1424 nec
1377 1376 1466 1424 tamen
1485 1368 1574 1423 verbis
1591 1367 1663 1422 adeo

308 1451 433 1515 apertus,
453 1445 518 1514 quin
536 1459 598 1500 vere
617 1448 682 1516 (non
700 1446 789 1500 minus
808 1446 874 1515 iste,
906 1463 988 1515 qnam
1006 1445 1076 1500 ulter
1092 1444 1149 1514 ille)
1167 1446 1230 1516 plus
1248 1445 1364 1516 aliquid,
1387 1463 1468 1516 quam
1487 1447 1601 1517 diceret,
1620 1448 1663 1502 in·

307 1539 391 1578 nuere
408 1523 478 1578 velle
495 1523 640 1580 videretur.

394 1607 448 1657 liol.
468 1606 509 1656 78.
528 1605 572 1657 llo.
592 1608 634 1657 1³.
653 1608 684 1656 ab
702 1607 780 1659 tuba:
805 1595 905 1660 Ve'rum
923 1604 992 1677 prob
1011 1604 1104 1674 dolor,
1130 1603 1229 1665 vuinus
1245 1603 1378 1664 ecclesiae
1398 1604 1586 1670 decussatum,
1610 1619 1664 1658 seu

307 1682 448 1740 sacratiori
458 1680 626 1749 feliciorique
635 1675 768 1738 vocabalo
781 1683 949 1754 cruciforme,
961 1688 1049 1738 tumet
1061 1681 1150 1738 adhuc
1163 1683 1305 1752 multiplici
1317 1683 1402 1752 labro,
1421 1691 1448 1738 et
1466 1683 1540 1739 nullo
1553 1681 1664 1736 illorum

306 1763 466 1820 connivente
478 1757 632 1816 adhucdum
645 1760 722 1816 irrita
733 1763 839 1819 videtur
851 1779 912 1818 esse
924 1765 992 1818 haec
1005 1779 1070 1819 cura
1081 1769 1110 1817 et
1121 1762 1255 1818 medicula
1266 1761 1379 1832 ingrata.
1393 1765 1431 1819 Et
1443 1764 1506 1832 quid
1519 1761 1623 1820 mirum,
1638 1760 1664 1814 si

305 1841 433 1910 medicus,
452 1855 534 1909 aegro
547 1839 671 1896 deliranti
684 1855 745 1896 sese
757 1841 972 1906 amomisodans.
982 1841 1068 1898 marlia
1080 1841 1203 1898 oomdlto
1216 1840 1307 1910 ladas,
1317 1841 1406 1908 multa
1421 1841 1536 1908 simulet,
1555 1855 1624 1911 quae
1644 1854 1663 1892 a

213 1939 216 1949 ·
306 1936 374 1976 sana
399 1919 503 1975 ratione
527 1918 674 1987 plurimum
701 1918 775 1975 abire
793 1920 933 1990 videntur,
960 1927 992 1975 ut
1018 1921 1071 1976 hac
1088 1922 1133 1975 via
1159 1919 1318 1975 medicinam
1344 1921 1441 1976 fallens
1467 1922 1572 1988 ingerat
1598 1935 1663 1974 cnm

305 1999 406 2070 ignaris
425 1997 499 2066 artis,
525 2003 583 2052 tum
601 1998 761 2066 praesertim
780 1998 903 2068 partibus
921 1999 1031 2055 nimium
1050 1999 1205 2054 difficilibus
1223 1999 1389 2069 nimiumque
1407 2001 1537 2058 morosis?
1574 1999 1664 2068 Spero

305 2085 411 2145 tamen,
429 2076 518 2134 Deum
534 2073 566 2130 0.
584 2076 639 2146 ld,
659 2093 675 2132 a
692 2092 746 2146 quo
765 2095 848 2132 unum
865 2077 973 2132 illorum
991 2077 1099 2148 publice
1117 2077 1217 2132 mundo
1236 2081 1451 2137 commendatum
1472 2094 1531 2135 esse
1549 2079 1667 2134 incensa

305 2157 387 2216 stella
403 2171 476 2210 nora
491 2169 562 2210 amo
581 2156 659 2212 1out.
679 2155 731 2210 hoc
748 2155 919 2224 potissimam
934 2162 1092 2224 argumento
1106 2156 1229 2225 conjicio,
1248 2159 1413 2228 qniaipsum
1429 2158 1506 2214 illins
1525 2173 1575 2225 epo
1595 2157 1664 2211 ciris

303 2237 444 2295 coloribus
461 2241 504 2290 tot
521 2233 599 2288 ansis
623 2241 767 2303 antequam
795 2234 917 2306 prodiret
939 2235 1085 2304 depingere
1110 2235 1186 2304 potui
1203 2235 1232 2288 in
1255 2237 1438 2308 descriptione
1456 2237 1529 2290 illius
1548 2234 1663 2304 stellae;

305 2319 408 2383 Deum,
421 2312 616 2384 ·inqnam‚qui
634 2311 685 2366 hos
704 2311 772 2366 duos
792 2313 863 2367 viros
881 2312 965 2367 veluti
984 2313 1182 2380 consolidantia
1200 2321 1292 2370 cerata
1306 2316 1364 2384 Jam
1381 2317 1481 2372 mundo
1499 2314 1663 2370 monstrarit

305 2413 338 2452 ex
357 2403 405 2451 tno
422 2408 518 2462 regno,
534 2391 675 2461 eundem,
705 2395 737 2446 ut
756 2403 911 2462 supremum
929 2391 1063 2448 medicum
1090 2393 1209 2462 artisque
1233 2407 1298 2447 suae
1322 2401 1425 2450 certum
1445 2394 1662 2464 necquicquam

303 2469 405 2530 frust'ra
418 2468 608 2543 applicantem,
625 2469 682 2538 jam
695 2486 768 2524 nunc
788 2471 868 2525 etiam
880 2470 1012 2525 lenientia
1030 2470 1158 2540 expedire
1177 2471 1210 2526 ad
1224 2470 1593 2544 deprimendumtumorem,
1612 2479 1662 2526 ant

250 2555 253 2567 '
303 2555 410 2625 sicam
428 2550 539 2624 putrida
556 2557 584 2604 et
601 2549 672 2614 lesa,
690 2548 830 2614 charitatis
848 2565 884 2606 sc.
905 2551 1066 2619 exstinctae,
1086 2567 1261 2606 succrescens
1279 2551 1391 2622 impedit
1410 2549 1510 2628 blanda
1527 2553 1591 2618 ista,
1611 2567 1662 2620 per

302 2627 354 2690 h'os
369 2629 454 2700 igitur
471 2629 547 2700 ipsos
564 2627 698 2687 tumultus
717 2635 745 2684 et
762 2625 862 2686 similes
882 2625 950 2689 ulios
970 2627 1101 2688 medicum
1120 2627 1261 2688 erodentia
1279 2629 1432 2705 applicare,
1451 2629 1542 2702 quoad
1561 2630 1660 2698 aliquis

305 2707 405 2771 doloris
424 2724 520 2769 sensns
539 2705 573 2767 ad
591 2706 667 2764 sivae
686 2707 775 2773 carnis
793 2705 1007 2780 profunditatem
1027 2705 1180 2767 descendat.

265 2855 267 2862 Ι
392 2786 452 2856 Ego
470 2803 543 2851 vero,
562 2781 613 2840 etsi
630 2781 700 2840 votis
716 2785 785 2840 meis
804 2783 838 2840 de
856 2785 1000 2840 concordia
1016 2785 1091 2840 brevi
1109 2785 1241 2841 coalitura
1259 2785 1391 2842 hactenus
1405 2786 1539 2849 excidisse
1557 2787 1659 2857 videor,

304 2877 396 2928 tamen
418 2869 471 2924 hoc
494 2867 583 2938 ipsum
601 2865 629 2922 in
646 2866 738 2936 magni
762 2865 886 2923 beneficii
910 2865 991 2946 divini
1017 2873 1094 2936 parte
1118 2881 1244 2938 numero,
1270 2865 1343 2934 quod
1360 2881 1417 2925 non
1435 2874 1541 2924 mutum
1558 2875 1658 2936 cetera

301 2963 374 3020 quse
391 2946 458 3004 mihi
474 2943 584 3000 inerunt
601 2941 637 3000 ad
654 2940 852 3003 absolutionem
870 2945 959 3013 operis
978 2944 1147 3014 necessaria,
1171 2941 1232 3000 loco
1251 2944 1379 3014 pristino,
1405 2944 1455 3001 scd
1474 2946 1556 3002 etiam
1573 2946 1658 3016 lisia

304 3032 403 3082 statem
420 3030 511 3092 mam,
539 3024 582 3080 cui
600 3023 778 3092 patrocinium
796 3020 885 3094 operis
908 3031 964 3080 tam
982 3023 1029 3080 diu
1047 3030 1128 3081 antea
1147 3021 1291 3091 destinavi,
1319 3021 1373 3078 huc
1392 3039 1478 3090 usque
1496 3022 1658 3080 incolumem

304 3112 332 3162 et
349 3103 490 3162 florentem
509 3099 574 3158 vidi:
602 3101 744 3177 audeoque
770 3103 851 3158 etiarn
875 3119 909 3158 ex
933 3103 985 3160 boc
1008 3111 1106 3161 eventu
1133 3119 1222 3172 exque
1244 3103 1304 3172 ipso
1327 3101 1514 3175 inventionum
1538 3117 1658 3160 mearsrm

304 3199 432 3242 successu
450 3179 538 3250 (cnjus
557 3181 682 3249 equidem
700 3179 815 3253 ielicitas
834 3181 975 3250 audaciam
992 3181 1022 3241 in
1034 3177 1283 3252 quaerendo'longe
1295 3184 1416 3252 superat)
1435 3185 1554 3238 animare
1573 3182 1658 3250 magis

301 3263 442 3335 magisque
460 3275 523 3330 spes
541 3275 627 3328 meas,
655 3261 736 3320 etiam
754 3268 849 3321 contra
872 3278 948 3331 spem
967 3269 1119 3331 susceptas,
1146 3262 1179 3318 de
1202 3277 1270 3332 pace
1289 3259 1462 3320 ecclesiarum
1481 3259 1592 3318 tandem
1609 3259 1657 3316 aii·

303 3341 413 3412 quando
430 3337 628 3400 constituenda.
664 3339 770 3399 Potens.
792 3341 863 3396 eninr
882 3348 924 3396 est
939 3339 1015 3396 Dens
1041 3341 1081 3407 (ut
1098 3339 1137 3398 sic
1156 3356 1190 3402 en
1213 3337 1284 3396 libro
1301 3356 1361 3396 mco
1380 3339 1413 3394 dc
1430 3341 1510 3396 stella
1527 3357 1598 3398 novs
1615 3357 1656 3396 re·

213 3429 217 3446 ’
302 3420 418 3491 petam),
445 3435 479 3474 ex
497 3415 640 3473 hisatium
660 3419 779 3475 tenebris
805 3419 957 3489 producere
979 3419 1075 3476 lucem.
1111 3418 1251 3490 Denique,
1269 3417 1293 3474 si
1310 3435 1360 3476 nos
1380 3419 1469 3478 omnia
1487 3419 1656 3478 deseruerint

301 3505 461 3572 ammenta
478 3497 548 3555 bene
567 3495 712 3566 eminendi,
732 3506 895 3557 nontamen
915 3499 1035 3556 desinam
1054 3494 1071 3554 a
1087 3497 1158 3568 Deo,
1185 3499 1260 3572 pacis
1280 3505 1406 3568 auctore,
1426 3500 1592 3569 contendere
1611 3501 1655 3554 de

300 3579 371 3636 votis
386 3577 528 3648 precibus,
556 3575 596 3632 uti
615 3575 675 3634 Tibi
695 3586 722 3632 et
741 3579 823 3634 vitam
850 3583 877 3632 et
895 3577 1068 3646 Maiestatem
1086 3577 1187 3646 regiam
1206 3577 1316 3635 tueatur
1332 3577 1496 3635 incolumem
1515 3577 1655 3648 usquead

300 3657 377 3716 illum
395 3663 519 3728 aptatum
537 3662 678 3728 eventum,
701 3657 748 3713 ubi
765 3655 939 3712 Harmoniam
956 3655 1032 3714 iliam
1050 3655 1181 3714 ecclesiae
1199 3655 1254 3712 tuis
1272 3654 1357 3726 ipsius
1376 3656 1452 3712 velut
1471 3655 1541 3712 ulnis
1560 3653 1653 3712 ioveus

247 3771 251 3780 ·
302 3746 330 3796 et
347 3732 502 3808 proferens,
530 3735 682 3794 exclamare
700 3735 801 3806 possis:
827 3737 871 3804 eja
888 3752 962 3790 nnuc
979 3735 1089 3793 tandem
1107 3736 1217 3792 exsolve
1240 3751 1346 3795 servum
1364 3743 1442 3792 tunm
1460 3735 1575 3792 Domine
1594 3753 1653 3790 cnm

300 3833 385 3888 pace,
413 3821 557 3886 postquam
576 3813 702 3880 viderunt
722 3814 779 3884 jam
799 3813 871 3870 oculi
892 3811 945 3871 mei
963 3812 1059 3873 salutis
1083 3813 1135 3870 hoc
1157 3815 1256 3886 pignus
1281 3815 1462 3892 verissimum,
1491 3832 1544 3888 quo
1563 3814 1653 3870 lismen

300 3903 426 3970 aeternae
451 3891 588 3950 felicitatis
612 3909 647 3954 an
665 3891 717 3950 hoc
741 3891 827 3964 magis
853 3893 991 3964 magisque
1014 3893 1149 3952 reveletur
1173 3893 1313 3964 gentibus,
1340 3893 1495 3950 adhucdum
1513 3892 1653 3948 inumbra

300 3973 395 4046 mortis
414 3967 652 4106 delitesccrlrtrbus,
681 3978 708 4028 et
727 3989 780 4040 quo
799 3971 908 4038 tandem
928 3969 1060 4028 enitescat
1078 3974 1206 4048 orbisque
1224 3981 1358 4030 terrarum
1376 3973 1470 4030 oculos
1489 3973 1652 4042 perstringat

300 4049 431 4111 ecclesiae
449 4057 512 4109 tuas
529 4049 624 4122 gorio.
727 4097 728 4100 ,
1123 4049 1127 4054 ’

387 4129 500 4190 Interim
584 4133 642 4182 vids
660 4146 686 4196 p.
707 4135 746 4187 79.
766 4134 811 4188 lin.
831 4137 875 4190 10.

1234 4254 1241 4271 .
1258 4252 1266 4268 .
1340 4205 1410 4268 Jot.
1435 4203 1594 4282 Kepmsa.

316 4415 320 4422 ,
389 4362 457 4430 Viri,
485 4375 550 4428 quos
568 4373 643 4424 snpra
660 4360 783 4432 licplarus
801 4362 828 4412 ln
847 4363 962 4425 angliam
980 4367 1145 4426 transgressos
1164 4363 1300 4429 signidcat,
1330 4367 1389 4412 sunt
1407 4364 1533 4412 Antonius
1552 4363 1582 4414 de
1600 4363 1650 4412 Do-

302 4429 377 4478 minis
396 4427 427 4498 (v.
447 4445 467 4482 s.
485 4443 511 4494 p.
532 4425 584 4496 tl.)
609 4437 632 4479 ct
660 4429 761 4480 Isaalsus
781 4427 956 4496 Gasaubouus,
982 4431 1026 4498 qui
1053 4433 1180 4484 aJacobo
1199 4433 1298 4482 Genava
1316 4429 1458 4482 Londinnm
1489 4439 1589 4483 vocatus
1616 4437 1650 4484 ibi

301 4509 403 4548 munere
419 4501 519 4550 iunctus
539 4507 577 4551 cst
594 4495 732 4550 consiliarii
748 4503 821 4563 regis.
1153 4517 1155 4522 ’

389 4583 415 4648 2)
433 4601 491 4648 pag·
509 4583 551 4640 83.
589 4585 760 4640 Fundamenta
778 4591 933 4640 arithmetica
951 4595 975 4640 et
992 4591 1148 4656 geometrica,
1166 4605 1222 4640 cum
1242 4590 1374 4640 eorundem
1394 4585 1442 4642 ussi
1460 4593 1486 4640 ln
1499 4593 1575 4641 variis
1594 4607 1649 4656 pro·

303 4649 421 4703 bismntis
439 4660 602 4720 geometricis,
616 4661 710 4722 parum
729 4661 782 4709 solo
795 4661 916 4710 linearum
930 4662 1013 4724 ductu,
1032 4661 1124 4724 partlm
1142 4675 1187 4728 per
1204 4673 1320 4710 unmeros
1338 4661 1499 4711 irrationales
1518 4669 1542 4710 et
1555 4663 1650 4712 tabulas

307 4720 404 4770 dunum
421 4729 446 4770 et
462 4725 586 4790 alsatiam
604 4731 701 4780 solnfis.
739 4731 851 4779 authors
869 4732 1002 4794 Ludolpbo
1024 4745 1039 4780 a
1058 4730 1151 4781 Osulen
1169 4731 1389 4781 Hildeslseimensl.
1427 4733 1448 4780 li
1473 4735 1607 4785 vemecnlo
1624 4735 1650 4781 ln

305 4785 422 4840 lamam
438 4795 556 4844 armata
573 4812 588 4846 a
605 4797 665 4857 wu,
685 4799 728 4851 Su.
747 4801 776 4850 B.
797 4799 823 4850 ii.
841 4799 980 4869 (lindolplnl
997 4801 1060 4870 blial
1076 4803 1157 4866 unge.
1175 4801 1230 4852 liat.
1248 4799 1327 4854 tuto.
1362 4803 1486 4852 Praefatio
1504 4805 1598 4867 scripta
1614 4809 1650 4852 en
