3564 5540
553 415 734 475 Harmonlcis.
771 419 855 476 Liuor
871 415 920 476 III.
938 416 1027 490 Caput
1045 416 1104 478 vn.
1437 420 1501 487 ¹161

164 593 235 654 duae
258 596 397 672 chordae,
421 615 544 675 quarum
566 600 681 676 longior
702 617 768 660 cum
790 601 917 659 maxime
933 601 1119 672 constitueret
1136 601 1320 661 semitonium
1342 617 1395 678 pro
1417 607 1504 662 centu

164 682 258 764 molli,
280 683 372 744 altera
395 694 496 744 tenum
517 690 658 748 minorem
679 705 732 764 pro
756 687 838 748 duro.

245 771 368 831 Accedit
389 774 527 844 seeundo,
550 775 629 850 qnod
651 785 772 835 naturae
796 783 1021 834 consentaneum
1037 771 1160 847 uldetur,
1184 781 1225 847 ut,
1249 774 1414 852 ubieunque
1429 773 1506 834 libe·

162 874 221 916 ram
240 861 380 929 sectionis
404 861 576 922 electionem
599 863 752 935 habemus,
774 863 887 939 majora
909 859 1063 922 intervella
1085 869 1206 938 vergant
1228 859 1266 920 ad
1282 879 1371 922 senos
1392 877 1505 940 grance,

162 946 227 1020 quia
250 948 340 1006 etiarn
362 950 418 1023 ipsi
441 965 547 1024 graves
568 951 662 1010 acutis
685 960 752 1009 sunt
772 953 907 1009 minores.

244 1033 356 1094 Eadem
368 1038 461 1111 prima
484 1039 596 1098 ratione
612 1039 780 1098 evincamus
796 1039 894 1110 etiam,
917 1039 1093 1112 superiorem
1117 1037 1240 1108 tertiam,
1265 1035 1419 1096 lndivieam
1434 1035 1506 1096 hac·
1548 1041 1552 1049 “

161 1125 252 1192 tenus,
276 1115 321 1180 sic
343 1139 407 1183 esse
430 1122 626 1199 dividendam,
650 1133 683 1184 ut
704 1131 791 1184 tonus
814 1124 907 1200 major
928 1127 966 1182 sit
980 1123 1046 1184 lucc
1060 1139 1182 1196 summo,
1206 1139 1243 1182 ne
1257 1125 1381 1200 septima
1398 1122 1506 1182 chorda

159 1207 274 1280 gemina
297 1209 358 1272 fiat.
403 1211 455 1269 Est
477 1213 553 1270 enim
576 1214 606 1271 in
630 1220 717 1271 cantu
739 1211 821 1271 molli
844 1213 976 1289 superius
999 1208 1057 1294 Ἃ,
1079 1213 1114 1292 ¹in
1138 1210 1210 1271 duro
1233 1206 1272 1290 ⁶10
1294 1211 1421 1270 naturali
1443 1227 1507 1271 me-

159 1293 247 1352 tliodo
278 1297 308 1354 ln
332 1299 530 1375 superioribus
553 1300 670 1361 tradita.
715 1299 747 1359 Si
769 1315 837 1375 ergo
860 1306 960 1358 tonum
982 1299 1141 1376 perlectum
1165 1294 1305 1379 (alterum
1322 1296 1508 1364 scilieetele·

158 1390 286 1442 mentum
310 1381 429 1466 tertiae)
453 1387 652 1448 ordinaremus
676 1386 740 1446 loce
764 1388 889 1446 inferiori
913 1386 1000 1462 lmjus
1022 1389 1125 1446 tertiae
1141 1387 1305 1462 superioris,
1329 1391 1398 1444 tunc
1419 1386 1509 1443 inter·

161 1467 268 1528 callum
294 1471 381 1541 idern,
405 1491 425 1531 a
446 1471 581 1534 diversae
604 1474 766 1535 altitudinis
790 1475 912 1534 vocibus
935 1491 1125 1550 consurgene,
1157 1475 1332 1549 perungeret
1362 1469 1509 1538 etiamad
1606 1521 1611 1538 ,

161 1554 296 1617 diversae
320 1558 482 1620 altitudinis
506 1579 610 1636 voces,
642 1579 715 1637 quas
737 1579 789 1638 pro
812 1579 870 1620 uua
892 1562 1001 1621 laceret
1023 1560 1105 1620 duas.
1149 1559 1216 1620 Hae
1238 1561 1365 1619 rationes
1389 1557 1511 1618 demen-

157 1647 302 1705 stratirae
327 1655 357 1705 et
377 1647 465 1724 plane
488 1653 670 1710 necessariae
693 1651 841 1708 sufficiunt
863 1659 963 1708 contra
986 1651 1175 1708 auctoritates
1198 1638 1370 1720 Ptolemaei,
1392 1644 1511 1716 Zarlini,

159 1729 306 1800 Galliam,
331 1738 381 1810 qui
405 1737 463 1794 imo
487 1736 551 1795 loco
576 1745 698 1796 octavae
722 1735 832 1796 habent
853 1743 952 1797 tonum
976 1739 1126 1795 minorem.

241 1819 340 1896 Igitur
362 1821 487 1882 chordae
510 1813 577 1883 octo
601 1825 781 1900 explicantur
803 1824 848 1882 his
871 1825 1013 1898 numeris,
1041 1823 1079 1881 ad
1102 1821 1227 1882 eundem
1250 1836 1431 1882 communem
1454 1819 1510 1876 mi-

157 1906 267 1966 nImum
292 1908 542 1970 denominatorem
564 1910 699 1971 redactis.

524 2063 680 2134 Systeme
702 2069 848 2119 uetares
873 2064 905 2150 in
928 2068 1028 2117 cautu
1051 2060 1178 2116 molli.-

314 2217 403 2273 Voces
423 2233 471 2276 seu

363 2289 424 2344 loca

355 2569 428 2624 VIII.
527 2413 600 2666 ‚Q
674 2571 708 2627 72
726 2569 770 2626 rel
789 2569 847 2626 360.
942 2397 1134 2635 ΠΜ.
1153 2590 1254 2634 natura.

577 2665 597 2702 ι.

423 2735 428 2746 ,
518 2632 534 2810 ÷
560 2689 597 2808 &t
675 2693 848 2748 81-405·
936 2729 977 2744 ..
1071 2655 1232 2706 llterdivlsa.

558 2813 583 2880 ss
676 2817 710 2870 90
733 2843 763 2854 -
788 2814 846 2870 tto.
972 2853 978 2866 .
1071 2809 1105 2866 30
1123 2809 1165 2863 rel
1184 2811 1225 2864 ld.

690 2221 845 2288 Lougltudo

509 2257 542 2312 1¹¹
560 2257 640 2312 Μὴ·
688 2291 850 2346 chordarum

900 2253 1036 2347 Superior.
1126 2251 1253 2320 Quartae·
1305 2318 1307 2324 Α

425 2961 429 2971 ,
524 2881 580 3022 1ξῷ
675 2919 848 2974 eo-rso.
949 2913 978 2971 ·.
1072 2919 1075 2934 ·

423 3067 427 3078 .
524 2991 565 3234 Ιρ
661 3026 709 3082 toa
735 3057 763 3064 --
791 3024 848 3080 oro.

560 3095 599 3195 '3'
658 3131 765 3198 1202-
789 3130 848 3185 ceo.

699 3516 737 3570 In
763 3524 865 3570 cautu
891 3515 980 3568 duro.

692 3653 849 3722 Irougitudo

690 3725 852 3779 chordarum

318 3661 407 3714 Voces
426 3674 475 3711 seu

365 3729 426 3783 loca
513 3691 544 3744 In
563 3692 643 3746 notis.
901 3685 1038 3755 Superior.
1088 3691 1217 3759 Quartae.

992 4081 997 4092 ·
1053 4061 1139 4110 Media
1158 4064 1259 4110 natura·

896 4129 898 4138 ’
974 4143 996 4195 ι’,
1074 4131 1131 4180 liter
1148 4131 1235 4179 divisa.
