<?xml version="1.0" encoding="UTF-8"?>
<!DOCTYPE html PUBLIC "-//W3C//DTD XHTML 1.0 Transitional//EN"
    "http://www.w3.org/TR/xhtml1/DTD/xhtml1-transitional.dtd">
<html xmlns="http://www.w3.org/1999/xhtml" xml:lang="en" lang="en">
 <head>
  <title>
</title>
<meta http-equiv="Content-Type" content="text/html;charset=utf-8" />
  <meta name='ocr-system' content='tesseract 3.04.00' />
  <meta name='ocr-capabilities' content='ocr_page ocr_carea ocr_par ocr_line ocrx_word'/>
</head>
<body>
  <div class='ocr_page' id='page_1' title='image "./joanniskepleria26frisgoog_0030.png"; bbox 0 0 3480 5548; ppageno 0'>
   <div class='ocr_carea' id='block_1_1' title="bbox 591 395 1465 464">
    <p class='ocr_par' dir='ltr' id='par_1_1' title="bbox 591 395 1465 464">
     <span class='ocr_line' id='line_1_1' title="bbox 591 395 1465 464; baseline 0.018 -15"><span class='ocrx_word' id='word_1_1' title='bbox 591 395 618 450; x_wconf 90' lang='lat' dir='ltr'><strong>iu</strong></span> <span class='ocrx_word' id='word_1_2' title='bbox 635 395 809 452; x_wconf 75' lang='lat' dir='ltr'><strong>Harmoniam</strong></span> <span class='ocrx_word' id='word_1_3' title='bbox 826 395 927 454; x_wconf 82' lang='lat' dir='ltr'>Mundi.</span> <span class='ocrx_word' id='word_1_4' title='bbox 1389 405 1428 464; x_wconf 84' lang='lat' dir='ltr'><strong>lt</strong></span> <span class='ocrx_word' id='word_1_5' title='bbox 1460 421 1465 426; x_wconf 86' lang='grc'><em>’</em></span> 
     </span>
    </p>
   </div>
   <div class='ocr_carea' id='block_1_2' title="bbox 97 572 1433 653">
    <p class='ocr_par' dir='ltr' id='par_1_2' title="bbox 97 572 1433 653">
     <span class='ocr_line' id='line_1_2' title="bbox 97 572 1433 653; baseline 0.002 -19"><span class='ocrx_word' id='word_1_6' title='bbox 97 573 189 634; x_wconf 89' lang='lat' dir='ltr'><strong>mundi</strong></span> <span class='ocrx_word' id='word_1_7' title='bbox 212 590 329 650; x_wconf 90' lang='lat' dir='ltr'><strong>corpus,</strong></span> <span class='ocrx_word' id='word_1_8' title='bbox 361 576 407 633; x_wconf 90' lang='lat' dir='ltr'><strong>cui</strong></span> <span class='ocrx_word' id='word_1_9' title='bbox 429 572 542 651; x_wconf 89' lang='lat' dir='ltr'><strong>reliqua</strong></span> <span class='ocrx_word' id='word_1_10' title='bbox 565 574 702 651; x_wconf 86' lang='lat' dir='ltr'><strong>vinculis,</strong></span> <span class='ocrx_word' id='word_1_11' title='bbox 734 593 810 651; x_wconf 90' lang='lat' dir='ltr'><strong>quae</strong></span> <span class='ocrx_word' id='word_1_12' title='bbox 832 575 908 636; x_wconf 81' lang='lat' dir='ltr'><strong>solvi</strong></span> <span class='ocrx_word' id='word_1_13' title='bbox 934 583 1095 653; x_wconf 81' lang='lat' dir='ltr'><strong>nequeant,</strong></span> <span class='ocrx_word' id='word_1_14' title='bbox 1125 593 1241 637; x_wconf 78' lang='grc'><strong>6611616</strong></span> <span class='ocrx_word' id='word_1_15' title='bbox 1261 579 1320 636; x_wconf 87' lang='grc'><strong>6161</strong></span> <span class='ocrx_word' id='word_1_16' title='bbox 1343 583 1372 636; x_wconf 87' lang='grc'><strong>61</strong></span> <span class='ocrx_word' id='word_1_17' title='bbox 1393 573 1433 637; x_wconf 84' lang='lat' dir='ltr'><strong>atl</strong></span> 
     </span>
    </p>
   </div>
   <div class='ocr_carea' id='block_1_3' title="bbox 94 661 1442 1442">
    <p class='ocr_par' dir='ltr' id='par_1_3' title="bbox 94 661 1442 1442">
     <span class='ocr_line' id='line_1_3' title="bbox 97 661 1442 743; baseline 0.002 -22"><span class='ocrx_word' id='word_1_18' title='bbox 97 661 169 738; x_wconf 92' lang='lat' dir='ltr'><strong>quod</strong></span> <span class='ocrx_word' id='word_1_19' title='bbox 183 671 279 720; x_wconf 89' lang='lat' dir='ltr'><strong>motus</strong></span> <span class='ocrx_word' id='word_1_20' title='bbox 294 677 361 721; x_wconf 91' lang='lat' dir='ltr'><strong>suos</strong></span> <span class='ocrx_word' id='word_1_21' title='bbox 377 661 519 738; x_wconf 76' lang='lat' dir='ltr'><strong>dirigant,</strong></span> <span class='ocrx_word' id='word_1_22' title='bbox 543 663 709 722; x_wconf 88' lang='lat' dir='ltr'><strong>harmonias</strong></span> <span class='ocrx_word' id='word_1_23' title='bbox 732 671 763 722; x_wconf 88' lang='grc'><strong>61</strong></span> <span class='ocrx_word' id='word_1_24' title='bbox 784 663 878 743; x_wconf 83' lang='lat' dir='ltr'><strong>lucem</strong></span> <span class='ocrx_word' id='word_1_25' title='bbox 898 663 996 724; x_wconf 82' lang='lat' dir='ltr'><strong>Solem</strong></span> <span class='ocrx_word' id='word_1_26' title='bbox 1017 664 1165 742; x_wconf 76' lang='lat' dir='ltr'><strong>fastigium</strong></span> <span class='ocrx_word' id='word_1_27' title='bbox 1187 666 1317 724; x_wconf 90' lang='lat' dir='ltr'><strong>omnium</strong></span> <span class='ocrx_word' id='word_1_28' title='bbox 1338 678 1442 726; x_wconf 84' lang='lat' dir='ltr'><strong>rerum¹</strong></span> 
     </span>
     <span class='ocr_line' id='line_1_4' title="bbox 97 749 1432 829; baseline 0.003 -21"><span class='ocrx_word' id='word_1_29' title='bbox 97 751 265 808; x_wconf 87' lang='lat' dir='ltr'><strong>terrestrium</strong></span> <span class='ocrx_word' id='word_1_30' title='bbox 289 749 493 823; x_wconf 87' lang='lat' dir='ltr'><strong>demonstrare,</strong></span> <span class='ocrx_word' id='word_1_31' title='bbox 517 767 604 826; x_wconf 90' lang='lat' dir='ltr'><strong>quam</strong></span> <span class='ocrx_word' id='word_1_32' title='bbox 627 752 664 810; x_wconf 92' lang='lat' dir='ltr'><strong>ob</strong></span> <span class='ocrx_word' id='word_1_33' title='bbox 688 769 747 810; x_wconf 89' lang='lat' dir='ltr'><strong>rem</strong></span> <span class='ocrx_word' id='word_1_34' title='bbox 769 767 859 827; x_wconf 89' lang='lat' dir='ltr'><strong>prope</strong></span> <span class='ocrx_word' id='word_1_35' title='bbox 878 769 896 808; x_wconf 89' lang='lat' dir='ltr'><strong>a</strong></span> <span class='ocrx_word' id='word_1_36' title='bbox 913 767 980 810; x_wconf 86' lang='lat' dir='ltr'><strong>uero</strong></span> <span class='ocrx_word' id='word_1_37' title='bbox 996 752 1098 812; x_wconf 87' lang='lat' dir='ltr'><strong>abesse</strong></span> <span class='ocrx_word' id='word_1_38' title='bbox 1121 753 1222 828; x_wconf 83' lang='lat' dir='ltr'><strong>uideri,</strong></span> <span class='ocrx_word' id='word_1_39' title='bbox 1246 753 1298 829; x_wconf 89' lang='lat' dir='ltr'><strong>qui</strong></span> <span class='ocrx_word' id='word_1_40' title='bbox 1319 752 1432 812; x_wconf 78' lang='lat' dir='ltr'><strong>dicant:</strong></span> 
     </span>
     <span class='ocr_line' id='line_1_5' title="bbox 98 836 1432 918; baseline 0.002 -22"><span class='ocrx_word' id='word_1_41' title='bbox 98 845 126 896; x_wconf 91' lang='lat' dir='ltr'><strong>ut</strong></span> <span class='ocrx_word' id='word_1_42' title='bbox 147 857 165 896; x_wconf 88' lang='lat' dir='ltr'><strong>a</strong></span> <span class='ocrx_word' id='word_1_43' title='bbox 185 836 253 897; x_wconf 86' lang='lat' dir='ltr'><strong>Sole</strong></span> <span class='ocrx_word' id='word_1_44' title='bbox 276 836 334 910; x_wconf 88' lang='lat' dir='ltr'><strong>lux,</strong></span> <span class='ocrx_word' id='word_1_45' title='bbox 358 837 445 910; x_wconf 86' lang='lat' dir='ltr'><strong>calor,</strong></span> <span class='ocrx_word' id='word_1_46' title='bbox 470 840 563 897; x_wconf 91' lang='lat' dir='ltr'><strong>omnis</strong></span> <span class='ocrx_word' id='word_1_47' title='bbox 587 841 649 898; x_wconf 86' lang='lat' dir='ltr'><strong>vita</strong></span> <span class='ocrx_word' id='word_1_48' title='bbox 672 847 702 898; x_wconf 89' lang='lat' dir='ltr'><strong>et</strong></span> <span class='ocrx_word' id='word_1_49' title='bbox 722 847 819 897; x_wconf 90' lang='lat' dir='ltr'><strong>motus</strong></span> <span class='ocrx_word' id='word_1_50' title='bbox 842 839 1432 918; x_wconf 67' lang='grc'><strong>61616166161666666661661166661</strong></span> 
     </span>
     <span class='ocr_line' id='line_1_6' title="bbox 96 924 1433 1005; baseline 0.005 -24"><span class='ocrx_word' id='word_1_51' title='bbox 96 928 171 1001; x_wconf 86' lang='lat' dir='ltr'><strong>quasi</strong></span> <span class='ocrx_word' id='word_1_52' title='bbox 193 924 372 1000; x_wconf 90' lang='lat' dir='ltr'><strong>spiritualem</strong></span> <span class='ocrx_word' id='word_1_53' title='bbox 404 941 546 984; x_wconf 86' lang='lat' dir='ltr'><strong>summam</strong></span> <span class='ocrx_word' id='word_1_54' title='bbox 563 925 676 1001; x_wconf 70' lang='lat' dir='ltr'><strong>colligi</strong></span> <span class='ocrx_word' id='word_1_55' title='bbox 706 925 887 986; x_wconf 77' lang='lat' dir='ltr'><strong>harmoniam</strong></span> <span class='ocrx_word' id='word_1_56' title='bbox 910 927 1010 1002; x_wconf 88' lang='lat' dir='ltr'><strong>ibique</strong></span> <span class='ocrx_word' id='word_1_57' title='bbox 1032 943 1097 987; x_wconf 90' lang='lat' dir='ltr'><strong>esse</strong></span> <span class='ocrx_word' id='word_1_58' title='bbox 1119 929 1217 988; x_wconf 90' lang='lat' dir='ltr'><strong>sedem</strong></span> <span class='ocrx_word' id='word_1_59' title='bbox 1241 935 1270 987; x_wconf 91' lang='lat' dir='ltr'><strong>et</strong></span> <span class='ocrx_word' id='word_1_60' title='bbox 1293 929 1433 1005; x_wconf 77' lang='lat' dir='ltr'><strong>originem</strong></span> 
     </span>
     <span class='ocr_line' id='line_1_7' title="bbox 96 1012 1432 1092; baseline 0.003 -20"><span class='ocrx_word' id='word_1_61' title='bbox 96 1015 179 1072; x_wconf 90' lang='lat' dir='ltr'><strong>omnis</strong></span> <span class='ocrx_word' id='word_1_62' title='bbox 200 1018 330 1072; x_wconf 88' lang='lat' dir='ltr'><strong>naturae.</strong></span> <span class='ocrx_word' id='word_1_63' title='bbox 361 1012 426 1072; x_wconf 86' lang='lat' dir='ltr'><strong>Hac</strong></span> <span class='ocrx_word' id='word_1_64' title='bbox 450 1014 627 1090; x_wconf 84' lang='lat' dir='ltr'><strong>cogitatione</strong></span> <span class='ocrx_word' id='word_1_65' title='bbox 642 1013 786 1090; x_wconf 88' lang='lat' dir='ltr'><strong>Keplerus</strong></span> <span class='ocrx_word' id='word_1_66' title='bbox 810 1013 848 1074; x_wconf 89' lang='lat' dir='ltr'><strong>ad</strong></span> <span class='ocrx_word' id='word_1_67' title='bbox 863 1012 1086 1091; x_wconf 70' lang='lat' dir='ltr'><strong>Pythagoraeos</strong></span> <span class='ocrx_word' id='word_1_68' title='bbox 1108 1023 1261 1076; x_wconf 86' lang='lat' dir='ltr'><strong>revocatus</strong></span> <span class='ocrx_word' id='word_1_69' title='bbox 1283 1023 1432 1092; x_wconf 90' lang='lat' dir='ltr'><strong>postremo</strong></span> 
     </span>
     <span class='ocr_line' id='line_1_8' title="bbox 95 1101 1439 1179; baseline 0.004 -23"><span class='ocrx_word' id='word_1_70' title='bbox 95 1101 217 1176; x_wconf 84' lang='lat' dir='ltr'><strong>inquirit,</strong></span> <span class='ocrx_word' id='word_1_71' title='bbox 250 1117 338 1176; x_wconf 88' lang='lat' dir='ltr'><strong>quam</strong></span> <span class='ocrx_word' id='word_1_72' title='bbox 368 1103 428 1160; x_wconf 87' lang='lat' dir='ltr'><strong>rim</strong></span> <span class='ocrx_word' id='word_1_73' title='bbox 455 1101 564 1161; x_wconf 89' lang='lat' dir='ltr'><strong>haheat</strong></span> <span class='ocrx_word' id='word_1_74' title='bbox 593 1103 738 1162; x_wconf 91' lang='lat' dir='ltr'><strong>sententia</strong></span> <span class='ocrx_word' id='word_1_75' title='bbox 766 1117 864 1162; x_wconf 89' lang='lat' dir='ltr'><strong>corum</strong></span> <span class='ocrx_word' id='word_1_76' title='bbox 888 1103 926 1161; x_wconf 89' lang='lat' dir='ltr'><strong>ab</strong></span> <span class='ocrx_word' id='word_1_77' title='bbox 949 1101 1108 1163; x_wconf 83' lang='lat' dir='ltr'><strong>Aristotele</strong></span> <span class='ocrx_word' id='word_1_78' title='bbox 1130 1105 1249 1179; x_wconf 86' lang='lat' dir='ltr'><strong>tradita,</strong></span> <span class='ocrx_word' id='word_1_79' title='bbox 1281 1105 1311 1161; x_wconf 90' lang='lat' dir='ltr'><strong>in</strong></span> <span class='ocrx_word' id='word_1_80' title='bbox 1334 1111 1439 1164; x_wconf 87' lang='lat' dir='ltr'><strong>centro.</strong></span> 
     </span>
     <span class='ocr_line' id='line_1_9' title="bbox 94 1185 1410 1265; baseline 0.005 -19"><span class='ocrx_word' id='word_1_81' title='bbox 94 1185 186 1246; x_wconf 88' lang='lat' dir='ltr'><strong>mundi</strong></span> <span class='ocrx_word' id='word_1_82' title='bbox 208 1205 273 1247; x_wconf 89' lang='grc'><strong>6666</strong></span> <span class='ocrx_word' id='word_1_83' title='bbox 297 1189 456 1265; x_wconf 74' lang='grc'><strong>16116111-</strong></span> <span class='ocrx_word' id='word_1_84' title='bbox 945 1211 949 1218; x_wconf 71' lang='lat'><strong><em>¹</em></strong></span> <span class='ocrx_word' id='word_1_85' title='bbox 1407 1193 1410 1202; x_wconf 84' lang='lat'><em>&#39;</em></span> 
     </span>
     <span class='ocr_line' id='line_1_10' title="bbox 192 1275 1434 1354; baseline 0.004 -21"><span class='ocrx_word' id='word_1_86' title='bbox 192 1275 247 1334; x_wconf 89' lang='lat' dir='ltr'><strong>De&#39;</strong></span> <span class='ocrx_word' id='word_1_87' title='bbox 266 1283 435 1352; x_wconf 87' lang='lat' dir='ltr'><strong>argumento</strong></span> <span class='ocrx_word' id='word_1_88' title='bbox 463 1277 553 1353; x_wconf 90' lang='lat' dir='ltr'><strong>partis</strong></span> <span class='ocrx_word' id='word_1_89' title='bbox 585 1276 755 1352; x_wconf 87' lang='lat' dir='ltr'><strong>appendicis</strong></span> <span class='ocrx_word' id='word_1_90' title='bbox 785 1294 872 1354; x_wconf 87' lang='lat' dir='ltr'><strong>supra</strong></span> <span class='ocrx_word' id='word_1_91' title='bbox 903 1275 1045 1352; x_wconf 84' lang='lat' dir='ltr'><strong>diximus,</strong></span> <span class='ocrx_word' id='word_1_92' title='bbox 1077 1293 1131 1336; x_wconf 91' lang='lat' dir='ltr'><strong>nos</strong></span> <span class='ocrx_word' id='word_1_93' title='bbox 1163 1276 1326 1338; x_wconf 80' lang='lat' dir='ltr'><strong>versionem</strong></span> <span class='ocrx_word' id='word_1_94' title='bbox 1354 1277 1434 1339; x_wconf 89' lang='lat' dir='ltr'><strong>Har-</strong></span> 
     </span>
     <span class='ocr_line' id='line_1_11' title="bbox 95 1356 1434 1442; baseline 0.004 -21"><span class='ocrx_word' id='word_1_95' title='bbox 95 1363 200 1422; x_wconf 89' lang='lat' dir='ltr'><strong>moniae</strong></span> <span class='ocrx_word' id='word_1_96' title='bbox 222 1363 402 1437; x_wconf 87' lang='lat' dir='ltr'><strong>Ptolemaei,</strong></span> <span class='ocrx_word' id='word_1_97' title='bbox 432 1363 604 1439; x_wconf 86' lang='lat' dir='ltr'><strong>sKeplero·</strong></span> <span class='ocrx_word' id='word_1_98' title='bbox 620 1381 690 1442; x_wconf 89' lang='lat' dir='ltr'><strong>non</strong></span> <span class='ocrx_word' id='word_1_99' title='bbox 718 1356 863 1438; x_wconf 73' lang='lat' dir='ltr'><strong>additam,</strong></span> <span class='ocrx_word' id='word_1_100' title='bbox 895 1366 924 1422; x_wconf 91' lang='lat' dir='ltr'><strong>in</strong></span> <span class='ocrx_word' id='word_1_101' title='bbox 953 1364 1010 1424; x_wconf 90' lang='lat' dir='ltr'><strong>fine</strong></span> <span class='ocrx_word' id='word_1_102' title='bbox 1041 1365 1136 1440; x_wconf 88' lang='lat' dir='ltr'><strong>operis</strong></span> <span class='ocrx_word' id='word_1_103' title='bbox 1166 1381 1229 1424; x_wconf 90' lang='lat' dir='ltr'><strong>esse</strong></span> <span class='ocrx_word' id='word_1_104' title='bbox 1260 1364 1434 1441; x_wconf 81' lang='lat' dir='ltr'><strong>adjecturos.</strong></span> 
     </span>
    </p>
   </div>
   <div class='ocr_carea' id='block_1_4' title="bbox 95 1447 1540 1528">
    <p class='ocr_par' dir='ltr' id='par_1_4' title="bbox 95 1447 1540 1528">
     <span class='ocr_line' id='line_1_12' title="bbox 95 1447 1540 1528; baseline 0.004 -20"><span class='ocrx_word' id='word_1_105' title='bbox 95 1450 157 1508; x_wconf 82' lang='lat' dir='ltr'><strong>Alia</strong></span> <span class='ocrx_word' id='word_1_106' title='bbox 187 1451 357 1526; x_wconf 87' lang='lat' dir='ltr'><strong>appendicis</strong></span> <span class='ocrx_word' id='word_1_107' title='bbox 388 1457 470 1527; x_wconf 91' lang='lat' dir='ltr'><strong>parte</strong></span> <span class='ocrx_word' id='word_1_108' title='bbox 507 1450 669 1510; x_wconf 77' lang='lat' dir='ltr'><strong>liuberti</strong></span> <span class='ocrx_word' id='word_1_109' title='bbox 701 1449 742 1511; x_wconf 87' lang='lat' dir='ltr'><strong>ds</strong></span> <span class='ocrx_word' id='word_1_110' title='bbox 774 1451 982 1512; x_wconf 77' lang='lat' dir='ltr'><strong>Fluctibus</strong></span> <span class='ocrx_word' id='word_1_111' title='bbox 1014 1447 1164 1528; x_wconf 80' lang='lat' dir='ltr'><strong>opiniones</strong></span> <span class='ocrx_word' id='word_1_112' title='bbox 1193 1451 1367 1526; x_wconf 86' lang='lat' dir='ltr'><strong>refutantur,</strong></span> <span class='ocrx_word' id='word_1_113' title='bbox 1400 1452 1435 1514; x_wconf 88' lang='lat' dir='ltr'><strong>ds</strong></span> <span class='ocrx_word' id='word_1_114' title='bbox 1537 1512 1540 1522; x_wconf 69' lang='grc'><strong>,</strong></span> 
     </span>
    </p>
   </div>
   <div class='ocr_carea' id='block_1_5' title="bbox 94 1531 1439 2491">
    <p class='ocr_par' dir='ltr' id='par_1_5' title="bbox 94 1531 1439 2491">
     <span class='ocr_line' id='line_1_13' title="bbox 95 1531 1437 1620; baseline 0.003 -24"><span class='ocrx_word' id='word_1_115' title='bbox 95 1539 193 1614; x_wconf 88' lang='lat' dir='ltr'><strong>qulbus</strong></span> <span class='ocrx_word' id='word_1_116' title='bbox 214 1538 289 1598; x_wconf 88' lang='lat' dir='ltr'><strong>haee</strong></span> <span class='ocrx_word' id='word_1_117' title='bbox 311 1531 463 1612; x_wconf 80' lang='lat' dir='ltr'><strong>habemus,</strong></span> <span class='ocrx_word' id='word_1_118' title='bbox 487 1555 562 1614; x_wconf 89' lang='lat' dir='ltr'><strong>quae</strong></span> <span class='ocrx_word' id='word_1_119' title='bbox 586 1539 724 1598; x_wconf 89' lang='lat' dir='ltr'><strong>dicamus.</strong></span> <span class='ocrx_word' id='word_1_120' title='bbox 754 1539 829 1599; x_wconf 89' lang='lat' dir='ltr'><strong>Roh.</strong></span> <span class='ocrx_word' id='word_1_121' title='bbox 853 1537 888 1598; x_wconf 88' lang='lat' dir='ltr'><strong>de</strong></span> <span class='ocrx_word' id='word_1_122' title='bbox 911 1539 1063 1599; x_wconf 85' lang='lat' dir='ltr'><strong>Fluctibus</strong></span> <span class='ocrx_word' id='word_1_123' title='bbox 1086 1534 1216 1620; x_wconf 69' lang='lat' dir='ltr'><strong>(riusa)</strong></span> <span class='ocrx_word' id='word_1_124' title='bbox 1238 1546 1301 1600; x_wconf 92' lang='lat' dir='ltr'><strong>arte</strong></span> <span class='ocrx_word' id='word_1_125' title='bbox 1323 1538 1437 1600; x_wconf 89' lang='lat' dir='ltr'><strong>medica</strong></span> 
     </span>
     <span class='ocr_line' id='line_1_14' title="bbox 96 1620 1436 1708; baseline 0.001 -24"><span class='ocrx_word' id='word_1_126' title='bbox 96 1624 165 1701; x_wconf 87' lang='lat' dir='ltr'><strong>apud</strong></span> <span class='ocrx_word' id='word_1_127' title='bbox 179 1625 381 1687; x_wconf 88' lang='lat' dir='ltr'><strong>Londiuenses</strong></span> <span class='ocrx_word' id='word_1_128' title='bbox 402 1627 576 1702; x_wconf 90' lang='lat' dir='ltr'><strong>conspicuus</strong></span> <span class='ocrx_word' id='word_1_129' title='bbox 592 1620 667 1707; x_wconf 85' lang='lat' dir='ltr'><strong>(nat.</strong></span> <span class='ocrx_word' id='word_1_130' title='bbox 685 1643 711 1684; x_wconf 90' lang='lat' dir='ltr'><strong>a.</strong></span> <span class='ocrx_word' id='word_1_131' title='bbox 727 1627 917 1688; x_wconf 77' lang='grc'><strong>11116611.</strong></span> <span class='ocrx_word' id='word_1_132' title='bbox 938 1623 1046 1708; x_wconf 81' lang='grc'><strong>1631),</strong></span> <span class='ocrx_word' id='word_1_133' title='bbox 1064 1626 1201 1686; x_wconf 85' lang='lat' dir='ltr'><strong>chemicis</strong></span> <span class='ocrx_word' id='word_1_134' title='bbox 1216 1629 1436 1703; x_wconf 89' lang='lat' dir='ltr'><strong>quaestiouibus</strong></span> 
     </span>
     <span class='ocr_line' id='line_1_15' title="bbox 96 1713 1437 1794; baseline 0.002 -22"><span class='ocrx_word' id='word_1_135' title='bbox 96 1721 222 1789; x_wconf 87' lang='lat' dir='ltr'><strong>operatus</strong></span> <span class='ocrx_word' id='word_1_136' title='bbox 252 1713 292 1773; x_wconf 86' lang='lat' dir='ltr'><strong>ad</strong></span> <span class='ocrx_word' id='word_1_137' title='bbox 322 1713 540 1790; x_wconf 88' lang='lat' dir='ltr'><strong>cognoscendos</strong></span> <span class='ocrx_word' id='word_1_138' title='bbox 569 1717 657 1774; x_wconf 88' lang='lat' dir='ltr'><strong>etiam</strong></span> <span class='ocrx_word' id='word_1_139' title='bbox 687 1721 799 1773; x_wconf 86' lang='lat' dir='ltr'><strong>veteres</strong></span> <span class='ocrx_word' id='word_1_140' title='bbox 829 1713 985 1774; x_wconf 83' lang='lat' dir='ltr'><strong>cabalistas</strong></span> <span class='ocrx_word' id='word_1_141' title='bbox 1014 1715 1156 1774; x_wconf 87' lang='lat' dir='ltr'><strong>Arabicus</strong></span> <span class='ocrx_word' id='word_1_142' title='bbox 1177 1713 1437 1794; x_wconf 89' lang='lat' dir='ltr'><strong>Rahbinorumque</strong></span> 
     </span>
     <span class='ocr_line' id='line_1_16' title="bbox 94 1799 1436 1884; baseline 0.003 -26"><span class='ocrx_word' id='word_1_143' title='bbox 94 1800 176 1860; x_wconf 89' lang='lat' dir='ltr'><strong>libros</strong></span> <span class='ocrx_word' id='word_1_144' title='bbox 199 1800 234 1865; x_wconf 87' lang='lat' dir='ltr'><strong>de</strong></span> <span class='ocrx_word' id='word_1_145' title='bbox 257 1803 346 1862; x_wconf 89' lang='lat' dir='ltr'><strong>rebus</strong></span> <span class='ocrx_word' id='word_1_146' title='bbox 369 1800 511 1880; x_wconf 82' lang='lat' dir='ltr'><strong>ejusmodi</strong></span> <span class='ocrx_word' id='word_1_147' title='bbox 527 1804 705 1880; x_wconf 91' lang='lat' dir='ltr'><strong>conscriptos</strong></span> <span class='ocrx_word' id='word_1_148' title='bbox 728 1799 841 1860; x_wconf 89' lang='lat' dir='ltr'><strong>delatus</strong></span> <span class='ocrx_word' id='word_1_149' title='bbox 865 1811 935 1862; x_wconf 88' lang='lat' dir='ltr'><strong>erat.</strong></span> <span class='ocrx_word' id='word_1_150' title='bbox 966 1801 1100 1879; x_wconf 78' lang='lat' dir='ltr'><strong>Mysticis</strong></span> <span class='ocrx_word' id='word_1_151' title='bbox 1116 1803 1436 1884; x_wconf 86' lang='lat' dir='ltr'><strong>vocibusmysticaqae</strong></span> 
     </span>
     <span class='ocr_line' id='line_1_17' title="bbox 95 1888 1436 1970; baseline 0.004 -25"><span class='ocrx_word' id='word_1_152' title='bbox 95 1890 130 1948; x_wconf 90' lang='lat' dir='ltr'><strong>rei</strong></span> <span class='ocrx_word' id='word_1_153' title='bbox 152 1889 283 1964; x_wconf 81' lang='lat' dir='ltr'><strong>agendae</strong></span> <span class='ocrx_word' id='word_1_154' title='bbox 306 1892 419 1952; x_wconf 84' lang='lat' dir='ltr'><strong>radone</strong></span> <span class='ocrx_word' id='word_1_155' title='bbox 442 1889 627 1954; x_wconf 83' lang='lat' dir='ltr'><strong>veliementer</strong></span> <span class='ocrx_word' id='word_1_156' title='bbox 657 1888 822 1970; x_wconf 89' lang='lat' dir='ltr'><strong>delectatus</strong></span> <span class='ocrx_word' id='word_1_157' title='bbox 845 1896 875 1949; x_wconf 90' lang='lat' dir='ltr'><strong>et</strong></span> <span class='ocrx_word' id='word_1_158' title='bbox 896 1888 1038 1966; x_wconf 88' lang='lat' dir='ltr'><strong>pellectus</strong></span> <span class='ocrx_word' id='word_1_159' title='bbox 1063 1888 1155 1949; x_wconf 88' lang='lat' dir='ltr'><strong>ordini</strong></span> <span class='ocrx_word' id='word_1_160' title='bbox 1178 1889 1299 1965; x_wconf 82' lang='grc'><strong>11611661</strong></span> <span class='ocrx_word' id='word_1_161' title='bbox 1320 1889 1436 1952; x_wconf 86' lang='lat' dir='ltr'><strong>Roseae</strong></span> 
     </span>
     <span class='ocr_line' id='line_1_18' title="bbox 96 1975 1438 2057; baseline 0 -21"><span class='ocrx_word' id='word_1_162' title='bbox 96 1979 192 2052; x_wconf 88' lang='lat' dir='ltr'><strong>crucis,</strong></span> <span class='ocrx_word' id='word_1_163' title='bbox 225 1977 278 2036; x_wconf 91' lang='lat' dir='ltr'><strong>illa</strong></span> <span class='ocrx_word' id='word_1_164' title='bbox 309 1984 405 2038; x_wconf 87' lang='lat' dir='ltr'><strong>aetate</strong></span> <span class='ocrx_word' id='word_1_165' title='bbox 434 1977 561 2057; x_wconf 88' lang='lat' dir='ltr'><strong>florenti,</strong></span> <span class='ocrx_word' id='word_1_166' title='bbox 594 1993 630 2035; x_wconf 61' lang='lat' dir='ltr'><strong>se*</strong></span> <span class='ocrx_word' id='word_1_167' title='bbox 655 1975 789 2051; x_wconf 88' lang='lat' dir='ltr'><strong>adjunxit</strong></span> <span class='ocrx_word' id='word_1_168' title='bbox 817 1983 846 2038; x_wconf 88' lang='lat' dir='ltr'><strong>et</strong></span> <span class='ocrx_word' id='word_1_169' title='bbox 874 1979 903 2034; x_wconf 92' lang='lat' dir='ltr'><strong>in</strong></span> <span class='ocrx_word' id='word_1_170' title='bbox 935 1979 1058 2053; x_wconf 88' lang='lat' dir='ltr'><strong>gratiam</strong></span> <span class='ocrx_word' id='word_1_171' title='bbox 1081 1976 1160 2036; x_wconf 90' lang='lat' dir='ltr'><strong>illius</strong></span> <span class='ocrx_word' id='word_1_172' title='bbox 1182 1976 1291 2039; x_wconf 88' lang='lat' dir='ltr'><strong>ordinis</strong></span> <span class='ocrx_word' id='word_1_173' title='bbox 1313 1978 1438 2040; x_wconf 85' lang='lat' dir='ltr'><strong>multum</strong></span> 
     </span>
     <span class='ocr_line' id='line_1_19' title="bbox 96 2061 1437 2142; baseline 0.003 -20"><span class='ocrx_word' id='word_1_174' title='bbox 96 2081 191 2140; x_wconf 90' lang='lat' dir='ltr'><strong>operae</strong></span> <span class='ocrx_word' id='word_1_175' title='bbox 224 2068 327 2142; x_wconf 85' lang='lat' dir='ltr'><strong>posuit</strong></span> <span class='ocrx_word' id='word_1_176' title='bbox 358 2066 388 2124; x_wconf 92' lang='lat' dir='ltr'><strong>in</strong></span> <span class='ocrx_word' id='word_1_177' title='bbox 420 2065 502 2124; x_wconf 90' lang='lat' dir='ltr'><strong>libris</strong></span> <span class='ocrx_word' id='word_1_178' title='bbox 536 2062 773 2138; x_wconf 77' lang='lat' dir='ltr'><strong>conseribendis,</strong></span> <span class='ocrx_word' id='word_1_179' title='bbox 804 2061 927 2140; x_wconf 85' lang='lat' dir='ltr'><strong>quorum</strong></span> <span class='ocrx_word' id='word_1_180' title='bbox 959 2070 1121 2136; x_wconf 88' lang='lat' dir='ltr'><strong>memoratu</strong></span> <span class='ocrx_word' id='word_1_181' title='bbox 1155 2063 1347 2142; x_wconf 84' lang='lat' dir='ltr'><strong>dignissimus</strong></span> <span class='ocrx_word' id='word_1_182' title='bbox 1376 2072 1437 2126; x_wconf 80' lang='lat' dir='ltr'><strong>est:</strong></span> 
     </span>
     <span class='ocr_line' id='line_1_20' title="bbox 101 2150 1439 2230; baseline 0.003 -20"><span class='ocrx_word' id='word_1_183' title='bbox 101 2150 251 2228; x_wconf 73' lang='lat' dir='ltr'><strong>Utriusque</strong></span> <span class='ocrx_word' id='word_1_184' title='bbox 278 2151 386 2230; x_wconf 86' lang='lat' dir='ltr'><strong>Cosmi,</strong></span> <span class='ocrx_word' id='word_1_185' title='bbox 410 2154 536 2226; x_wconf 65' lang='lat' dir='ltr'><strong>mitioris</strong></span> <span class='ocrx_word' id='word_1_186' title='bbox 549 2153 657 2212; x_wconf 84' lang='lat' dir='ltr'><strong>scilicet</strong></span> <span class='ocrx_word' id='word_1_187' title='bbox 675 2159 703 2212; x_wconf 85' lang='grc'><strong>61</strong></span> <span class='ocrx_word' id='word_1_188' title='bbox 716 2153 852 2223; x_wconf 83' lang='lat' dir='ltr'><strong>minoris,</strong></span> <span class='ocrx_word' id='word_1_189' title='bbox 876 2153 1088 2230; x_wconf 73' lang='lat' dir='ltr'><strong>metaphysica,</strong></span> <span class='ocrx_word' id='word_1_190' title='bbox 1108 2151 1235 2228; x_wconf 77' lang='lat' dir='ltr'><strong>physico</strong></span> <span class='ocrx_word' id='word_1_191' title='bbox 1257 2161 1285 2212; x_wconf 88' lang='lat' dir='ltr'><strong>et</strong></span> <span class='ocrx_word' id='word_1_192' title='bbox 1306 2153 1439 2214; x_wconf 82' lang='lat' dir='ltr'><strong>techuica</strong></span> 
     </span>
     <span class='ocr_line' id='line_1_21' title="bbox 95 2236 1439 2316; baseline 0.004 -22"><span class='ocrx_word' id='word_1_193' title='bbox 95 2239 218 2316; x_wconf 79' lang='grc'><strong>11616116,</strong></span> <span class='ocrx_word' id='word_1_194' title='bbox 243 2245 329 2300; x_wconf 87' lang='grc'><strong>66616</strong></span> <span class='ocrx_word' id='word_1_195' title='bbox 356 2238 448 2302; x_wconf 85' lang='grc'><strong>1617.</strong></span> <span class='ocrx_word' id='word_1_196' title='bbox 476 2241 567 2299; x_wconf 81' lang='grc'><strong>1616.</strong></span> <span class='ocrx_word' id='word_1_197' title='bbox 585 2247 612 2299; x_wconf 89' lang='grc'><strong>61</strong></span> <span class='ocrx_word' id='word_1_198' title='bbox 631 2241 723 2298; x_wconf 85' lang='grc'><strong>1619.</strong></span> <span class='ocrx_word' id='word_1_199' title='bbox 755 2236 962 2315; x_wconf 87' lang='lat' dir='ltr'><strong>Oppenhemii,</strong></span> <span class='ocrx_word' id='word_1_200' title='bbox 988 2241 1079 2299; x_wconf 81' lang='lat'><strong>1621.</strong></span> <span class='ocrx_word' id='word_1_201' title='bbox 1103 2239 1285 2300; x_wconf 84' lang='lat' dir='ltr'><strong>Francofurti</strong></span> <span class='ocrx_word' id='word_1_202' title='bbox 1307 2243 1328 2300; x_wconf 89' lang='lat'>4</span> <span class='ocrx_word' id='word_1_203' title='bbox 1350 2242 1439 2301; x_wconf 83' lang='lat' dir='ltr'><strong>rolu-</strong></span> 
     </span>
     <span class='ocr_line' id='line_1_22' title="bbox 96 2325 1439 2412; baseline 0.003 -28"><span class='ocrx_word' id='word_1_204' title='bbox 96 2327 213 2387; x_wconf 86' lang='lat' dir='ltr'><strong>minibus</strong></span> <span class='ocrx_word' id='word_1_205' title='bbox 239 2331 322 2405; x_wconf 81' lang='lat' dir='ltr'><strong>typis</strong></span> <span class='ocrx_word' id='word_1_206' title='bbox 351 2345 502 2410; x_wconf 81' lang='grc'><strong>61616666,</strong></span> <span class='ocrx_word' id='word_1_207' title='bbox 532 2327 571 2387; x_wconf 92' lang='lat' dir='ltr'><strong>ad</strong></span> <span class='ocrx_word' id='word_1_208' title='bbox 598 2344 684 2403; x_wconf 90' lang='lat' dir='ltr'><strong>quem</strong></span> <span class='ocrx_word' id='word_1_209' title='bbox 707 2326 821 2386; x_wconf 88' lang='lat' dir='ltr'><strong>accedit</strong></span> <span class='ocrx_word' id='word_1_210' title='bbox 843 2331 917 2404; x_wconf 87' lang='lat' dir='ltr'><strong>opus&#39;</strong></span> <span class='ocrx_word' id='word_1_211' title='bbox 940 2326 1123 2386; x_wconf 79' lang='lat' dir='ltr'><strong>Franoofurti</strong></span> <span class='ocrx_word' id='word_1_212' title='bbox 1149 2325 1241 2412; x_wconf 77' lang='grc'><strong>1616.</strong></span> <span class='ocrx_word' id='word_1_213' title='bbox 1270 2345 1439 2406; x_wconf 83' lang='lat' dir='ltr'><strong>expressum</strong></span> 
     </span>
     <span class='ocr_line' id='line_1_23' title="bbox 98 2413 1439 2491; baseline 0.001 -20"><span class='ocrx_word' id='word_1_214' title='bbox 98 2415 283 2491; x_wconf 78' lang='lat' dir='ltr'><strong>Philosophia</strong></span> <span class='ocrx_word' id='word_1_215' title='bbox 313 2433 406 2475; x_wconf 75' lang='grc'><strong>66616</strong></span> <span class='ocrx_word' id='word_1_216' title='bbox 433 2423 461 2474; x_wconf 85' lang='grc'><strong>61</strong></span> <span class='ocrx_word' id='word_1_217' title='bbox 490 2429 559 2474; x_wconf 79' lang='lat' dir='ltr'><strong>aare</strong></span> <span class='ocrx_word' id='word_1_218' title='bbox 590 2414 779 2488; x_wconf 72' lang='grc'><strong>0611611666,</strong></span> <span class='ocrx_word' id='word_1_219' title='bbox 809 2431 861 2475; x_wconf 82' lang='grc'><strong>666</strong></span> <span class='ocrx_word' id='word_1_220' title='bbox 885 2414 1099 2491; x_wconf 80' lang='grc' dir='ltr'><strong>116166νοὶ6616</strong></span> <span class='ocrx_word' id='word_1_221' title='bbox 1120 2417 1257 2475; x_wconf 71' lang='lat' dir='ltr'><strong>comica.</strong></span> <span class='ocrx_word' id='word_1_222' title='bbox 1303 2413 1387 2490; x_wconf 83' lang='lat' dir='ltr'><strong>Quae</strong></span> <span class='ocrx_word' id='word_1_223' title='bbox 1409 2417 1439 2474; x_wconf 90' lang='lat' dir='ltr'><strong>in</strong></span> 
     </span>
    </p>
   </div>
   <div class='ocr_carea' id='block_1_6' title="bbox 97 2484 1564 2581">
    <p class='ocr_par' dir='ltr' id='par_1_6' title="bbox 97 2484 1564 2581">
     <span class='ocr_line' id='line_1_24' title="bbox 97 2484 1564 2581; baseline 0.002 -22"><span class='ocrx_word' id='word_1_224' title='bbox 97 2484 248 2578; x_wconf 80' lang='lat' dir='ltr'><strong>appendice</strong></span> <span class='ocrx_word' id='word_1_225' title='bbox 272 2503 452 2562; x_wconf 87' lang='lat' dir='ltr'><strong>Harmoniae</strong></span> <span class='ocrx_word' id='word_1_226' title='bbox 476 2503 620 2579; x_wconf 88' lang='lat' dir='ltr'><strong>Keplerus</strong></span> <span class='ocrx_word' id='word_1_227' title='bbox 643 2502 771 2562; x_wconf 83' lang='lat' dir='ltr'><strong>Roherto</strong></span> <span class='ocrx_word' id='word_1_228' title='bbox 793 2501 836 2560; x_wconf 89' lang='lat' dir='ltr'><strong>iili</strong></span> <span class='ocrx_word' id='word_1_229' title='bbox 859 2491 1023 2579; x_wconf 75' lang='lat' dir='ltr'><strong>objecerat,</strong></span> <span class='ocrx_word' id='word_1_230' title='bbox 1052 2501 1097 2561; x_wconf 91' lang='lat' dir='ltr'><strong>his</strong></span> <span class='ocrx_word' id='word_1_231' title='bbox 1127 2507 1223 2561; x_wconf 91' lang='lat' dir='ltr'><strong>motus</strong></span> <span class='ocrx_word' id='word_1_232' title='bbox 1251 2501 1299 2581; x_wconf 82' lang='lat' dir='ltr'><strong>hic</strong></span> <span class='ocrx_word' id='word_1_233' title='bbox 1321 2519 1440 2564; x_wconf 86' lang='lat' dir='ltr'><strong>caussm</strong></span> <span class='ocrx_word' id='word_1_234' title='bbox 1556 2565 1564 2580; x_wconf 52' lang='grc'><strong>,</strong></span> 
     </span>
    </p>
   </div>
   <div class='ocr_carea' id='block_1_7' title="bbox 95 2581 1502 4654">
    <p class='ocr_par' dir='ltr' id='par_1_7' title="bbox 95 2581 1502 4654">
     <span class='ocr_line' id='line_1_25' title="bbox 97 2581 1441 2670; baseline 0.003 -24"><span class='ocrx_word' id='word_1_235' title='bbox 97 2607 173 2648; x_wconf 89' lang='lat' dir='ltr'><strong>susm</strong></span> <span class='ocrx_word' id='word_1_236' title='bbox 194 2590 335 2651; x_wconf 86' lang='lat' dir='ltr'><strong>defendit.</strong></span> <span class='ocrx_word' id='word_1_237' title='bbox 372 2581 406 2648; x_wconf 90' lang='lat' dir='ltr'><strong>ln</strong></span> <span class='ocrx_word' id='word_1_238' title='bbox 428 2589 584 2667; x_wconf 89' lang='lat' dir='ltr'><strong>prosp&#39;ectu</strong></span> <span class='ocrx_word' id='word_1_239' title='bbox 606 2591 769 2666; x_wconf 88' lang='lat' dir='ltr'><strong>argumenti</strong></span> <span class='ocrx_word' id='word_1_240' title='bbox 792 2593 888 2666; x_wconf 89' lang='lat' dir='ltr'><strong>quarti</strong></span> <span class='ocrx_word' id='word_1_241' title='bbox 911 2590 1067 2650; x_wconf 85' lang='lat' dir='ltr'><strong>voluminis</strong></span> <span class='ocrx_word' id='word_1_242' title='bbox 1089 2586 1441 2670; x_wconf 69' lang='grc' dir='ltr'><strong>(16161666Μί1666-</strong></span> 
     </span>
     <span class='ocr_line' id='line_1_26' title="bbox 97 2677 1441 2754; baseline 0 -20"><span class='ocrx_word' id='word_1_243' title='bbox 97 2684 170 2736; x_wconf 86' lang='lat' dir='ltr'><strong>tctas</strong></span> <span class='ocrx_word' id='word_1_244' title='bbox 189 2677 354 2751; x_wconf 76' lang='lat' dir='ltr'><strong>secundare,</strong></span> <span class='ocrx_word' id='word_1_245' title='bbox 378 2679 414 2738; x_wconf 83' lang='lat' dir='ltr'><strong>ds</strong></span> <span class='ocrx_word' id='word_1_246' title='bbox 435 2678 698 2753; x_wconf 78' lang='lat' dir='ltr'><strong>praetematurati</strong></span> <span class='ocrx_word' id='word_1_247' title='bbox 719 2677 828 2736; x_wconf 84' lang='lat' dir='ltr'><strong>muudi</strong></span> <span class='ocrx_word' id='word_1_248' title='bbox 849 2678 986 2750; x_wconf 76' lang='grc'><strong>11616116)</strong></span> <span class='ocrx_word' id='word_1_249' title='bbox 1009 2677 1151 2754; x_wconf 79' lang='lat' dir='ltr'><strong>legimusr</strong></span> <span class='ocrx_word' id='word_1_250' title='bbox 1177 2679 1282 2736; x_wconf 80' lang='lat' dir='ltr'><strong>»Sardo</strong></span> <span class='ocrx_word' id='word_1_251' title='bbox 1300 2681 1395 2750; x_wconf 87' lang='lat' dir='ltr'><strong>prima,</strong></span> <span class='ocrx_word' id='word_1_252' title='bbox 1413 2679 1441 2734; x_wconf 92' lang='lat' dir='ltr'><strong>iu</strong></span> 
     </span>
     <span class='ocr_line' id='line_1_27' title="bbox 97 2757 1443 2836; baseline 0 -22"><span class='ocrx_word' id='word_1_253' title='bbox 97 2761 225 2836; x_wconf 83' lang='lat' dir='ltr'><strong>portiones</strong></span> <span class='ocrx_word' id='word_1_254' title='bbox 243 2767 303 2815; x_wconf 87' lang='lat' dir='ltr'><strong>tres</strong></span> <span class='ocrx_word' id='word_1_255' title='bbox 322 2761 419 2829; x_wconf 81' lang='lat' dir='ltr'><strong>diuisa,</strong></span> <span class='ocrx_word' id='word_1_256' title='bbox 438 2760 481 2815; x_wconf 89' lang='lat' dir='ltr'><strong>cui</strong></span> <span class='ocrx_word' id='word_1_257' title='bbox 499 2761 527 2815; x_wconf 92' lang='lat' dir='ltr'><strong>in</strong></span> <span class='ocrx_word' id='word_1_258' title='bbox 544 2759 598 2816; x_wconf 90' lang='lat' dir='ltr'><strong>fine</strong></span> <span class='ocrx_word' id='word_1_259' title='bbox 616 2758 753 2828; x_wconf 76' lang='lat' dir='ltr'><strong>appendix</strong></span> <span class='ocrx_word' id='word_1_260' title='bbox 773 2760 905 2828; x_wconf 87' lang='lat' dir='ltr'><strong>quaedam</strong></span> <span class='ocrx_word' id='word_1_261' title='bbox 928 2761 1072 2831; x_wconf 75' lang='lat' dir='ltr'><strong>analytica,</strong></span> <span class='ocrx_word' id='word_1_262' title='bbox 1097 2757 1291 2829; x_wconf 85' lang='lat' dir='ltr'><strong>comparationi</strong></span> <span class='ocrx_word' id='word_1_263' title='bbox 1308 2759 1338 2814; x_wconf 92' lang='lat' dir='ltr'><strong>in</strong></span> <span class='ocrx_word' id='word_1_264' title='bbox 1355 2757 1443 2814; x_wconf 85' lang='lat' dir='ltr'><strong>cauda</strong></span> 
     </span>
     <span class='ocr_line' id='line_1_28' title="bbox 98 2836 1441 2910; baseline 0.001 -20"><span class='ocrx_word' id='word_1_265' title='bbox 98 2837 248 2906; x_wconf 85' lang='lat' dir='ltr'><strong>Harmoniae</strong></span> <span class='ocrx_word' id='word_1_266' title='bbox 268 2839 366 2894; x_wconf 89' lang='lat' dir='ltr'><strong>Mundi</strong></span> <span class='ocrx_word' id='word_1_267' title='bbox 385 2843 407 2896; x_wconf 89' lang='lat' dir='ltr'><strong>J.</strong></span> <span class='ocrx_word' id='word_1_268' title='bbox 428 2838 546 2910; x_wconf 82' lang='lat' dir='ltr'><strong>Kepleri,</strong></span> <span class='ocrx_word' id='word_1_269' title='bbox 563 2837 614 2896; x_wconf 89' lang='lat' dir='ltr'><strong>sub</strong></span> <span class='ocrx_word' id='word_1_270' title='bbox 633 2837 713 2892; x_wconf 91' lang='lat' dir='ltr'><strong>titulo</strong></span> <span class='ocrx_word' id='word_1_271' title='bbox 732 2839 899 2908; x_wconf 85' lang='lat' dir='ltr'><strong>appendicis,</strong></span> <span class='ocrx_word' id='word_1_272' title='bbox 915 2841 987 2894; x_wconf 88' lang='lat' dir='ltr'><strong>inter</strong></span> <span class='ocrx_word' id='word_1_273' title='bbox 1005 2836 1118 2894; x_wconf 88' lang='lat' dir='ltr'><strong>eandem</strong></span> <span class='ocrx_word' id='word_1_274' title='bbox 1136 2837 1211 2894; x_wconf 92' lang='lat' dir='ltr'><strong>illam</strong></span> <span class='ocrx_word' id='word_1_275' title='bbox 1224 2853 1300 2894; x_wconf 89' lang='lat' dir='ltr'><strong>suam</strong></span> <span class='ocrx_word' id='word_1_276' title='bbox 1313 2845 1341 2894; x_wconf 92' lang='lat' dir='ltr'><strong>et</strong></span> <span class='ocrx_word' id='word_1_277' title='bbox 1353 2853 1441 2894; x_wconf 91' lang='lat' dir='ltr'><strong>meam</strong></span> 
     </span>
     <span class='ocr_line' id='line_1_29' title="bbox 97 2913 1440 2988; baseline 0.003 -20"><span class='ocrx_word' id='word_1_278' title='bbox 97 2914 265 2972; x_wconf 86' lang='lat' dir='ltr'><strong>Harmoniam</strong></span> <span class='ocrx_word' id='word_1_279' title='bbox 283 2917 445 2972; x_wconf 87' lang='lat' dir='ltr'><strong>mundanam</strong></span> <span class='ocrx_word' id='word_1_280' title='bbox 462 2917 563 2985; x_wconf 89' lang='grc'><strong>166166,</strong></span> <span class='ocrx_word' id='word_1_281' title='bbox 588 2913 730 2986; x_wconf 88' lang='lat' dir='ltr'><strong>ipsissimis</strong></span> <span class='ocrx_word' id='word_1_282' title='bbox 754 2918 873 2974; x_wconf 83' lang='grc'><strong>661116116</strong></span> <span class='ocrx_word' id='word_1_283' title='bbox 896 2917 1060 2988; x_wconf 83' lang='lat' dir='ltr'><strong>argumentis</strong></span> <span class='ocrx_word' id='word_1_284' title='bbox 1080 2916 1257 2988; x_wconf 88' lang='lat' dir='ltr'><strong>respondens,</strong></span> <span class='ocrx_word' id='word_1_285' title='bbox 1284 2916 1440 2972; x_wconf 73' lang='lat' dir='ltr'><strong>inser-itum«</strong></span> 
     </span>
     <span class='ocr_line' id='line_1_30' title="bbox 97 2997 1441 3078; baseline 0.001 -23"><span class='ocrx_word' id='word_1_286' title='bbox 97 2997 172 3059; x_wconf 86' lang='lat' dir='ltr'><strong>Haec</strong></span> <span class='ocrx_word' id='word_1_287' title='bbox 192 3000 342 3078; x_wconf 87' lang='lat' dir='ltr'><strong>appendix</strong></span> <span class='ocrx_word' id='word_1_288' title='bbox 364 3019 422 3061; x_wconf 90' lang='lat' dir='ltr'><strong>non</strong></span> <span class='ocrx_word' id='word_1_289' title='bbox 445 3005 520 3062; x_wconf 90' lang='lat' dir='ltr'><strong>inest</strong></span> <span class='ocrx_word' id='word_1_290' title='bbox 541 3003 571 3060; x_wconf 90' lang='lat' dir='ltr'><strong>in</strong></span> <span class='ocrx_word' id='word_1_291' title='bbox 595 2999 731 3077; x_wconf 88' lang='lat' dir='ltr'><strong>editione,</strong></span> <span class='ocrx_word' id='word_1_292' title='bbox 756 3019 831 3078; x_wconf 88' lang='lat' dir='ltr'><strong>quae</strong></span> <span class='ocrx_word' id='word_1_293' title='bbox 847 3003 932 3063; x_wconf 90' lang='lat' dir='ltr'><strong>uobis</strong></span> <span class='ocrx_word' id='word_1_294' title='bbox 946 3009 1063 3078; x_wconf 88' lang='lat' dir='ltr'><strong>praesto</strong></span> <span class='ocrx_word' id='word_1_295' title='bbox 1079 3009 1131 3078; x_wconf 89' lang='lat' dir='ltr'><strong>est,</strong></span> <span class='ocrx_word' id='word_1_296' title='bbox 1156 3001 1209 3060; x_wconf 89' lang='lat' dir='ltr'><strong>scd</strong></span> <span class='ocrx_word' id='word_1_297' title='bbox 1226 3015 1441 3078; x_wconf 76' lang='grc'><strong>6666166666-</strong></span> 
     </span>
     <span class='ocr_line' id='line_1_31' title="bbox 97 3087 1443 3170; baseline 0 -24"><span class='ocrx_word' id='word_1_298' title='bbox 97 3087 192 3147; x_wconf 89' lang='lat' dir='ltr'><strong>dentur</strong></span> <span class='ocrx_word' id='word_1_299' title='bbox 220 3088 344 3166; x_wconf 88' lang='lat' dir='ltr'><strong>Kepleri</strong></span> <span class='ocrx_word' id='word_1_300' title='bbox 377 3089 592 3170; x_wconf 50' lang='lat' dir='ltr'><strong>,Apologiaeffi</strong></span> <span class='ocrx_word' id='word_1_301' title='bbox 625 3105 712 3164; x_wconf 90' lang='lat' dir='ltr'><strong>quarn</strong></span> <span class='ocrx_word' id='word_1_302' title='bbox 744 3089 832 3166; x_wconf 89' lang='grc'><strong>66616</strong></span> <span class='ocrx_word' id='word_1_303' title='bbox 862 3090 937 3150; x_wconf 87' lang='grc'><strong>16116</strong></span> <span class='ocrx_word' id='word_1_304' title='bbox 973 3089 1110 3162; x_wconf 88' lang='lat' dir='ltr'><strong>dicemus.</strong></span> <span class='ocrx_word' id='word_1_305' title='bbox 1166 3087 1319 3166; x_wconf 80' lang='lat' dir='ltr'><strong>Separato.</strong></span> <span class='ocrx_word' id='word_1_306' title='bbox 1343 3095 1443 3148; x_wconf 91' lang='lat' dir='ltr'><strong>autem</strong></span> 
     </span>
     <span class='ocr_line' id='line_1_32' title="bbox 95 3175 1443 3258; baseline -0.001 -25"><span class='ocrx_word' id='word_1_307' title='bbox 95 3175 188 3236; x_wconf 87' lang='lat' dir='ltr'><strong>libello</strong></span> <span class='ocrx_word' id='word_1_308' title='bbox 210 3177 265 3236; x_wconf 89' lang='lat' dir='ltr'><strong>illa</strong></span> <span class='ocrx_word' id='word_1_309' title='bbox 279 3176 359 3236; x_wconf 87' lang='lat' dir='ltr'><strong>edita</strong></span> <span class='ocrx_word' id='word_1_310' title='bbox 379 3186 448 3237; x_wconf 91' lang='lat' dir='ltr'><strong>sunt</strong></span> <span class='ocrx_word' id='word_1_311' title='bbox 470 3177 526 3236; x_wconf 88' lang='lat' dir='ltr'><strong>hoc</strong></span> <span class='ocrx_word' id='word_1_312' title='bbox 542 3178 680 3252; x_wconf 85' lang='lat' dir='ltr'><strong>inscripto</strong></span> <span class='ocrx_word' id='word_1_313' title='bbox 696 3177 797 3237; x_wconf 83' lang='lat' dir='ltr'><strong>titulo:</strong></span> <span class='ocrx_word' id='word_1_314' title='bbox 830 3181 964 3240; x_wconf 73' lang='lat' dir='ltr'><strong>Veritatis</strong></span> <span class='ocrx_word' id='word_1_315' title='bbox 977 3181 1163 3252; x_wconf 81' lang='grc'><strong>6166666166,</strong></span> <span class='ocrx_word' id='word_1_316' title='bbox 1189 3181 1221 3235; x_wconf 79' lang='lat' dir='ltr'><strong>is</strong></span> <span class='ocrx_word' id='word_1_317' title='bbox 1243 3195 1297 3258; x_wconf 83' lang='lat' dir='ltr'><strong>quq</strong></span> <span class='ocrx_word' id='word_1_318' title='bbox 1315 3179 1443 3236; x_wconf 81' lang='grc'><strong>6616666</strong></span> 
     </span>
     <span class='ocr_line' id='line_1_33' title="bbox 97 3256 1444 3330; baseline 0.001 -17"><span class='ocrx_word' id='word_1_319' title='bbox 97 3260 191 3314; x_wconf 80' lang='lat' dir='ltr'><strong>moris</strong></span> <span class='ocrx_word' id='word_1_320' title='bbox 207 3261 345 3330; x_wconf 81' lang='lat' dir='ltr'><strong>trupicum</strong></span> <span class='ocrx_word' id='word_1_321' title='bbox 357 3261 515 3327; x_wconf 83' lang='lat' dir='ltr'><strong>dimovetur,</strong></span> <span class='ocrx_word' id='word_1_322' title='bbox 534 3261 669 3330; x_wconf 78' lang='lat' dir='ltr'><strong>siparium</strong></span> <span class='ocrx_word' id='word_1_323' title='bbox 681 3259 856 3330; x_wconf 79' lang='lat' dir='ltr'><strong>ignorantiae</strong></span> <span class='ocrx_word' id='word_1_324' title='bbox 867 3261 1001 3316; x_wconf 78' lang='lat' dir='ltr'><strong>scenicum</strong></span> <span class='ocrx_word' id='word_1_325' title='bbox 1012 3259 1198 3328; x_wconf 81' lang='lat' dir='ltr'><strong>courplicutur,</strong></span> <span class='ocrx_word' id='word_1_326' title='bbox 1216 3259 1331 3328; x_wconf 81' lang='lat' dir='ltr'><strong>ipsoque</strong></span> <span class='ocrx_word' id='word_1_327' title='bbox 1342 3256 1444 3316; x_wconf 75' lang='grc'><strong>6611166</strong></span> 
     </span>
     <span class='ocr_line' id='line_1_34' title="bbox 98 3332 1447 3408; baseline -0.001 -16"><span class='ocrx_word' id='word_1_328' title='bbox 98 3355 177 3394; x_wconf 73' lang='lat' dir='ltr'><strong>uerso</strong></span> <span class='ocrx_word' id='word_1_329' title='bbox 195 3340 325 3394; x_wconf 68' lang='grc'><strong>6116161116</strong></span> <span class='ocrx_word' id='word_1_330' title='bbox 343 3339 374 3393; x_wconf 83' lang='lat' dir='ltr'><strong>iu</strong></span> <span class='ocrx_word' id='word_1_331' title='bbox 387 3340 527 3408; x_wconf 84' lang='lat' dir='ltr'><strong>pubiicum</strong></span> <span class='ocrx_word' id='word_1_332' title='bbox 541 3335 715 3407; x_wconf 81' lang='lat' dir='ltr'><strong>producitur,</strong></span> <span class='ocrx_word' id='word_1_333' title='bbox 733 3353 781 3392; x_wconf 88' lang='lat' dir='ltr'><strong>seu</strong></span> <span class='ocrx_word' id='word_1_334' title='bbox 799 3337 996 3394; x_wconf 72' lang='lat' dir='ltr'><strong>demonstratio</strong></span> <span class='ocrx_word' id='word_1_335' title='bbox 1014 3336 1151 3408; x_wconf 81' lang='lat' dir='ltr'><strong>quaedam</strong></span> <span class='ocrx_word' id='word_1_336' title='bbox 1169 3337 1322 3406; x_wconf 77' lang='grc'><strong>6166161166,</strong></span> <span class='ocrx_word' id='word_1_337' title='bbox 1340 3335 1372 3390; x_wconf 85' lang='lat' dir='ltr'><strong>iu</strong></span> <span class='ocrx_word' id='word_1_338' title='bbox 1388 3332 1447 3404; x_wconf 75' lang='grc'><strong>666</strong></span> 
     </span>
     <span class='ocr_line' id='line_1_35' title="bbox 97 3410 1442 3490; baseline -0.004 -18"><span class='ocrx_word' id='word_1_339' title='bbox 97 3420 198 3474; x_wconf 77' lang='lat' dir='ltr'><strong>cuilibet</strong></span> <span class='ocrx_word' id='word_1_340' title='bbox 215 3421 436 3489; x_wconf 81' lang='lat' dir='ltr'><strong>coruparotiuuis</strong></span> <span class='ocrx_word' id='word_1_341' title='bbox 444 3417 604 3490; x_wconf 82' lang='grc'><strong>6611161166</strong></span> <span class='ocrx_word' id='word_1_342' title='bbox 624 3417 656 3470; x_wconf 85' lang='lat' dir='ltr'><strong>iu</strong></span> <span class='ocrx_word' id='word_1_343' title='bbox 677 3410 826 3486; x_wconf 72' lang='lat' dir='ltr'><strong>appendice</strong></span> <span class='ocrx_word' id='word_1_344' title='bbox 848 3415 967 3484; x_wconf 82' lang='lat' dir='ltr'><strong>quadum</strong></span> <span class='ocrx_word' id='word_1_345' title='bbox 985 3431 1003 3470; x_wconf 88' lang='grc'><strong>6</strong></span> <span class='ocrx_word' id='word_1_346' title='bbox 1020 3415 1049 3472; x_wconf 86' lang='lat' dir='ltr'><strong>J.</strong></span> <span class='ocrx_word' id='word_1_347' title='bbox 1068 3411 1206 3486; x_wconf 80' lang='lat' dir='ltr'><strong>Kepptero</strong></span> <span class='ocrx_word' id='word_1_348' title='bbox 1227 3429 1317 3484; x_wconf 77' lang='lat' dir='ltr'><strong>super</strong></span> <span class='ocrx_word' id='word_1_349' title='bbox 1328 3413 1371 3468; x_wconf 82' lang='lat' dir='ltr'><strong>‘in</strong></span> <span class='ocrx_word' id='word_1_350' title='bbox 1387 3413 1442 3482; x_wconf 76' lang='lat' dir='ltr'><strong>sss</strong></span> 
     </span>
     <span class='ocr_line' id='line_1_36' title="bbox 98 3491 1443 3563; baseline -0.005 -11"><span class='ocrx_word' id='word_1_351' title='bbox 98 3497 267 3554; x_wconf 81' lang='grc'><strong>1166666166</strong></span> <span class='ocrx_word' id='word_1_352' title='bbox 284 3513 350 3553; x_wconf 83' lang='lat' dir='ltr'><strong>suae</strong></span> <span class='ocrx_word' id='word_1_353' title='bbox 367 3497 531 3552; x_wconf 86' lang='lat' dir='ltr'><strong>lfuuduuue</strong></span> <span class='ocrx_word' id='word_1_354' title='bbox 548 3496 629 3563; x_wconf 74' lang='lat' dir='ltr'><strong>editu,</strong></span> <span class='ocrx_word' id='word_1_355' title='bbox 645 3495 737 3562; x_wconf 73' lang='lat' dir='ltr'><strong>suctus</strong></span> <span class='ocrx_word' id='word_1_356' title='bbox 753 3495 827 3550; x_wconf 84' lang='lat' dir='ltr'><strong>iuter</strong></span> <span class='ocrx_word' id='word_1_357' title='bbox 838 3493 1022 3548; x_wconf 80' lang='grc'><strong>1166666166</strong></span> <span class='ocrx_word' id='word_1_358' title='bbox 1039 3509 1118 3549; x_wconf 85' lang='lat' dir='ltr'><strong>suum</strong></span> <span class='ocrx_word' id='word_1_359' title='bbox 1129 3493 1307 3549; x_wconf 83' lang='lat' dir='ltr'><strong>Muuduuom</strong></span> <span class='ocrx_word' id='word_1_360' title='bbox 1325 3495 1351 3546; x_wconf 80' lang='lat' dir='ltr'><strong>st</strong></span> <span class='ocrx_word' id='word_1_361' title='bbox 1366 3491 1443 3545; x_wconf 78' lang='grc'><strong>611661</strong></span> 
     </span>
     <span class='ocr_line' id='line_1_37' title="bbox 98 3567 1502 3646; baseline -0.006 -16"><span class='ocrx_word' id='word_1_362' title='bbox 98 3575 233 3632; x_wconf 65' lang='grc'><strong>1111611</strong></span> <span class='ocrx_word' id='word_1_363' title='bbox 249 3577 397 3646; x_wconf 82' lang='lat' dir='ltr'><strong>ipsissimis</strong></span> <span class='ocrx_word' id='word_1_364' title='bbox 412 3576 537 3630; x_wconf 75' lang='grc'><strong>6611111116</strong></span> <span class='ocrx_word' id='word_1_365' title='bbox 553 3573 722 3643; x_wconf 81' lang='grc'><strong>6166666116</strong></span> <span class='ocrx_word' id='word_1_366' title='bbox 737 3572 924 3642; x_wconf 73' lang='lat' dir='ltr'><strong>respondetis.</strong></span> <span class='ocrx_word' id='word_1_367' title='bbox 968 3571 1092 3628; x_wconf 77' lang='lat' dir='ltr'><strong>Auctore</strong></span> <span class='ocrx_word' id='word_1_368' title='bbox 1109 3569 1230 3627; x_wconf 82' lang='grc'><strong>1166616</strong></span> <span class='ocrx_word' id='word_1_369' title='bbox 1247 3567 1351 3637; x_wconf 78' lang='lat' dir='ltr'><strong>Ffrsdd,</strong></span> <span class='ocrx_word' id='word_1_370' title='bbox 1371 3569 1445 3623; x_wconf 80' lang='grc'><strong>61166</strong></span> <span class='ocrx_word' id='word_1_371' title='bbox 1499 3589 1502 3608; x_wconf 87' lang='lat'><em>·</em></span> 
     </span>
     <span class='ocr_line' id='line_1_38' title="bbox 98 3645 1442 3724; baseline -0.007 -14"><span class='ocrx_word' id='word_1_372' title='bbox 98 3645 295 3712; x_wconf 73' lang='grc'><strong>1111666616.</strong></span> <span class='ocrx_word' id='word_1_373' title='bbox 332 3653 463 3724; x_wconf 70' lang='grc'><strong>1166661.</strong></span> <span class='ocrx_word' id='word_1_374' title='bbox 479 3653 558 3708; x_wconf 81' lang='grc'><strong>1621.</strong></span> <span class='ocrx_word' id='word_1_375' title='bbox 606 3645 714 3720; x_wconf 70' lang='lat' dir='ltr'><strong>&#39;Qualis</strong></span> <span class='ocrx_word' id='word_1_376' title='bbox 743 3649 907 3723; x_wconf 76' lang='lat' dir='ltr'><strong>inscriptio,</strong></span> <span class='ocrx_word' id='word_1_377' title='bbox 938 3646 1000 3706; x_wconf 87' lang='lat' dir='ltr'><strong>tale</strong></span> <span class='ocrx_word' id='word_1_378' title='bbox 1028 3653 1073 3706; x_wconf 90' lang='lat' dir='ltr'><strong>est</strong></span> <span class='ocrx_word' id='word_1_379' title='bbox 1101 3645 1193 3712; x_wconf 87' lang='lat' dir='ltr'><strong>libelli</strong></span> <span class='ocrx_word' id='word_1_380' title='bbox 1225 3650 1442 3722; x_wconf 85' lang='lat' dir='ltr'><strong>argumentum:</strong></span> 
     </span>
     <span class='ocr_line' id='line_1_39' title="bbox 97 3732 1442 3815; baseline -0.006 -19"><span class='ocrx_word' id='word_1_381' title='bbox 97 3741 166 3799; x_wconf 89' lang='lat' dir='ltr'><strong>inter</strong></span> <span class='ocrx_word' id='word_1_382' title='bbox 186 3739 282 3798; x_wconf 87' lang='lat' dir='ltr'><strong>multa</strong></span> <span class='ocrx_word' id='word_1_383' title='bbox 304 3739 408 3812; x_wconf 90' lang='lat' dir='ltr'><strong>verba,</strong></span> <span class='ocrx_word' id='word_1_384' title='bbox 441 3740 547 3814; x_wconf 88' lang='lat' dir='ltr'><strong>partim</strong></span> <span class='ocrx_word' id='word_1_385' title='bbox 569 3736 692 3815; x_wconf 84' lang='lat' dir='ltr'><strong>mystico</strong></span> <span class='ocrx_word' id='word_1_386' title='bbox 723 3743 866 3811; x_wconf 87' lang='lat' dir='ltr'><strong>apparatu</strong></span> <span class='ocrx_word' id='word_1_387' title='bbox 899 3735 1085 3808; x_wconf 81' lang='lat' dir='ltr'><strong>circumfusa,</strong></span> <span class='ocrx_word' id='word_1_388' title='bbox 1117 3733 1159 3793; x_wconf 89' lang='lat' dir='ltr'><strong>nil</strong></span> <span class='ocrx_word' id='word_1_389' title='bbox 1191 3732 1250 3794; x_wconf 88' lang='lat' dir='ltr'><strong>fere</strong></span> <span class='ocrx_word' id='word_1_390' title='bbox 1282 3736 1442 3792; x_wconf 88' lang='lat' dir='ltr'><strong>memoratu</strong></span> 
     </span>
     <span class='ocr_line' id='line_1_40' title="bbox 98 3819 1442 3904; baseline -0.006 -20"><span class='ocrx_word' id='word_1_391' title='bbox 98 3826 212 3904; x_wconf 88' lang='lat' dir='ltr'><strong>dignum</strong></span> <span class='ocrx_word' id='word_1_392' title='bbox 247 3827 379 3885; x_wconf 89' lang='lat' dir='ltr'><strong>occurrit</strong></span> <span class='ocrx_word' id='word_1_393' title='bbox 436 3823 662 3902; x_wconf 81' lang='lat' dir='ltr'><strong>Obiurgationes</strong></span> <span class='ocrx_word' id='word_1_394' title='bbox 695 3821 816 3899; x_wconf 88' lang='lat' dir='ltr'><strong>Kepleri</strong></span> <span class='ocrx_word' id='word_1_395' title='bbox 850 3825 879 3881; x_wconf 94' lang='lat' dir='ltr'><strong>io</strong></span> <span class='ocrx_word' id='word_1_396' title='bbox 912 3823 955 3881; x_wconf 81' lang='lat' dir='ltr'><strong>ns</strong></span> <span class='ocrx_word' id='word_1_397' title='bbox 988 3829 1085 3900; x_wconf 87' lang='lat' dir='ltr'><strong>partes</strong></span> <span class='ocrx_word' id='word_1_398' title='bbox 1120 3819 1231 3880; x_wconf 83' lang='lat' dir='ltr'><strong>divisas</strong></span> <span class='ocrx_word' id='word_1_399' title='bbox 1265 3819 1442 3881; x_wconf 82' lang='lat' dir='ltr'><strong>verbotenus</strong></span> 
     </span>
     <span class='ocr_line' id='line_1_41' title="bbox 98 3907 1442 3988; baseline -0.008 -16"><span class='ocrx_word' id='word_1_400' title='bbox 98 3915 240 3975; x_wconf 86' lang='lat' dir='ltr'><strong>describit.</strong></span> <span class='ocrx_word' id='word_1_401' title='bbox 288 3913 417 3974; x_wconf 84' lang='lat' dir='ltr'><strong>Excusat</strong></span> <span class='ocrx_word' id='word_1_402' title='bbox 439 3916 477 3972; x_wconf 87' lang='lat' dir='ltr'><strong>›si</strong></span> <span class='ocrx_word' id='word_1_403' title='bbox 495 3916 560 3986; x_wconf 92' lang='lat' dir='ltr'><strong>quid</strong></span> <span class='ocrx_word' id='word_1_404' title='bbox 577 3915 647 3971; x_wconf 88' lang='lat' dir='ltr'><strong>forte</strong></span> <span class='ocrx_word' id='word_1_405' title='bbox 664 3914 700 3969; x_wconf 89' lang='lat' dir='ltr'><strong>sit</strong></span> <span class='ocrx_word' id='word_1_406' title='bbox 717 3919 867 3986; x_wconf 88' lang='lat' dir='ltr'><strong>peccatum,</strong></span> <span class='ocrx_word' id='word_1_407' title='bbox 892 3928 960 3988; x_wconf 93' lang='lat' dir='ltr'><strong>opus</strong></span> <span class='ocrx_word' id='word_1_408' title='bbox 978 3913 1103 3982; x_wconf 85' lang='lat' dir='ltr'><strong>(primum</strong></span> <span class='ocrx_word' id='word_1_409' title='bbox 1121 3911 1247 3966; x_wconf 87' lang='lat' dir='ltr'><strong>uolumen</strong></span> <span class='ocrx_word' id='word_1_410' title='bbox 1264 3907 1442 3976; x_wconf 87' lang='lat' dir='ltr'><strong>microcosmi)</strong></span> 
     </span>
     <span class='ocr_line' id='line_1_42' title="bbox 97 3985 1444 4066; baseline -0.008 -14"><span class='ocrx_word' id='word_1_411' title='bbox 97 3998 192 4066; x_wconf 90' lang='lat' dir='ltr'><strong>quippe</strong></span> <span class='ocrx_word' id='word_1_412' title='bbox 210 4011 311 4066; x_wconf 85' lang='lat' dir='ltr'><strong>magns</strong></span> <span class='ocrx_word' id='word_1_413' title='bbox 327 3993 498 4050; x_wconf 87' lang='lat' dir='ltr'><strong>festinatione</strong></span> <span class='ocrx_word' id='word_1_414' title='bbox 516 3993 710 4062; x_wconf 88' lang='lat' dir='ltr'><strong>conscriptum,</strong></span> <span class='ocrx_word' id='word_1_415' title='bbox 728 3993 802 4062; x_wconf 92' lang='lat' dir='ltr'><strong>quod</strong></span> <span class='ocrx_word' id='word_1_416' title='bbox 818 4007 873 4046; x_wconf 90' lang='lat' dir='ltr'><strong>non</strong></span> <span class='ocrx_word' id='word_1_417' title='bbox 891 3990 987 4048; x_wconf 83' lang='lat' dir='ltr'><strong>situel</strong></span> <span class='ocrx_word' id='word_1_418' title='bbox 1005 3989 1134 4046; x_wconf 89' lang='lat' dir='ltr'><strong>methodo</strong></span> <span class='ocrx_word' id='word_1_419' title='bbox 1153 3997 1208 4044; x_wconf 87' lang='lat' dir='ltr'><strong>tarn</strong></span> <span class='ocrx_word' id='word_1_420' title='bbox 1226 3993 1350 4044; x_wconf 84' lang='lat' dir='ltr'><strong>exactum</strong></span> <span class='ocrx_word' id='word_1_421' title='bbox 1367 3985 1444 4041; x_wconf 84' lang='lat' dir='ltr'><strong>uela</strong></span> 
     </span>
     <span class='ocr_line' id='line_1_43' title="bbox 96 4065 1490 4145; baseline -0.008 -15"><span class='ocrx_word' id='word_1_422' title='bbox 96 4077 164 4130; x_wconf 80' lang='lat' dir='ltr'><strong>uitiis</strong></span> <span class='ocrx_word' id='word_1_423' title='bbox 180 4074 222 4130; x_wconf 90' lang='lat' dir='ltr'><strong>ita</strong></span> <span class='ocrx_word' id='word_1_424' title='bbox 239 4082 392 4145; x_wconf 85' lang='lat' dir='ltr'><strong>purgatum,</strong></span> <span class='ocrx_word' id='word_1_425' title='bbox 410 4073 450 4127; x_wconf 88' lang='grc'><strong>611</strong></span> <span class='ocrx_word' id='word_1_426' title='bbox 467 4072 545 4126; x_wconf 87' lang='grc'><strong>161166</strong></span> <span class='ocrx_word' id='word_1_427' title='bbox 563 4072 694 4141; x_wconf 84' lang='lat' dir='ltr'><strong>Keppleri</strong></span> <span class='ocrx_word' id='word_1_428' title='bbox 711 4077 787 4127; x_wconf 88' lang='lat' dir='ltr'><strong>tanto</strong></span> <span class='ocrx_word' id='word_1_429' title='bbox 805 4072 933 4140; x_wconf 90' lang='lat' dir='ltr'><strong>temporis</strong></span> <span class='ocrx_word' id='word_1_430' title='bbox 952 4070 1030 4141; x_wconf 85' lang='lat' dir='ltr'><strong>lapsu</strong></span> <span class='ocrx_word' id='word_1_431' title='bbox 1047 4070 1145 4126; x_wconf 90' lang='lat' dir='ltr'><strong>iterum</strong></span> <span class='ocrx_word' id='word_1_432' title='bbox 1156 4068 1307 4136; x_wconf 88' lang='lat' dir='ltr'><strong>iterumque</strong></span> <span class='ocrx_word' id='word_1_433' title='bbox 1318 4065 1442 4137; x_wconf 79' lang='grc'><strong>16616661,</strong></span> <span class='ocrx_word' id='word_1_434' title='bbox 1483 4069 1490 4084; x_wconf 75' lang='grc'><em>“</em></span> 
     </span>
     <span class='ocr_line' id='line_1_44' title="bbox 96 4141 1442 4226; baseline -0.006 -17"><span class='ocrx_word' id='word_1_435' title='bbox 96 4163 170 4210; x_wconf 87' lang='lat' dir='ltr'><strong>tanta</strong></span> <span class='ocrx_word' id='word_1_436' title='bbox 187 4153 379 4211; x_wconf 87' lang='lat' dir='ltr'><strong>cimentatione</strong></span> <span class='ocrx_word' id='word_1_437' title='bbox 391 4159 420 4208; x_wconf 91' lang='lat' dir='ltr'><strong>et</strong></span> <span class='ocrx_word' id='word_1_438' title='bbox 433 4151 637 4208; x_wconf 82' lang='lat' dir='ltr'><strong>fermentatione</strong></span> <span class='ocrx_word' id='word_1_439' title='bbox 655 4152 835 4207; x_wconf 87' lang='lat' dir='ltr'><strong>examinatum</strong></span> <span class='ocrx_word' id='word_1_440' title='bbox 853 4157 881 4226; x_wconf 86' lang='lat' dir='ltr'><strong>et</strong></span> <span class='ocrx_word' id='word_1_441' title='bbox 898 4148 1096 4205; x_wconf 82' lang='lat' dir='ltr'><strong>sublimatum«.</strong></span> <span class='ocrx_word' id='word_1_442' title='bbox 1126 4143 1254 4219; x_wconf 80' lang='lat' dir='ltr'><strong>Pergens</strong></span> <span class='ocrx_word' id='word_1_443' title='bbox 1268 4141 1442 4220; x_wconf 84' lang='lat' dir='ltr'><strong>respondere</strong></span> 
     </span>
     <span class='ocr_line' id='line_1_45' title="bbox 95 4229 1441 4316; baseline -0.007 -16"><span class='ocrx_word' id='word_1_444' title='bbox 95 4239 238 4300; x_wconf 82' lang='lat' dir='ltr'><strong>Fluddius</strong></span> <span class='ocrx_word' id='word_1_445' title='bbox 262 4238 419 4316; x_wconf 88' lang='lat' dir='ltr'><strong>Keplerum</strong></span> <span class='ocrx_word' id='word_1_446' title='bbox 440 4235 634 4312; x_wconf 88' lang='lat' dir='ltr'><strong>reprehendit,</strong></span> <span class='ocrx_word' id='word_1_447' title='bbox 659 4235 738 4314; x_wconf 91' lang='lat' dir='ltr'><strong>quod</strong></span> <span class='ocrx_word' id='word_1_448' title='bbox 756 4235 838 4313; x_wconf 90' lang='lat' dir='ltr'><strong>justo</strong></span> <span class='ocrx_word' id='word_1_449' title='bbox 859 4237 999 4294; x_wconf 89' lang='lat' dir='ltr'><strong>minorem</strong></span> <span class='ocrx_word' id='word_1_450' title='bbox 1014 4233 1157 4311; x_wconf 86' lang='lat' dir='ltr'><strong>rationem</strong></span> <span class='ocrx_word' id='word_1_451' title='bbox 1172 4229 1282 4290; x_wconf 88' lang='lat' dir='ltr'><strong>haheat</strong></span> <span class='ocrx_word' id='word_1_452' title='bbox 1295 4231 1441 4308; x_wconf 88' lang='lat' dir='ltr'><strong>practicae</strong></span> 
     </span>
     <span class='ocr_line' id='line_1_46' title="bbox 95 4309 1441 4403; baseline -0.007 -16"><span class='ocrx_word' id='word_1_453' title='bbox 95 4331 223 4388; x_wconf 88' lang='lat' dir='ltr'><strong>musicae</strong></span> <span class='ocrx_word' id='word_1_454' title='bbox 254 4329 345 4403; x_wconf 87' lang='lat' dir='ltr'><strong>partis</strong></span> <span class='ocrx_word' id='word_1_455' title='bbox 376 4334 405 4385; x_wconf 92' lang='lat' dir='ltr'><strong>et</strong></span> <span class='ocrx_word' id='word_1_456' title='bbox 433 4325 531 4385; x_wconf 86' lang='lat' dir='ltr'><strong>arcani</strong></span> <span class='ocrx_word' id='word_1_457' title='bbox 559 4326 687 4386; x_wconf 88' lang='lat' dir='ltr'><strong>musicas</strong></span> <span class='ocrx_word' id='word_1_458' title='bbox 717 4323 869 4394; x_wconf 89' lang='lat' dir='ltr'><strong>momenti,</strong></span> <span class='ocrx_word' id='word_1_459' title='bbox 900 4321 988 4382; x_wconf 90' lang='lat' dir='ltr'><strong>rebus</strong></span> <span class='ocrx_word' id='word_1_460' title='bbox 1011 4339 1047 4380; x_wconf 86' lang='lat' dir='ltr'><strong>ex</strong></span> <span class='ocrx_word' id='word_1_461' title='bbox 1070 4320 1148 4377; x_wconf 90' lang='lat' dir='ltr'><strong>omni</strong></span> <span class='ocrx_word' id='word_1_462' title='bbox 1170 4309 1300 4394; x_wconf 82' lang='lat' dir='ltr'><strong>tempole</strong></span> <span class='ocrx_word' id='word_1_463' title='bbox 1327 4316 1441 4379; x_wconf 89' lang='lat' dir='ltr'><strong>traditis</strong></span> 
     </span>
     <span class='ocr_line' id='line_1_47' title="bbox 95 4402 1442 4494; baseline -0.006 -20"><span class='ocrx_word' id='word_1_464' title='bbox 95 4417 210 4493; x_wconf 88' lang='lat' dir='ltr'><strong>probati</strong></span> <span class='ocrx_word' id='word_1_465' title='bbox 232 4420 264 4474; x_wconf 90' lang='lat' dir='ltr'><strong>st</strong></span> <span class='ocrx_word' id='word_1_466' title='bbox 285 4415 392 4490; x_wconf 89' lang='lat' dir='ltr'><strong>cogniti</strong></span> <span class='ocrx_word' id='word_1_467' title='bbox 416 4408 533 4494; x_wconf 86' lang='lat' dir='ltr'><strong>(laudat</strong></span> <span class='ocrx_word' id='word_1_468' title='bbox 554 4411 677 4472; x_wconf 77' lang='lat' dir='ltr'><strong>flavidis</strong></span> <span class='ocrx_word' id='word_1_469' title='bbox 700 4413 807 4490; x_wconf 88' lang='lat' dir='ltr'><strong>lyram,</strong></span> <span class='ocrx_word' id='word_1_470' title='bbox 839 4407 975 4478; x_wconf 84' lang='lat' dir='ltr'><strong>Mercurii</strong></span> <span class='ocrx_word' id='word_1_471' title='bbox 996 4407 1114 4481; x_wconf 88' lang='lat' dir='ltr'><strong>tibiam,</strong></span> <span class='ocrx_word' id='word_1_472' title='bbox 1145 4402 1269 4466; x_wconf 88' lang='lat' dir='ltr'><strong>Medeae</strong></span> <span class='ocrx_word' id='word_1_473' title='bbox 1290 4404 1442 4484; x_wconf 79' lang='lat' dir='ltr'><strong>physicam</strong></span> 
     </span>
     <span class='ocr_line' id='line_1_48' title="bbox 96 4495 1443 4582; baseline -0.007 -20"><span class='ocrx_word' id='word_1_474' title='bbox 96 4504 252 4564; x_wconf 90' lang='lat' dir='ltr'><strong>herbarum</strong></span> <span class='ocrx_word' id='word_1_475' title='bbox 289 4495 518 4582; x_wconf 71' lang='lat' dir='ltr'><strong>symphoniam).</strong></span> <span class='ocrx_word' id='word_1_476' title='bbox 581 4501 635 4558; x_wconf 84' lang='lat' dir='ltr'><strong>Sed</strong></span> <span class='ocrx_word' id='word_1_477' title='bbox 666 4501 835 4571; x_wconf 89' lang='lat' dir='ltr'><strong>hujusmodi,</strong></span> <span class='ocrx_word' id='word_1_478' title='bbox 865 4500 967 4570; x_wconf 91' lang='lat' dir='ltr'><strong>inquit,</strong></span> <span class='ocrx_word' id='word_1_479' title='bbox 996 4496 1116 4552; x_wconf 88' lang='lat' dir='ltr'><strong>musicae</strong></span> <span class='ocrx_word' id='word_1_480' title='bbox 1132 4496 1247 4566; x_wconf 77' lang='lat' dir='ltr'><strong>species</strong></span> <span class='ocrx_word' id='word_1_481' title='bbox 1280 4511 1335 4552; x_wconf 92' lang='lat' dir='ltr'><strong>non</strong></span> <span class='ocrx_word' id='word_1_482' title='bbox 1363 4496 1443 4553; x_wconf 88' lang='lat' dir='ltr'><strong>datur</strong></span> 
     </span>
     <span class='ocr_line' id='line_1_49' title="bbox 97 4573 1442 4654; baseline -0.008 -13"><span class='ocrx_word' id='word_1_483' title='bbox 97 4587 258 4641; x_wconf 81' lang='lat' dir='ltr'><strong>astronomis</strong></span> <span class='ocrx_word' id='word_1_484' title='bbox 274 4583 428 4654; x_wconf 81' lang='lat' dir='ltr'><strong>vulgaribus</strong></span> <span class='ocrx_word' id='word_1_485' title='bbox 446 4581 609 4650; x_wconf 83' lang='lat' dir='ltr'><strong>intelligere,</strong></span> <span class='ocrx_word' id='word_1_486' title='bbox 635 4580 706 4635; x_wconf 91' lang='lat' dir='ltr'><strong>uude</strong></span> <span class='ocrx_word' id='word_1_487' title='bbox 731 4598 784 4636; x_wconf 90' lang='lat' dir='ltr'><strong>uon</strong></span> <span class='ocrx_word' id='word_1_488' title='bbox 803 4578 971 4646; x_wconf 79' lang='lat' dir='ltr'><strong>sarmitum,</strong></span> <span class='ocrx_word' id='word_1_489' title='bbox 996 4576 1019 4630; x_wconf 91' lang='lat' dir='ltr'><strong>si</strong></span> <span class='ocrx_word' id='word_1_490' title='bbox 1037 4573 1192 4644; x_wconf 76' lang='lat' dir='ltr'><strong>ipsis&#39;desit</strong></span> <span class='ocrx_word' id='word_1_491' title='bbox 1208 4573 1363 4643; x_wconf 85' lang='lat' dir='ltr'><strong>hrq&#39;usmodi</strong></span> <span class='ocrx_word' id='word_1_492' title='bbox 1380 4591 1442 4630; x_wconf 92' lang='lat' dir='ltr'><strong>can·</strong></span> 
     </span>
    </p>
   </div>
   <div class='ocr_carea' id='block_1_8' title="bbox 97 4651 1531 4731">
    <p class='ocr_par' dir='ltr' id='par_1_8' title="bbox 97 4651 1531 4731">
     <span class='ocr_line' id='line_1_50' title="bbox 97 4651 1531 4731; baseline -0.006 -13"><span class='ocrx_word' id='word_1_493' title='bbox 97 4665 194 4719; x_wconf 81' lang='lat' dir='ltr'><strong>tilerias</strong></span> <span class='ocrx_word' id='word_1_494' title='bbox 212 4663 340 4718; x_wconf 84' lang='lat' dir='ltr'><strong>formales</strong></span> <span class='ocrx_word' id='word_1_495' title='bbox 359 4661 536 4731; x_wconf 90' lang='lat' dir='ltr'><strong>componendi</strong></span> <span class='ocrx_word' id='word_1_496' title='bbox 552 4657 680 4730; x_wconf 86' lang='lat' dir='ltr'><strong>facultas,</strong></span> <span class='ocrx_word' id='word_1_497' title='bbox 708 4659 809 4728; x_wconf 90' lang='lat' dir='ltr'><strong>quippe</strong></span> <span class='ocrx_word' id='word_1_498' title='bbox 827 4655 873 4725; x_wconf 92' lang='lat' dir='ltr'><strong>qui</strong></span> <span class='ocrx_word' id='word_1_499' title='bbox 891 4653 957 4710; x_wconf 86' lang='lat' dir='ltr'><strong>solis</strong></span> <span class='ocrx_word' id='word_1_500' title='bbox 975 4651 1146 4723; x_wconf 88' lang='lat' dir='ltr'><strong>opinionibus</strong></span> <span class='ocrx_word' id='word_1_501' title='bbox 1163 4654 1280 4724; x_wconf 89' lang='lat' dir='ltr'><strong>propriis</strong></span> <span class='ocrx_word' id='word_1_502' title='bbox 1297 4655 1442 4710; x_wconf 89' lang='lat' dir='ltr'><strong>innitentes</strong></span> <span class='ocrx_word' id='word_1_503' title='bbox 1528 4681 1531 4697; x_wconf 66' lang='grc' dir='ltr'>ι</span> 
     </span>
    </p>
   </div>
   <div class='ocr_carea' id='block_1_9' title="bbox 99 4735 1442 4896">
    <p class='ocr_par' dir='ltr' id='par_1_9' title="bbox 99 4735 1442 4896">
     <span class='ocr_line' id='line_1_51' title="bbox 99 4735 1442 4813; baseline -0.009 -14"><span class='ocrx_word' id='word_1_504' title='bbox 99 4745 188 4799; x_wconf 91' lang='lat' dir='ltr'><strong>omnis</strong></span> <span class='ocrx_word' id='word_1_505' title='bbox 205 4745 329 4813; x_wconf 89' lang='lat' dir='ltr'><strong>credunt,</strong></span> <span class='ocrx_word' id='word_1_506' title='bbox 347 4758 416 4812; x_wconf 88' lang='lat' dir='ltr'><strong>quus</strong></span> <span class='ocrx_word' id='word_1_507' title='bbox 435 4739 485 4797; x_wconf 87' lang='lat' dir='ltr'><strong>eibi</strong></span> <span class='ocrx_word' id='word_1_508' title='bbox 502 4738 627 4798; x_wconf 89' lang='lat' dir='ltr'><strong>ridentur</strong></span> <span class='ocrx_word' id='word_1_509' title='bbox 644 4741 671 4791; x_wconf 89' lang='lat' dir='ltr'><strong>ct</strong></span> <span class='ocrx_word' id='word_1_510' title='bbox 688 4754 743 4796; x_wconf 90' lang='lat' dir='ltr'><strong>non</strong></span> <span class='ocrx_word' id='word_1_511' title='bbox 761 4741 832 4804; x_wconf 88' lang='lat' dir='ltr'><strong>sunt,</strong></span> <span class='ocrx_word' id='word_1_512' title='bbox 851 4741 966 4803; x_wconf 89' lang='lat' dir='ltr'><strong>atquae</strong></span> <span class='ocrx_word' id='word_1_513' title='bbox 985 4737 1049 4786; x_wconf 90' lang='lat' dir='ltr'><strong>suut</strong></span> <span class='ocrx_word' id='word_1_514' title='bbox 1067 4739 1095 4788; x_wconf 90' lang='lat' dir='ltr'><strong>et</strong></span> <span class='ocrx_word' id='word_1_515' title='bbox 1112 4751 1165 4790; x_wconf 89' lang='lat' dir='ltr'><strong>non</strong></span> <span class='ocrx_word' id='word_1_516' title='bbox 1183 4735 1315 4806; x_wconf 88' lang='lat' dir='ltr'><strong>ridentur,</strong></span> <span class='ocrx_word' id='word_1_517' title='bbox 1333 4749 1367 4790; x_wconf 85' lang='lat' dir='ltr'><strong>aa</strong></span> <span class='ocrx_word' id='word_1_518' title='bbox 1383 4740 1442 4788; x_wconf 89' lang='lat' dir='ltr'><strong>tan-</strong></span> 
     </span>
     <span class='ocr_line' id='line_1_52' title="bbox 99 4807 1441 4896; baseline -0.01 -16"><span class='ocrx_word' id='word_1_519' title='bbox 99 4839 178 4894; x_wconf 84' lang='lat' dir='ltr'><strong>quam</strong></span> <span class='ocrx_word' id='word_1_520' title='bbox 196 4821 375 4894; x_wconf 85' lang='lat' dir='ltr'><strong>impossibilia</strong></span> <span class='ocrx_word' id='word_1_521' title='bbox 391 4819 544 4891; x_wconf 87' lang='lat' dir='ltr'><strong>repudiant,</strong></span> <span class='ocrx_word' id='word_1_522' title='bbox 564 4815 686 4874; x_wconf 75' lang='lat' dir='ltr'><strong>deridens</strong></span> <span class='ocrx_word' id='word_1_523' title='bbox 704 4823 732 4872; x_wconf 89' lang='lat' dir='ltr'><strong>et</strong></span> <span class='ocrx_word' id='word_1_524' title='bbox 748 4830 798 4884; x_wconf 89' lang='lat' dir='ltr'><strong>pro</strong></span> <span class='ocrx_word' id='word_1_525' title='bbox 816 4813 899 4870; x_wconf 88' lang='lat' dir='ltr'><strong>nihilo</strong></span> <span class='ocrx_word' id='word_1_526' title='bbox 917 4811 1044 4896; x_wconf 64' lang='lat' dir='ltr'><strong>habenta</strong></span> <span class='ocrx_word' id='word_1_527' title='bbox 1079 4807 1248 4890; x_wconf 85' lang='lat' dir='ltr'><strong>Asgerrims</strong></span> <span class='ocrx_word' id='word_1_528' title='bbox 1269 4811 1332 4887; x_wconf 90' lang='lat' dir='ltr'><strong>fert,</strong></span> <span class='ocrx_word' id='word_1_529' title='bbox 1363 4809 1441 4885; x_wconf 92' lang='lat' dir='ltr'><strong>quod</strong></span> 
     </span>
    </p>
   </div>
   <div class='ocr_carea' id='block_1_10' title="bbox 150 4919 1286 4983">
    <p class='ocr_par' dir='ltr' id='par_1_10' title="bbox 150 4919 1286 4983">
     <span class='ocr_line' id='line_1_53' title="bbox 150 4919 1286 4983; baseline 0.003 -11"><span class='ocrx_word' id='word_1_530' title='bbox 150 4931 245 4983; x_wconf 78' lang='lat' dir='ltr'><strong>Keplerf</strong></span> <span class='ocrx_word' id='word_1_531' title='bbox 259 4929 334 4981; x_wconf 76' lang='lat' dir='ltr'><strong>opera</strong></span> <span class='ocrx_word' id='word_1_532' title='bbox 346 4927 373 4970; x_wconf 81' lang='lat' dir='ltr'><strong>V.</strong></span> <span class='ocrx_word' id='word_1_533' title='bbox 1267 4919 1286 4975; x_wconf 66' lang='grc'><strong>’1</strong></span> 
     </span>
    </p>
   </div>
   <div class='ocr_carea' id='block_1_11' title="bbox 0 0 1749 5548">
    <p class='ocr_par' dir='ltr' id='par_1_11' title="bbox 0 0 1749 5548">
     <span class='ocr_line' id='line_1_54' title="bbox 0 0 1749 5548; baseline 0 0"><span class='ocrx_word' id='word_1_534' title='bbox 0 0 1749 5548; x_wconf 95' lang='lat' dir='ltr'><strong> </strong></span> 
     </span>
    </p>
   </div>
  </div>
 </body>
</html>
