3668 5526
341 311 404 372 464
799 297 964 376 Appendicia
981 304 1203 362 {daemonicorum

339 485 521 544 Microcosmi
545 483 661 556 scribis,
691 485 716 542 si
744 500 803 542 non
832 483 901 544 licat
921 487 1053 544 temtari
1073 493 1184 546 recreta
1211 494 1358 566 naturae,
1387 504 1444 546 nee
1474 489 1664 548 instrumerdo

337 576 520 646 cuicunque,
535 571 662 630 inbuere
693 573 833 648 raynerio
862 574 1005 631 momenti
1035 573 1180 649 alternus,
1210 591 1264 632 nec
1294 576 1471 634 auctoritaie
1502 578 1666 650 snpiernun

338 660 414 718 duee
436 658 473 718 ud
496 675 599 724 causas
623 675 715 718 rerum
737 660 814 716 riam
837 657 955 718 tendere
978 667 1144 736 propterea,
1178 664 1247 737 quia
1271 661 1311 718 illi
1340 665 1441 720 everi
1467 662 1522 720 Dei
1544 662 1666 721 revelata

341 748 506 822 cognitione
528 747 606 805 inere
629 744 798 821 longiores?
843 746 900 805 Cur
923 765 992 822 ergo
1015 755 1047 806 tu
1064 747 1283 823 Trismegistum
1307 751 1445 824 sequeris,
1468 752 1494 808 si
1516 750 1586 807 mihi
1602 749 1665 808 Pla·

253 841 255 846 '
337 837 414 894 tonis
440 832 586 892 interdicis
609 833 820 892 contubernio?
866 835 924 893 Cur
945 831 1146 895 Jamblichum
1175 837 1229 895 tibi
1251 837 1502 912 Porphyriumque
1525 837 1594 896 licet
1623 837 1664 894 al-

336 923 446 996 legare,
471 921 652 980 Christianae
675 920 821 980 doctrinae
846 920 953 995 hostes,
978 923 1048 982 mihi
1064 922 1200 982 Proclum
1222 931 1273 982 aut
1290 922 1485 983 Aristarchum
1508 923 1665 983 nonlicet?

340 1008 398 1068 Sed
422 1009 496 1066 euim
520 1024 623 1076 coecus
647 1025 702 1084 ego
724 1006 834 1085 palpito
858 1011 886 1066 in
908 1018 994 1068 vasto
1017 1011 1072 1068 hoc
1095 1011 1234 1069 orationis
1256 1019 1324 1070 tuae
1348 1009 1527 1083 coenaculo„
1550 1012 1671 1074 necubi

336 1106 366 1156 tc
388 1095 663 1168 obviumhabeam,
687 1095 795 1154 divino.
839 1095 971 1156 Tandem
994 1099 1122 1156 occurris
1150 1109 1179 1156 et
1200 1099 1277 1157 ieris.
1322 1097 1461 1172 Sapienti
1490 1101 1585 1174 inquis
1606 1115 1666 1157 non

332 1183 505 1254 mundano,
535 1182 585 1240 red
615 1183 794 1259 consenuere
821 1183 895 1244 datu
927 1192 967 1242 eet
997 1187 1126 1261 cognitio
1153 1193 1233 1245 certo
1263 1175 1458 1245 institutionis
1486 1185 1595 1244 mundi
1615 1193 1663 1244 ete.

334 1271 380 1328 Tu
403 1271 537 1329 nimirum
559 1269 739 1349 theosophus
759 1288 798 1344 es,
823 1270 874 1330 alii
896 1271 1096 1348 cosmosophi,
1124 1281 1156 1331 tu
1179 1275 1358 1348 quautitates
1381 1272 1542 1332 invisibiles
1567 1273 1663 1345 calles,

333 1366 364 1416 tu
389 1373 525 1416 numeros
549 1375 605 1417 non
632 1356 833 1430 numerandos,
857 1366 888 1418 tu
903 1358 1001 1418 Solem
1023 1359 1214 1436 spiritualem,
1237 1369 1267 1417 tu
1284 1357 1417 1437 planetas
1441 1357 1664 1437 circularium,

331 1445 395 1504 sola
417 1452 513 1506 mente
535 1445 708 1520 cernendos,
732 1463 787 1522 ego
809 1449 939 1521 spurios,
965 1454 1006 1506 tu.
1020 1463 1118 1507 veram
1140 1445 1327 1522 astrologiam
1350 1447 1446 1520 elicis,
1471 1463 1526 1522 ego
1549 1447 1663 1506 adulte·

331 1535 423 1591 riuam
446 1549 581 1606 exerceo,
605 1540 637 1592 tu
661 1551 730 1594 vcra
751 1535 852 1595 frueris
875 1537 972 1594 arrima
994 1535 1162 1594 harmoniae
1185 1533 1364 1606 mundanae,
1396 1551 1462 1593 maa
1485 1541 1529 1594 est
1551 1537 1662 1610 imagi-

328 1623 432 1694 naria,
457 1628 487 1679 tu
510 1619 664 1697 splendore
685 1623 850 1697 sapientiae
869 1624 1111 1696 praesentissimo
1126 1623 1327 1694 illuminaris,
1349 1621 1424 1680 mihi
1445 1625 1596 1696 capiciario
1610 1627 1664 1680 ieta

329 1715 370 1766 eet
391 1709 553 1784 incognita.
599 1705 739 1781 Omnino,
769 1708 912 1782 Roberte,
945 1709 1162 1769 conclusionum
1184 1717 1299 1768 tuarum
1329 1706 1456 1785 undique
1482 1716 1511 1768 et
1534 1708 1660 1786 undiqm

39 1791 922 1876 l·,¹mmmmmwmm
1025 1803 1030 1814 ‘

328 1937 336 1946 ,
418 1881 503 1941 lllam
524 1885 621 1958 potius
644 1884 781 1942 orationis
804 1892 871 1944 tuae
894 1893 1020 1960 partem,
1054 1902 1130 1960 quae
1153 1881 1257 1944 laudas
1280 1883 1409 1943 continet
1434 1884 1596 1960 sapientiae
1619 1879 1662 1939 di-

332 1971 425 2044 vinac,
449 1968 661 2030 consideremus
684 1970 797 2030 devotis
820 1973 924 2033 animis
948 1979 978 2032 ct
999 1972 1036 2030 ab
1060 1972 1111 2031 illa
1132 1988 1281 2049 speremus
1305 1969 1471 2043 illuminari,
1495 1971 1662 2029 etiamtum

329 2056 475 2116 naturalia
496 2059 646 2131 rimamur,
676 2058 755 2134 quod
781 2075 836 2118 nos
864 2069 946 2119 tanto
967 2061 1088 2137 propius
1117 2074 1321 2135 assequemur,
1356 2065 1465 2133 quanto
1495 2059 1663 2116 remotiores

329 2147 463 2220 utrinque
493 2146 531 2204 ab
559 2145 753 2206 aemulatione
783 2147 930 2206 lucrinus.
976 2147 1051 2206 Illud
1074 2147 1170 2208 solum
1196 2148 1387 2205 te‘monitum
1410 2145 1493 2217 volo,
1525 2147 1550 2203 si
1573 2147 1664 2221 prima

328 2233 376 2313 (ex
398 2233 513 2309 analysi
539 2229 600 2312 12.)
631 2233 739 2293 ultimis
771 2250 952 2309 comparem,
987 2234 1077 2292 videri
1109 2234 1180 2292 mihi
1212 2233 1286 2292 hanc
1311 2234 1487 2310 ¹sapientiam
1517 2249 1535 2290 a
1567 2245 1595 2292 te
1624 2233 1664 2291 sic

212 2359 215 2365 ·
328 2320 477 2380 confusam
510 2337 575 2380 cum
604 2322 756 2393 mentoris,
788 2331 820 2380 nt
842 2325 986 2396 nesciam,
1016 2321 1134 2397 quaudo
1164 2329 1292 2383 creatam
1318 2318 1536 2398 subintelligere
1562 2319 1664 2395 jubeat

261 2450 265 2460 .
326 2410 512 2485 sapientiam,
535 2408 651 2484 quando
674 2409 847 2468 creatricem.

413 2495 485 2554 Sine
506 2499 616 2571 spiritu
638 2496 697 2556 Dei
725 2503 813 2556 tento
839 2503 972 2556 naturae
993 2503 1103 2554 secreto
1126 2513 1277 2570 opusque
1301 2494 1360 2554 Dei
1389 2493 1579 2552 admirando
1599 2511 1663 2569 epe-

325 2584 424 2641 eulnri
452 2587 577 2642 insanin
606 2592 647 2643 eet
667 2585 820 2657 mommo,
852 2579 967 2644 fateor.=
997 2586 1038 2640 At
1064 2585 1128 2642 sive
1156 2592 1187 2641 tu
1217 2581 1252 2642 de
1276 2585 1465 2642 conversione
1495 2583 1601 2639 mentis
1628 2580 1662 2640 ad

326 2671 421 2740 Deum
448 2669 590 2746 loquaris,
624 2671 722 2732 desine
753 2687 865 2748 quaeso
892 2669 1075 2749 profanitatis
1099 2669 1291 2729 condemnare
1319 2679 1462 2728 secretum
1490 2684 1604 2742 meum,
1635 2669 1662 2724 in

326 2756 406 2832 quod
435 2758 516 2818 eolus
540 2759 620 2818 Deus
648 2760 781 2837 inspicit,
810 2759 873 2818 sive
905 2758 941 2817 dc
970 2755 1138 2834 impletione
1160 2759 1266 2816 mentis
1297 2756 1437 2815 adivino
1461 2759 1597 2815 numine:
1629 2773 1662 2814 ex

326 2845 430 2904 edoctu
454 2861 571 2904 cansam
600 2856 717 2905 carrecto
738 2856 785 2919 et,
816 2849 845 2905 si·
873 2864 942 2906 vera
965 2845 1000 2905 de
1023 2846 1159 2922 operibns
1182 2843 1237 2902 Dei
1262 2845 1375 2920 protero
1409 2845 1485 2902 circa
1506 2844 1663 2902 stellarum

323 2934 482 3008 pontiones
503 2939 531 2991 ei
552 2941 689 2992 motuum
711 2937 858 3007 rationes,
889 2949 1014 3009 agnosco
1036 2941 1120 3008 grato
1144 2934 1241 2992 animo
1265 2931 1386 3006 digitum
1410 2931 1484 3004 Dei,
1515 2947 1570 2990 nec
1593 2929 1661 2988 mihi

322 3019 380 3076 hoc
403 3021 592 3094 imputaretis
614 3023 781 3096 impietatis,
805 3020 883 3096 quod
906 3020 1055 3081 oraculum
1070 3018 1204 3082 damnem
1220 3020 1422 3095 apostolicum,
1446 3035 1534 3077 omne
1548 3018 1660 3078 donum

320 3107 486 3182 perfeetum
520 3107 646 3184 desuper
676 3126 697 3168 a
726 3117 814 3186 patre
845 3109 1019 3180 luminum,¹
1050 3110 1095 3166 sin
1123 3107 1231 3174 alicubi
1263 3107 1397 3165 salsitatis
1426 3123 1493 3165 mea
1523 3105 1661 3182 dogmata

225 3186 227 3194 ’
322 3209 480 3268 coarguere
503 3203 595 3270 potes,
619 3195 648 3254 id
671 3198 765 3272 ipsum
788 3213 843 3274 age
866 3196 985 3256 honoris
998 3195 1090 3255 divini
1112 3193 1209 3253 studio
1229 3202 1325 3253 mente
1342 3191 1508 3269 tranquilla,
1531 3195 1661 3270 seposito

322 3282 515 3340 contentionis
538 3291 631 3342 aestu.

359 3383 364 3390 ·
407 3368 635 3444 Intelligereme
655 3369 830 3438 divinorum
851 3387 976 3447 operum
991 3375 1136 3428 omniurn
1149 3368 1362 3428 harmonicum
1385 3367 1515 3442 eumque
1537 3365 1661 3427 demon·

318 3462 426 3514 strasse
444 3460 606 3533 principiis
626 3461 809 3534 peornetrieir
829 3458 920 3534 culpo
941 3461 982 3516 aie
1004 3457 1095 3530 dietis,
1120 3457 1173 3515 etsi
1200 3473 1257 3516 non
1278 3456 1368 3531 jacto,
1392 3463 1425 3512 ιιι
1440 3472 1485 3512 me
1509 3463 1658 3527 ostentam,

320 3551 349 3601 ts
376 3539 550 3620 deprimam,
574 3544 754 3606 dissimulare
777 3554 873 3604 tamen
897 3561 954 3603 non
978 3543 1081 3615 debui,
1112 3560 1148 3602 ne
1171 3545 1199 3600 in
1223 3543 1319 3604 Deum
1343 3543 1490 3618 ingratus,
1512 3543 1542 3598 in
1566 3541 1661 3601 hono·

318 3647 378 3688 rem
406 3631 470 3706 ejus
501 3631 639 3707 iniurius,
669 3635 698 3691 iu
721 3633 843 3694 lectores
865 3633 1041 3709 (proximum
1072 3631 1183 3705 meum)
1205 3630 1383 3689 inofficiosus
1414 3647 1565 3704 coarguat.
1613 3629 1655 3701 Si,

317 3725 353 3775 ut
381 3720 604 3779 incentionibus
633 3723 705 3778 meir
728 3723 839 3798 sanun
866 3719 1095 3796 epiendidr'orem
1122 3719 1288 3792 conciliem,
1319 3720 1517 3791 antiquorum
1548 3720 1659 3792 scripto

317 3805 444 3878 damno,
476 3805 581 3866 damrro
612 3809 673 3885 ipse
706 3825 751 3868 rae
782 3810 890 3885 ipsum,
921 3796 968 3866 sin
1000 3809 1108 3864 veritas
1136 3813 1166 3864 et
1194 3806 1332 3865 creatoris
1354 3805 1446 3864 honor
1475 3806 1572 3880 potior
1596 3821 1658 3863 esse

318 3892 406 3952 debet
428 3892 538 3954 honore
563 3901 706 3968 veterum,
730 3911 814 3953 nemo
837 3910 873 3952 cx
896 3910 964 3952 vere
988 3901 1017 3953 et
1038 3895 1167 3969 legitime
1190 3891 1465 3970 philosophantibus
1492 3892 1530 3950 ab
1554 3891 1658 3968 hujus·

317 3978 396 4038 modi
420 3979 571 4040 calumniis
594 3988 674 4040 tutus
697 3984 749 4041 crit
764 3997 900 4056 uuquam.
939 3979 1035 4056 Quare
1050 3989 1081 4042 ιιι
1108 3981 1203 4038 missis
1220 3979 1478 4038 obtrectationibus
1501 3997 1590 4060 perge
1604 3994 1658 4054 po·

317 4071 376 4128 tius
392 4084 495 4127 aureas
512 4067 620 4128 dictare
637 4070 802 4141 sententias,
827 4075 859 4131 ut
874 4067 1048 4145 applausore
1063 4087 1109 4128 me
1132 4070 1228 4144 potius
1245 4076 1336 4135 utare,
1360 4084 1448 4143 quam
1464 4067 1655 4125 confutatorc.

404 4154 455 4214 list
478 4156 558 4214 Deus
577 4158 706 4230 propior·
726 4155 822 4228 tuliis,
845 4172 909 4215 non
930 4156 1094 4232 impeditur·
1115 4174 1136 4215 a
1157 4155 1261 4228 ruitis,
1285 4173 1352 4214 cum
1374 4146 1438 4213 uult¹
1458 4155 1577 4229 punire,
1600 4169 1656 4212 non

318 4239 428 4316 indiget
455 4243 695 4314 radiationibus,
725 4259 789 4302 cum
819 4243 1004 4317 benefacere,
1034 4261 1119 4302 coeco
1148 4250 1190 4302 eet
1218 4244 1281 4300 nne
1303 4245 1368 4315 ejus
1388 4245 1563 4318 praesentio
1593 4257 1656 4299 cunr

317 4337 422 4394 natura
442 4331 519 4407 ipsa,
542 4339 604 4390 turn
627 4329 690 4404 ejus
713 4333 812 4403 simia,
842 4333 922 4390 coeci
945 4331 1007 4389 sine
1030 4329 1086 4390 hac
1108 4331 1261 4406 scriptores
1285 4339 1343 4388 tarn
1366 4326 1538 4400 Harmetioi,
1568 4344 1655 4404 qrrnm

272 4426 274 4435 ·
315 4414 521 4478 mathematici.
566 4417 668 4494 Neque
692 4423 786 4486 tamen
810 4435 846 4478 ex
869 4418 915 4477 his
938 4419 1071 4478 omnibus
1093 4419 1234 4492 sequitur,
1259 4417 1393 4477 inutilem
1416 4434 1434 4476 a
1457 4433 1502 4474 me
1526 4413 1655 4474 colloca·

314 4505 375 4558 tarn
398 4517 461 4562 csse
484 4521 602 4581 operam
633 4507 660 4562 in
683 4505 845 4583 supplenda
866 4504 998 4564 doctrina
1030 4503 1257 4579 meteorologica
1280 4503 1463 4576 Aristotelis,
1498 4505 1526 4560 in
1548 4519 1654 4578 perve-

313 4587 456 4660 stigandia
486 4594 581 4651 causis
612 4596 837 4653 commotionum
868 4593 1063 4668 naturalibrrs;
1096 4609 1154 4650 non
1187 4591 1254 4652 ideo
1282 4591 1365 4652 nulla
1396 4599 1441 4650 est
1473 4589 1519 4649 vel
1553 4588 1651 4647 mnndi

315 4674 404 4732 totius
435 4675 482 4733 vel
510 4685 631 4740 naturae
659 4681 823 4741 sublunaris
851 4681 963 4754 anima,
995 4698 1052 4740 non
1084 4679 1150 4738 ideo
1177 4685 1297 4740 evanuit
1328 4697 1386 4739 vox
1417 4677 1473 4738 Dei
1506 4679 1651 4748 creatoris,

315 4769 380 4816 curn
402 4759 475 4820 dixit
498 4767 665 4841 ,producat
694 4770 806 4828 conob
853 4765 950 4844 Quare
981 4770 1057 4830 male
1080 4776 1112 4826 ιιι
1135 4768 1287 4828 mneludie
1315 4767 1369 4829 hoc
1397 4783 1484 4829 ame
1508 4771 1651 4826 assertum
