3698 5534
290 379 352 439 sit
453 337 455 348 .
673 380 714 435 De
732 377 853 435 Metrias
870 378 1045 434 Pirustarum
1060 374 1238 432 fflmonicis.
1329 413 1330 416 κ

264 540 267 546 ’
289 549 385 617 Itaque
402 550 490 611 laetor
506 554 570 621 post
586 549 696 616 lineam,
715 565 784 623 quse
802 551 901 609 desinit
917 551 956 608 sic
974 551 1065 621 mim,
1083 547 1220 606 adscriim
1235 548 1299 605 ista:
1325 565 1415 618 aqua
1431 549 1455 606 si
1473 550 1580 606 calens
1596 550 1630 621 Ἰ,

180 649 183 658 ’
253 653 260 664 -
287 639 336 680 sen
353 627 426 697 ”ior
453 636 539 684 restat
562 629 631 699 'ian
661 630 790 686 &minuta
808 639 887 687 sexta
903 631 999 698 mollis,
1017 644 1087 700 quae
1106 637 1149 686 ost
1166 630 1236 684 inter
1251 631 1285 700 dy
1300 631 1341 685 vel
1359 647 1389 687 ce
1408 622 1451 682 vel
1468 645 1502 686 cc
1519 637 1631 686 octavae

286 705 368 840 poppa
387 706 522 777 ampliora.
547 709 586 764 nt
601 709 630 764 n
647 709 770 779 satjau
786 712 888 768 aesna
905 712 1018 783 pomam
1035 711 1132 766 unam
1151 717 1284 779 occupent
1300 710 1365 766 rsa:
1390 709 1443 764 rto
1462 691 1495 780 u,
1513 713 1556 764 aa
1573 708 1632 779 ¹²1„

339 800 422 843 mens.

373 873 416 927 Ex
436 873 533 943 quibus
550 881 637 945 patet,
664 875 691 930 in
713 883 860 946 systemate
878 876 996 934 ιιιιιιιιΙί
1015 875 1117 933 clavem
1133 875 1320 946 fgenninam,
1339 878 1371 928 nt
1387 873 1435 928 iila
1452 879 1494 930 cst
1511 889 1545 930 cx
1563 876 1631 931 meis

172 980 177 993 ·
286 951 424 1023 principiis
442 953 572 1016 ordinata,
591 970 652 1011 cum
670 956 689 1012 d
706 955 780 1010 clave
799 957 965 1012 constituere
983 963 1087 1011 sextam
1105 954 1212 1010 mollem
1231 951 1401 1008 deficientem
1428 965 1476 1008 seu
1503 953 1632 1010 adalwi-

286 1045 355 1085 nem.
393 1031 459 1086 (lum
484 1032 565 1101 igitur
591 1032 661 1088 inter
687 1033 846 1102 perihelinm
864 1035 940 1091 Jovis
966 1035 994 1089 in
1021 1034 1089 1088 clavi
1115 1032 1234 1104 genuina
1260 1032 1279 1087 ri
1304 1031 1481 1086 constitutum
1508 1040 1535 1086 et
1561 1034 1632 1088 inter

286 1107 422 1177 spinolium
438 1110 535 1165 Martis
554 1110 590 1166 sit
615 1110 737 1180 perfecta
755 1118 833 1166 sexta
850 1111 938 1168 mollis
957 1128 1039 1182 snpra
1056 1111 1247 1180 disdiapason,
1268 1125 1322 1164 non
1339 1123 1402 1166 vero
1421 1108 1565 1174 deficiens,
1583 1126 1633 1180 per

286 1200 362 1256 prop.
382 1187 423 1255 13,
442 1189 564 1258 seqnitur
580 1189 696 1244 Martem
723 1189 831 1259 aphelio
849 1199 924 1246 motu
951 1191 1057 1260 signare
1084 1189 1187 1254 locum,
1214 1188 1260 1258 qui
1277 1187 1313 1244 sit
1330 1204 1384 1243 uno
1402 1195 1534 1244 commate
1551 1189 1633 1246 altior

286 1260 361 1317 clare
379 1265 495 1332 gannim
510 1267 537 1336 ἡ
554 1267 646 1336 itaque
663 1284 718 1322 non
737 1269 789 1324 nisi
804 1267 1015 1339 fadnltsrinnm
1033 1266 1166 1323 obtinebit
1183 1282 1270 1336 eoque
1287 1283 1342 1321 non
1360 1264 1449 1336 plane,
1468 1267 1518 1324 sed
1534 1264 1632 1324 saitem

286 1340 481 1409 quadamtenus
504 1343 532 1399 in
559 1345 630 1400 hanc
659 1345 760 1401 sedam
786 1347 927 1403 consentit.
980 1345 1207 1402 concordantiam
1243 1341 1313 1401 vero'
1336 1345 1515 1424 universalem
1542 1363 1632 1418 neque

285 1435 382 1486 puram
399 1437 488 1491 neque
505 1422 858 1494 adulterinamingreditur.
894 1427 963 1482 Nam
981 1424 1093 1481 Veneris
1111 1422 1258 1495 periheiius
1276 1423 1381 1479 obtinet
1392 1423 1481 1480 locum
1500 1441 1514 1480 c
1530 1426 1631 1482 tensio·

285 1497 327 1552 nis
344 1497 434 1568 hujus.
453 1502 577 1557 Atiinter
595 1505 644 1573 ιη’
655 1511 698 1558 est
715 1503 890 1575 dissonantia,
909 1505 944 1558 ob
962 1503 1135 1559 vicimtatem.
1161 1503 1291 1558 Dissonat
1308 1503 1390 1572 igitur
1407 1505 1482 1560 Mars
1500 1504 1534 1560 ab
1552 1506 1633 1562 unius

285 1573 471 1645 planetarum.
498 1597 535 1636 sc.
554 1599 571 1638 a
589 1583 700 1638 Veneris
717 1583 857 1652 perihelio.
892 1583 946 1640 Sed
964 1591 992 1638 et
1010 1600 1027 1640 a
1044 1583 1142 1639 ceteris
1160 1583 1275 1638 Veneris
1293 1584 1411 1640 motibus
1429 1584 1564 1654 dissonat,
1591 1599 1633 1640 re·

285 1652 429 1710 mittuntur
446 1673 472 1711 n.
491 1659 511 1712 ii
529 1675 582 1715 uno
601 1669 734 1716 commate
752 1661 855 1722 minus.
871 1677 952 1731 quam
970 1677 1019 1732 per
1036 1677 1117 1717 unam
1133 1661 1233 1716 diesin:
1260 1676 1344 1729 quare
1361 1677 1421 1716 cnm
1439 1661 1510 1718 inter
1526 1663 1632 1732 perihe-

285 1729 351 1786 lium
369 1733 481 1792 Veneris
499 1746 527 1795 et
544 1740 681 1808 aphelium
699 1741 795 1796 Martis
814 1741 850 1799 sit
867 1741 1038 1797 semitonium
1056 1747 1084 1794 et
1102 1752 1218 1803 comma,
1237 1739 1308 1794 inter
1325 1739 1409 1809 igitur
1425 1739 1562 1810 aphelium
1581 1742 1632 1796 Vs·

286 1810 358 1864 neris
377 1819 404 1868 et
421 1815 557 1884 aphelium
569 1817 665 1872 Martis
684 1817 736 1874 erit
753 1819 924 1875 semitonium
942 1824 970 1876 et
982 1818 1063 1874 diesis
1076 1816 1264 1886 (dissimulatis
1277 1819 1401 1887 octaris),
1420 1819 1474 1875 hoc
1491 1827 1535 1874 eat
1551 1827 1632 1876 tonus

285 1889 386 1960 minor,
406 1894 478 1962 quod
497 1896 585 1952 adhuc
603 1897 741 1953 dissonum
760 1897 993 1953 estintervallum.
1013 1899 1129 1951 Tantum
1147 1903 1237 1951 autem
1255 1897 1283 1952 in
1298 1897 1388 1952 mollis
1408 1898 1514 1967 genens
1532 1898 1631 1952 aculem

285 1966 409 2035 aphelins
426 1973 521 2030 Martis
540 1975 687 2040 consentit,
711 1991 766 2030 non
783 1975 865 2030 etiam
890 1975 919 2031 in
937 1974 1005 2030 duri.
1041 1975 1112 2030 Nam
1138 1974 1344 2045 cumaphelius
1363 1975 1475 2030 Veneris
1493 1977 1631 2044 conspiret

285 2043 312 2097 in
331 2062 345 2101 e
362 2051 466 2114 generis
485 2053 553 2118 duri,
570 2053 668 2108 Martis
685 2067 749 2108 vero
767 2053 889 2122 apheiius
916 2052 1101 2122 (dissimulatis
1119 2054 1231 2121 octaris)
1250 2053 1286 2107 sit
1304 2053 1394 2108 iactus
1419 2053 1500 2110 altior
1518 2071 1631 2126 quame

285 2127 350 2178 tono
368 2127 483 2190 minore.
509 2133 662 2188 necessario
687 2133 769 2202 igitur
787 2132 911 2202 apheiins
926 2132 1024 2190 Martis
1049 2132 1079 2186 in
1097 2131 1149 2188 hac
1174 2134 1300 2189 tensione
1317 2131 1422 2189 medius
1439 2133 1511 2189 inter
1526 2135 1542 2202 ί
1557 2140 1584 2188 et
1600 2135 1629 2202 sp

286 2200 408 2275 caderet,
437 2207 538 2265 iaciens
557 2228 618 2266 oum
633 2229 652 2282 p
670 2213 764 2282 (quem
782 2213 809 2266 in
827 2211 879 2268 hac
896 2213 1020 2267 tensione
1038 2219 1155 2281 occupat
1172 2210 1297 2281 aphelius
1314 2211 1444 2282 Telluris)
1461 2212 1632 2268 intervallum

284 2277 339 2349 “ia
359 2283 439 2353 plene
456 2287 654 2346 inconcinnum.
672 2295 766 2347 tonum
784 2307 822 2346 sc.
842 2292 977 2361 majorem,
995 2291 1040 2346 oni
1058 2290 1166 2346 ademta
1183 2291 1219 2345 sit
1237 2289 1327 2346 diesis.

372 2381 476 2438 Eodem
493 2385 573 2440 modo
591 2386 765 2455 probabitur,
792 2372 890 2443 Martis
916 2387 1053 2459 aphelium
1078 2386 1159 2442 etiam
1183 2401 1200 2440 a
1217 2385 1334 2441 Telluris
1351 2385 1472 2442 motibus
1490 2384 1629 2441 dissidere.

284 2453 354 2512 Nam
372 2461 435 2529 quia
453 2479 514 2530 ,cnm
532 2465 663 2536 perihelio
682 2466 795 2522 Veneris
822 2467 992 2522 semitonium
1011 2473 1039 2521 et
1056 2481 1160 2520 comma
1176 2465 1254 2535 iacit,
1281 2481 1332 2536 per
1348 2465 1433 2534 dicta,
1456 2465 1483 2520 id
1502 2473 1545 2520 est
1564 2466 1630 2537 ¹⁴15,

284 2535 333 2591 ssd
358 2539 482 2607 perihelii
505 2542 606 2598 Terrae
632 2551 660 2599 et
676 2544 790 2598 Veneris
819 2543 922 2598 iaciunt
948 2551 1053 2600 sextam
1076 2545 1184 2600 mollem
1210 2545 1243 2611 ‘ia
1261 2560 1310 2599 seu
1332 2544 1386 2614 ΙιΙ24
1411 2560 1461 2614 per
1488 2561 1565 2614 prop.
1584 2546 1630 2600 2⁷:

285 2613 381 2671 Martis
398 2605 481 2686 igitur
498 2621 621 2691 aphelius
640 2637 701 2677 cum
718 2622 849 2692 perihelio
862 2621 1109 2693 Tellurisiadditis
1127 2622 1166 2677 illi
1185 2623 1301 2692 octavis)
1327 2623 1409 2678 faciet
1430 2622 1483 2692 ¹⁴12,
1502 2639 1550 2679 seu
1573 2623 1630 2692 Ἰὼ

284 2691 472 2752 inconcinnum
490 2700 675 2772 intervallum,
702 2699 801 2756 nedum
819 2702 1016 2772 harmonicum,
1044 2707 1074 2757 nt
1091 2707 1119 2758 et
1139 2703 1183 2773 ²!,.
1219 2704 1272 2759 Est
1294 2719 1320 2757 ιι.
1338 2703 1476 2758 dissonum
1494 2709 1523 2757 et
1539 2704 1629 2759 incon-

285 2770 846 2848 cinnumquicquidestrnter¹³140t⁸ias
875 2786 905 2836 ut
929 2780 973 2835 hic
991 2782 1031 2848 ⁶!,.
1068 2781 1121 2836 Sed
1146 2797 1198 2838 nec
1220 2780 1292 2837 ullus
1317 2781 1387 2836 alius
1406 2781 1522 2836 Telluris
1541 2789 1630 2838 motus

285 2853 449 2910 concordare
467 2863 559 2926 potest
576 2873 637 2913 cum
655 2857 763 2927 aphelio
780 2858 886 2915 Martis.
921 2859 991 2914 liam
1009 2875 1090 2930 supra
1104 2859 1212 2929 dictum,
1231 2860 1304 2930 qnod
1321 2861 1345 2916 is
1363 2875 1424 2914 cum
1443 2859 1551 2929 aphelio
1569 2857 1630 2914 Tei·

270 2928 351 2985 luris
369 2931 451 2989 iaciat
471 2935 524 3004 ”ia
544 2936 732 2992 acarnanum
751 2938 939 3008 (dissimulatis
966 2939 1096 3007 octavis):
1120 2939 1178 3007 Jam
1196 2953 1259 2994 vero
1277 2954 1294 2993 a
1311 2941 1342 3006 ⁶1,
1363 2938 1404 2992 vel
1424 2937 1479 3006 ²⁴1„
1498 2939 1629 3008 usquein

286 3007 342 3077 ²³l„
369 3013 458 3068 omnia
485 3023 549 3070 sunt
566 3017 671 3071 minora
687 3016 797 3071 minime
814 3015 954 3073 intemailo
972 3016 1134 3072 harmonico.
1614 3040 1620 3052 ·

372 3120 615 3185 Corollarinm
638 3124 750 3185 XLIV.
795 3124 882 3184 Patet
904 3127 992 3200 igitur
1014 3142 1048 3184 er
1069 3124 1127 3184 hac
1149 3141 1232 3204 prop.
1248 3125 1298 3184 43.
1322 3122 1359 3184 de
1372 3122 1452 3185 Jove
1474 3132 1504 3186 et
1525 3123 1629 3203 llario,

286 3212 316 3265 et
338 3224 373 3267 ax
396 3210 445 3271 39.
468 3211 504 3270 de
523 3213 653 3271 Saturno
677 3223 706 3272 et
727 3211 820 3286 Jove,
851 3219 880 3272 et
901 3229 937 3271 ex
961 3213 1009 3273 36.
1033 3212 1068 3272 de
1091 3210 1170 3272 Jove
1193 3220 1223 3272 et
1244 3211 1378 3284 Tellure,
1408 3219 1438 3272 et
1460 3229 1495 3273 ex
1519 3215 1570 3272 33.
1594 3213 1630 3274 de

286 3293 428 3369 Saturno,
451 3314 502 3356 cnr
524 3317 614 3377 supra
635 3314 699 3376 cap.
718 3300 745 3358 5.
761 3300 944 3377 planetarum
958 3308 1055 3359 motus
1070 3308 1214 3360 oxuemos
1238 3315 1333 3375 noque
1354 3315 1456 3359 ornnes
1479 3299 1517 3359 ad
1539 3317 1629 3360 unum

286 3390 416 3458 systema
438 3385 570 3447 naturale
592 3403 645 3447 seu
667 3386 777 3447 scalam
792 3389 934 3447 musicam
955 3387 1163 3463 perfectissime
1179 3386 1414 3448 accommodatos
1427 3404 1502 3466 asse,
1524 3405 1628 3465 neque,

287 3471 336 3544 qui
360 3468 399 3529 ad
421 3481 550 3550 systema
571 3476 712 3534 tensionis
735 3474 866 3550 ejusdem
889 3473 1102 3535 accommodati
1126 3483 1216 3547 erant,
1252 3491 1352 3533 omnes
1374 3472 1440 3534 illos
1462 3473 1529 3534 loca
1551 3474 1628 3534 illius

286 3557 410 3617 naturali
433 3561 545 3620 ratione
575 3559 710 3622 divisisse
739 3581 791 3622 seu
820 3565 1033 3622 successionem
1067 3562 1273 3622 concinnerum
1302 3559 1522 3622 intervallorum
1551 3579 1628 3622 merc

286 3645 448 3706 naturalem
471 3647 600 3728 eiecisse
623 3649 903 3728 deprehensumsit.
949 3649 1025 3711 Nam
1052 3651 1162 3727 priores
1184 3656 1253 3708 sunt
1281 3665 1403 3722 musac,
1436 3650 1543 3724 quitus
1566 3653 1629 3708 sin·

267 3731 348 3808 ‘guli
370 3733 508 3809 planetae
529 3738 660 3813 singulas
683 3744 752 3796 sunt
774 3739 851 3797 nacti
873 3737 1056 3810 harmonias,
1090 3737 1196 3812 quibus
1218 3743 1247 3796 et
1270 3751 1370 3797 omnes
1400 3735 1537 3815 planetae
1560 3737 1629 3796 har·

285 3823 399 3879 monias
422 3823 610 3897 universales,
634 3825 741 3900 quibus
763 3823 887 3901 denique
910 3835 940 3884 et
963 3822 1131 3884 harmoniae
1154 3823 1333 3883 universales
1356 3821 1414 3882 duo
1437 3840 1553 3900 genera,
1577 3824 1629 3884 du-

248 3955 254 3973 .
286 3924 350 3967 rum
375 3915 404 3967 et
425 3909 529 3968 molle:
553 3914 659 3987 quibus
682 3913 795 3989 positis,
814 3912 877 3988 jam
891 3911 1047 3988 impeditur
1061 3910 1228 3971 omnimoda
1241 3899 1471 3974 accommodatio
1487 3911 1525 3970 ad
1541 3928 1629 3971 unum

286 3996 419 4056 naturale
441 4005 578 4074 systema.
625 3997 736 4073 Quodsi
758 3997 827 4058 illae
851 4015 957 4058 causae
973 4015 1031 4057 non
1047 4000 1274 4077 praecessissent
1295 3999 1476 4071 necessario,
1508 3997 1628 4058 dubium

289 4082 399 4142 nullum
423 4093 483 4156 est,
516 4087 585 4161 quin
609 4085 656 4144 vel
679 4101 769 4144 unum
791 4093 921 4163 systema
945 4103 1063 4162 unaque
1093 4085 1157 4161 ejus
1179 4087 1274 4145 tensio
1297 4084 1479 4162 planetarum
1501 4088 1629 4145 omnium

286 4177 382 4230 motus
405 4179 548 4232 exuemus
571 4173 754 4248 complexum
776 4180 869 4249 esset;
903 4171 949 4232 vel
972 4175 997 4230 si
1027 4173 1141 4233 duobus
1173 4173 1381 4250 systematibus
1405 4189 1478 4249 opus
1501 4173 1555 4233 init
1578 4191 1629 4250 pro

236 4244 245 4260 ’
288 4255 402 4317 dnobus
425 4267 526 4320 cautim
549 4259 723 4336 generibus,
759 4259 830 4318 duro
854 4268 882 4319 et
904 4256 1001 4335 molli,
1036 4277 1094 4319 non
1118 4262 1146 4318 in
1170 4259 1262 4320 altera
1285 4265 1397 4318 tantum
1418 4263 1534 4337 generis
1557 4259 1629 4334 duri,

287 4345 339 4404 sed
363 4349 450 4406 etiam
473 4349 501 4403 io
524 4347 637 4424 reliqua
667 4348 780 4422 generis
809 4347 906 4406 mollis
935 4349 1096 4424 ipsissimus
1125 4347 1195 4407 ordo
1224 4346 1321 4406 scalae
1354 4346 1496 4406 naturalis
1529 4349 1630 4408 luisset

239 4495 243 4504 ,
289 4449 448 4509 expressus.
493 4433 595 4494 Habes
621 4436 709 4512 igitur
736 4433 785 4493 hic
815 4435 892 4495 dicto
915 4452 978 4512 cap.
1004 4435 1033 4495 5.
1057 4438 1213 4514 promissas
1244 4451 1347 4494 cauam
1372 4433 1559 4494 dissidiorum
1580 4451 1631 4514 per

287 4516 416 4594 minima,
440 4528 469 4580 et
490 4523 624 4582 omnibus
647 4512 935 4599 quidemconoin'nis
958 4523 1079 4582 minora.

375 4641 590 4722 Propositio
611 4645 708 4706 XLV.
753 4645 800 4706 Ad
830 4662 1011 4706 communem
1042 4645 1183 4724 majoram
1205 4643 1327 4706 Veneris
1353 4651 1383 4703 et
1404 4639 1542 4704 Mercurii
1569 4642 1631 4704 dis·

292 4728 449 4806 diapason,
477 4749 531 4792 nec
560 4751 620 4794 non
649 4734 685 4794 ad
710 4733 845 4794 Mercurii
878 4736 966 4794 etiarn
993 4736 1155 4810 propriam,
1185 4747 1275 4807 supra
1301 4731 1446 4807 prioribus
1468 4732 1630 4791 rationibus

291 4833 375 4896 prop.
402 4821 439 4876 ie
463 4825 493 4878 et
517 4821 565 4879 it.
587 4819 750 4896 stabilitas,
780 4820 919 4882 accedere
948 4821 1080 4896 oportuit
1110 4816 1297 4880 intervallum
1324 4817 1447 4896 munds
1476 4817 1630 4880 inisnailo
