3732 5528
311 315 373 374 tas
506 265 518 282 Ι
779 307 944 377 appendicis
961 306 1183 362 Harmonicorum
1246 287 1250 298 ’

309 491 397 549 aiom
427 491 614 561 invenimus,
644 486 696 546 sed
717 493 938 562 comparantur
958 487 1083 565 liparae.
1127 488 1192 548 Non
1214 495 1286 565 puto
1309 505 1354 548 me
1379 487 1524 548 iacturum
1547 505 1655 566 operae

309 577 448 654 pretium,
481 577 506 634 si
534 581 562 633 te
586 574 721 634 adhortor
748 572 786 633 ad
809 572 963 650 legendum
992 575 1097 634 librum
1122 576 1305 653 diligentius,
1338 578 1496 636 nonenim
1527 579 1655 655 parebis,

312 663 408 723 solum
429 663 567 722 lectorem
589 679 709 722 moneo:
732 679 789 721 nou
813 660 885 737 legit
907 661 1068 735 Robertus,
1088 681 1145 723 non
1170 666 1336 742 pensitavit,
1360 671 1412 722 aut
1434 666 1459 722 si
1481 667 1651 741 pensitavit,

310 750 385 809 ludit
408 767 477 826 ergo
501 757 551 809 aut
574 750 736 808 cavillatur.
781 749 814 806 In
838 751 1027 826 praeambulo
1056 745 1152 810 in'dlco
1183 769 1284 811 causas
1306 752 1523 811 harmoniarum
1549 759 1655 830 peten-

311 827 363 897 das
387 855 423 896 ex
446 841 614 920 geometria,
638 856 674 897 ex
697 837 843 896 divisione
867 838 978 911 circuli,
1003 855 1078 913 qnae
1101 839 1134 898 fit
1155 857 1207 915 per
1228 840 1336 916 figuras
1359 838 1509 915 regulares
1532 839 1656 900 demon·

309 923 460 996 strabiles,
492 924 567 984 liber
588 928 651 1000 ipse
674 924 935 1002 liguraseabibct.
980 919 1115 984 Nondum
1146 945 1216 986 sane
1245 928 1355 1003 figurae
1378 935 1446 984 suut
1468 925 1545 986 idam
1574 927 1656 1004 qnod

310 1013 481 1084 harmonia,
505 1024 574 1072 sunt
596 1020 693 1073 tamen
719 1015 767 1071 via
789 1012 827 1070 ad
851 1012 940 1072 illam.
987 1011 1074 1088 Quid,
1097 1016 1120 1072 si
1145 1015 1212 1073 dnm
1236 1032 1344 1092 sponsa
1368 1016 1498 1086 couritur,
1527 1015 1657 1074 noudum

310 1107 378 1161 suat
399 1104 528 1177 nuptiae,
551 1100 623 1158 nihil
648 1119 716 1176 ergo
739 1115 848 1176 sponsa
868 1102 938 1160 lacit
960 1100 997 1160 ad
1019 1101 1157 1178 nuptiae?
1202 1103 1262 1162 ¹dut
1284 1106 1308 1160 si
1338 1101 1411 1159 nihil
1434 1105 1495 1177 agit
1517 1103 1656 1162 Euclides

308 1189 385 1248 libro
409 1189 461 1247 lV.
487 1187 522 1247 de
545 1190 714 1266 corporibus
738 1187 853 1258 solidis,
882 1187 933 1247 sed
956 1188 1050 1248 solum
1074 1189 1109 1248 de
1131 1189 1231 1263 figuris
1253 1190 1367 1265 planis,
1398 1188 1471 1247 nihil
1493 1207 1562 1266 ergo
1586 1191 1657 1250 lacit

311 1279 385 1337 liber
407 1277 460 1334 lv.
492 1277 530 1336 ad
560 1275 719 1335 solidorum
751 1278 879 1350 quinque
906 1278 1105 1336 formationem
1134 1277 1207 1337 libro
1238 1277 1325 1336 XHl.
1360 1278 1550 1352 sequentem?
1596 1278 1655 1338 Sed

311 1365 407 1436 video,
435 1363 506 1440 qnid
529 1363 672 1436 volueris,
695 1363 836 1422 Roberte:
860 1366 888 1422 in
912 1367 1006 1423 sinum
1028 1363 1155 1440 gaudes,
1178 1365 1256 1441 quod
1280 1383 1326 1424 me
1348 1369 1554 1440 commoveris,
1578 1366 1656 1426 rides

311 1453 508 1513 defensionem
532 1469 591 1510 nou
613 1452 817 1511 necessariam.
863 1450 959 1524 Quare
982 1450 1053 1511 nibil
1076 1451 1181 1511 addam
1204 1453 1338 1530 amplius.

352 1551 355 1562 ¹
399 1540 487 1600 Libro
509 1556 575 1598 meo
598 1539 725 1599 secundo
756 1539 858 1598 tribuis
881 1541 968 1622 mihi,
1004 1539 1080 1616 quod
1110 1541 1237 1610 credam,
1270 1544 1297 1597 in
1322 1542 1452 1615 quinque
1485 1542 1656 1617 corporibus

310 1627 492 1704 regularibus
521 1629 678 1686 consistere
707 1629 768 1684 vim
798 1627 966 1688 harmoniae
1004 1628 1176 1687 mundanae.
1228 1629 1354 1687 Rursum
1389 1631 1518 1704 praepeti
1550 1628 1654 1688 volatu

310 1717 394 1774 turbo
418 1717 586 1774 transcurrit
610 1716 712 1790 ignens
735 1716 844 1790 ingenii
869 1718 911 1774 toi
936 1714 1072 1787 volatilis,
1096 1715 1175 1790 quod
1198 1715 1285 1774 fixum
1308 1715 1403 1776 lacere
1422 1716 1510 1790 jubet
1529 1715 1656 1776 Hermes

310 1811 386 1861 tuns.
431 1803 520 1862 Liber
542 1820 624 1862 meus
646 1801 791 1861 secundus
815 1802 910 1862 adbuc
933 1806 961 1860 in
984 1803 1083 1876 figuris
1106 1811 1253 1868 versatur,
1277 1821 1352 1879 quae
1375 1802 1449 1862 libro
1472 1805 1557 1863 tertio
1582 1822 1656 1863 con-

310 1893 431 1950 stituent
454 1892 689 1966 coaptabuntqne
712 1892 931 1966 proportionum
954 1892 1183 1950 harmonicorum
1203 1894 1348 1951 terminos.
1396 1891 1533 1967 Agnosco
1557 1899 1655 1950 tamen

310 1979 406 2038 ideam
431 1977 576 2054 quandam
600 1978 815 2037 harmoniarum
838 1978 1064 2051 mundanarum,
1092 1982 1261 2055 praesertim
1283 1978 1495 2050 radiatiouum,
1528 1981 1556 2036 in
1582 1996 1657 2038 con-

310 2067 445 2143 gruentia
474 2065 630 2142 figurarum
660 2068 850 2141 geometrica,
885 2065 955 2126 dum
978 2065 1046 2126 illae
1068 2067 1165 2126 adhuc
1194 2068 1223 2123 in
1248 2067 1394 2130 abstracto
1426 2063 1657 2126 considerautur.

312 2156 355 2212 Ex
378 2153 435 2222 hac
458 2155 653 2230 congruentia,
679 2171 755 2228 quae
779 2153 899 2214 Graecis
922 2162 966 2213 est
988 2149 1123 2233 ἁρμοσις,
1147 2156 1239 2230 prima
1253 2157 1361 2230 petitur
1384 2157 1465 2230 origo
1490 2158 1570 2213 vocis
1587 2154 1659 2213 har·

310 2245 417 2322 monia.
463 2240 571 2300 Verum
593 2240 641 2299 hic
664 2259 767 2300 sensus
791 2243 872 2301 vocis
895 2241 990 2302 adhuc
1012 2241 1174 2318 generalior
1197 2250 1254 2314 est,
1279 2259 1365 2316 quarn
1389 2244 1536 2319 proprium
1560 2246 1658 2318 operis

311 2331 366 2389 mei
390 2329 568 2404 subjectum3
592 2329 738 2406 significat
760 2332 836 2388 enim
859 2329 966 2388 nudam
989 2329 1215 2406 applicationem
1239 2328 1360 2388 laterum
1383 2332 1413 2386 in
1436 2329 1553 2405 liguris,
1580 2347 1659 2404 qua-

309 2435 371 2476 rum
401 2416 503 2492 anguli
534 2416 630 2476 locum
660 2415 785 2476 solidum
815 2415 862 2475 vel
892 2417 1010 2494 planum
1033 2416 1162 2492 implent.
1208 2415 1326 2490 Quanto
1354 2419 1449 2494 magis
1480 2419 1658 2493 improprius

311 2515 355 2566 est
387 2505 567 2580 significatus
597 2507 696 2579 vocis,
730 2521 796 2565 cum
821 2507 886 2580 quis
915 2507 1001 2563 etiam
1025 2504 1109 2563 orbes
1131 2503 1273 2563 coelestes
1304 2507 1379 2562 inter
1401 2521 1433 2562 se
1462 2513 1683 2580 congruentes

311 2593 349 2654 ad
372 2609 504 2652 normam
527 2593 639 2651 orbium
662 2595 916 2668 geometricorum,
947 2594 997 2667 qui
1020 2598 1049 2651 st
1072 2591 1171 2666 figuris
1201 2590 1303 2668 solidis
1325 2592 1520 2650 inscribuntur
1547 2599 1576 2650 et
1601 2596 1658 2651 cir-

310 2681 557 2752 cumscribuntur,
591 2683 618 2739 si
645 2680 721 2739 hanc
750 2681 869 2756 inquam
900 2682 1115 2756 congmentiam
1148 2681 1213 2755 qdis
1244 2679 1424 2738 harmoniam
1456 2679 1554 2742 dicere
1574 2680 1658 2740 velit

310 2770 373 2844 Ego
398 2769 515 2844 quidem
543 2769 744 2858 ambiguitatis
771 2767 909 2827 vitandae
932 2784 1021 2826 causa
1044 2784 1192 2843 nunquam
1220 2766 1250 2824 id
1273 2767 1343 2825 dixi.
1382 2767 1453 2838 ,Nou
1483 2770 1559 2827 enlm
1587 2768 1659 2827 har·

311 2859 439 2914 moniam
462 2859 538 2916 inter
560 2855 718 2914 Saturnum
741 2863 770 2914 et
793 2854 909 2918 dorem.
933 2855 990 2914 hoc
1012 2854 1130 2930 quidem
1153 2855 1266 2913 orbium
1288 2863 1431 2932 respectu,
1457 2855 1509 2914 sod
1532 2873 1659 2932 propor-

311 2945 419 3003 tionem
443 2945 556 3002 orbium
581 2944 647 3001 cubi
669 2960 721 3001 aen
744 2942 894 3018 figuralem
918 2943 983 3001 dico
1007 2945 1160 3002 interesse:
1199 2941 1344 3018 Scapham
1366 2942 1483 3019 appello
1506 2944 1657 3020 scapham.

315 3031 391 3089 Vide
414 3030 513 3103 lector,
538 3030 607 3105 quid
631 3033 752 3102 intersit,
776 3049 812 3090 ex
836 3047 900 3089 meo
922 3029 997 3088 libro
1021 3029 1057 3089 de
1080 3032 1223 3089 sententia
1247 3028 1340 3106 deque
1363 3029 1561 3090 locutionibus
1579 3034 1658 3091 meis

280 3175 283 3182 .
308 3119 440 3195 judices,
470 3137 506 3176 an
537 3135 571 3176 ex
601 3119 756 3193 interprete
778 3117 916 3177 Robcrto.
961 3118 1154 3193 Nequaquam
1182 3119 1270 3192 igitur
1299 3120 1328 3174 in
1353 3117 1427 3177 'cubo
1455 3121 1590 3178 consistit
1613 3123 1658 3176 vis

310 3207 479 3265 harmoniae
503 3203 667 3264 mundanae
690 3207 765 3264 inter
787 3203 942 3264 Saturnum
967 3213 996 3264 et
1017 3205 1143 3279 lovem,
1167 3205 1239 3263 alias
1263 3223 1318 3280 ego
1343 3205 1433 3264 doceo
1453 3209 1657 3284 proportiones

310 3295 494 3353 harmonicas
512 3295 592 3352 inter
613 3300 710 3352 motus
732 3294 834 3352 borum
857 3293 1047 3368 planetarum,
1071 3311 1146 3368 quac
1170 3295 1223 3351 etei
1240 3295 1444 3369 cognationem
1459 3294 1567 3352 hahere
1592 3312 1657 3352 cum

313 3383 388 3442 cubo
413 3379 575 3440 debuerunt
596 3379 716 3460 (quippe
742 3382 828 3456 juxta
851 3383 974 3440 invicem
998 3379 1187 3440 habitandum
1219 3380 1273 3438 init
1296 3388 1325 3439 et
1347 3379 1405 3438 illis
1435 3381 1570 3451 eohuic,
1605 3397 1658 3440 nec

274 3535 275 3540 η
312 3467 512 3546 impediendus
536 3469 583 3526 hic
606 3469 643 3527 ab
666 3464 749 3544 iliis),
779 3486 837 3528 non
860 3477 958 3540 tamen¹
988 3469 1056 3527 illae
1079 3468 1238 3526 formantur
1268 3467 1401 3541 acnbo,
1429 3469 1522 3544 ligura
1550 3468 1655 3540 solida,

312 3557 362 3629 sed
394 3557 535 3632 afiguris
557 3555 666 3632 planis3
698 3575 752 3615 ncc
774 3557 848 3616 libro
876 3556 1003 3616 secundo
1033 3555 1116 3614 locus
1144 3563 1189 3614 est
1211 3554 1399 3631 explicationi
1429 3555 1552 3632 plenarii
1576 3565 1656 3640 prius

312 3646 542 3716 harmoniarum,
566 3643 618 3704 sed
640 3643 714 3703 libro
736 3647 834 3717 tertio,
865 3653 1008 3704 nocente
1032 3645 1163 3720 quintum
1187 3642 1291 3701 librum
1315 3644 1493 3717 harmoniae,
1520 3647 1657 3719 quamvis

309 3734 372 3808 jam
401 3733 557 3801 formatae,
588 3739 745 3808 potuemnt
773 3732 912 3809 applicari
942 3731 1050 3790 mundo
1081 3747 1133 3788 seu
1155 3730 1337 3806 planetarum
1360 3731 1497 3790 motibus.
1543 3731 1603 3791 Sed
1625 3739 1658 3790 tn

311 3821 417 3878 falsam
446 3820 481 3879 de
505 3837 591 3878 sensu
615 3837 679 3877 meo
709 3821 927 3894 persuasionem
955 3827 1124 3895 conceptam
1147 3817 1312 3894 (propterea
1341 3814 1419 3894 quod
1442 3818 1576 3896 Mysterii
1600 3821 1657 3878 mei

313 3907 551 3982 Cosmographici
581 3909 732 3965 materiam
761 3910 948 3983 praecipuam
981 3925 1045 3966 esse
1077 3907 1325 3982 interpositionem
1351 3921 1503 3982 corporum
1534 3923 1657 3982 eamque

312 3999 342 4054 in
366 3995 554 4054 Harmonicis·
576 3990 711 4053 libro'V.
739 3997 891 4069 repetitam
914 3991 1039 4072 vidisti),
1069 3994 1144 4052 hauc
1166 3997 1283 4069 inquam
1307 3997 1539 4070 persuasionem,
1568 3993 1657 4053 semel

312 4091 494 4158 conceptam,
514 4099 567 4158 per
588 4086 681 4140 totum
705 4088 785 4139 tuum
808 4080 968 4140 discursum
992 4081 1171 4158 analyticum
1193 4083 1315 4154 retines,
1342 4098 1478 4157 magnam
1501 4081 1565 4157 ejus
1587 4098 1655 4158 par-

295 4180 369 4238 ,tem
392 4171 622 4241 intermissurus,
645 4171 670 4226 si
692 4169 770 4227 hunc
793 4187 917 4228 errorem
941 4169 1205 4229 animadvertisses.
1274 4241 1277 4246 Ι

399 4258 487 4317 Libro
510 4273 575 4316 meo
599 4258 683 4315 tertio
706 4256 778 4314 nihil
800 4259 844 4315 ais
866 4259 1005 4329 inveniri,
1029 4257 1084 4314 nisi
1108 4259 1248 4315 musicam
1271 4272 1378 4314 meram
1400 4256 1597 4328 artificialem,
1620 4273 1654 4314 ex

311 4345 437 4422 plurium
472 4352 602 4405 veterum
636 4349 786 4403 auctorum
813 4343 894 4403 libris
927 4343 1106 4420 decerptam,
1138 4343 1210 4401 nihil
1241 4361 1275 4402 ex
1308 4345 1435 4419 proprio.
1487 4342 1518 4402 Si
1547 4345 1655 4400 musica

312 4431 472 4492 artificialis
495 4432 571 4492 idem
602 4432 654 4490 tibi
679 4438 722 4490 est
751 4429 829 4506 quod
852 4431 992 4504 humana,
1024 4433 1153 4507 prolecto
1177 4431 1250 4491 haec
1272 4431 1337 4489 libri
1360 4433 1436 4490 tertii
1460 4433 1581 4490 materia
1602 4437 1653 4501 est,

312 4521 355 4578 sic
377 4527 483 4593 tamen,
507 4529 541 4580 ut
562 4522 639 4579 circa
662 4527 756 4578 ortum
778 4519 1008 4580 harmonicorum
1032 4520 1250 4596 proportionum
1266 4535 1409 4591 moneam,
1433 4518 1654 4592 subintelligen-

314 4607 383 4663 dum
407 4623 470 4666 esse
492 4607 628 4682 generale
652 4609 810 4684 quippiam,
835 4608 913 4684 qnod
937 4611 975 4666 sit
991 4608 1167 4667 abstractum
1192 4607 1358 4679 avocibus,
1382 4614 1522 4682 tanquam
1545 4623 1563 4663 a
1584 4605 1654 4662 snb-

310 4693 390 4768 jecto
413 4693 537 4769 physico
560 4694 606 4755 vcl
630 4699 760 4755 materia.
806 4693 856 4754 Sin
880 4705 979 4756 autem
1009 4713 1067 4755 vox
1091 4697 1147 4753 ista
1169 4693 1328 4752 artificialis
1357 4703 1427 4753 ate
1458 4696 1485 4750 iu
1509 4692 1539 4752 id
1571 4708 1653 4750 usur-

312 4787 407 4860 patur,
431 4789 463 4839 ut
486 4780 624 4842 excludas
646 4791 789 4857 naturam,
809 4784 871 4860 jam
895 4783 1005 4848 dudum
1027 4779 1163 4862 respondi
1183 4781 1319 4856 adhaec,
1341 4781 1530 4842 artificiomm
1551 4781 1653 4840 huma·
