3732 5528
729 353 1073 440 mmwm.
1433 363 1570 424 ιω

222 535 425 606 metipso
443 525 699 606 alegateerpecles
718 534 920 590 intervallorum
938 533 1163 604 planetariorum:
1191 533 1345 601 minimum,
1363 529 1497 594 medium.
1516 545 1570 586 ma
1666 557 1669 564 ι

222 611 332 706 simum,
349 613 453 670 habent
469 629 500 668 se
518 621 548 668 ut
566 612 713 682 qualitates
731 629 780 670 seu
798 615 885 672 lineae
903 615 1017 670 attidem
1035 611 1179 682 simplices.
1199 611 1263 667 Tria
1274 626 1339 666 vero
1357 626 1458 681 genera
1475 617 1572 667 cantus

223 692 310 750 hoa
301 709 361 764 apso
388 701 484 750 contra
511 709 541 748 se
567 692 789 762 dampnantur,
816 693 890 761 quod
908 693 1077 761 quantitates
1095 698 1123 748 et
1140 693 1330 761 proportiones
1357 706 1450 748 earum
1477 687 1571 757 plnres

223 786 336 828 uomere
354 779 383 832 et
400 773 536 842 quendem
563 771 768 841 proportionum
787 787 835 827 scu
854 769 1054 829 intervallorum
1074 770 1195 826 ordinem
1223 769 1330 840 singula
1348 769 1573 839 complectuntur,

223 857 341 920 suntque
359 851 411 908 hoe
428 859 508 922 pacto
526 866 627 920 genera
645 856 741 904 cantus
759 849 930 918 figurationis
948 849 1123 918 qualitativae
1141 848 1291 918 participia.
1328 840 1424 916 Itaque
1436 854 1466 904 ut
1484 847 1574 918 aptior

224 936 251 982 ct
270 929 387 986 causalis
406 939 434 985 ct
450 930 632 984 mensuratim
649 926 698 982 fiat
716 930 880 999 comparatio
899 929 959 995 ista,
977 943 1022 983 res
1036 929 1119 983 totins
1137 927 1271 984 humanae
1289 924 1479 996 philosophiae
1496 939 1573 995 prae·

222 1007 388 1065 stantissiraa
405 1017 434 1065 et
447 1009 661 1078 jucundissima,
688 1014 798 1075 oportet
815 1024 869 1061 non
889 1007 985 1076 unius,
1014 1006 1061 1061 sed
1090 1005 1214 1062 binorum
1240 1005 1413 1076 planetarum
1430 999 1573 1058 intervalla

223 1092 347 1144 motuum
364 1087 534 1157 propriorum
553 1091 647 1141 mutue
666 1100 813 1154 eorumque
832 1085 996 1140 mutationes
1024 1085 1105 1152 (quae
1123 1099 1190 1139 sane
1208 1083 1278 1138 liunt
1295 1098 1345 1151 per
1362 1089 1465 1140 motum
1482 1082 1573 1150 plane·

224 1171 312 1218 tarum
339 1165 367 1219 in
394 1164 488 1234 sitnm)
515 1171 544 1218 et
569 1163 750 1219 mutationum
776 1163 947 1219 latitudinem
966 1179 1027 1219 cunr
1055 1162 1199 1232 generibus
1218 1167 1331 1230 cantus,
1359 1159 1427 1214 duro
1446 1167 1474 1214 et
1491 1161 1574 1230 molli,
1665 1188 1668 1196 ·

223 1257 390 1312 comparare.
427 1243 457 1298 ld
475 1259 540 1300 vero
558 1245 629 1300 serio
657 1249 770 1312 agentes
796 1241 981 1312 inveniemus,
1007 1258 1038 1297 re
1055 1257 1120 1298 vera
1138 1255 1296 1312 expressam
1314 1253 1376 1298 esse
1399 1239 1574 1296 mutationem

224 1335 353 1393 genmnm
371 1323 545 1392 harmoniae,
573 1323 634 1378 duri
660 1328 688 1376 et
710 1321 817 1392 mollis,
844 1323 872 1376 in
891 1321 1007 1377 Telluris
1035 1330 1063 1376 et
1079 1321 1195 1378 Veneris
1222 1320 1379 1375 inferiorum
1405 1317 1574 1387 planetarum

224 1401 342 1473 propriis
359 1403 460 1458 numia
478 1401 640 1471 intervallis,
666 1417 736 1470 quea
754 1402 794 1457 sic
810 1403 838 1456 in
857 1409 1001 1471 anpumnrn
1020 1407 1084 1457 sunt
1102 1401 1225 1466 redacta,
1253 1407 1285 1454 ιιι
1301 1397 1354 1455 soli
1370 1397 1515 1453 mutationi
1531 1411 1575 1466 ge·
1647 1445 1651 1456 .

224 1495 319 1538 aarum
337 1482 463 1538 serviant
500 1481 554 1538 Sed
581 1483 650 1538 haec
677 1482 713 1538 ad
738 1480 897 1537 methodum
915 1479 1065 1536 Ptolemaei
1093 1478 1299 1536 examinandam
1325 1491 1381 1534 non
1409 1483 1475 1532 sunt
1492 1477 1573 1546 htdue

226 1559 288 1629 loci,
306 1560 356 1616 sed
374 1561 511 1629 pertinent
529 1563 565 1618 ad
582 1567 667 1632 ceput
683 1561 744 1630 uus
762 1562 805 1616 ii.
825 1569 853 1616 ιι
871 1561 923 1616 mei
942 1560 1033 1628 operis
1051 1560 1150 1616 librum
1168 1561 1200 1628 Y.

311 1649 384 1706 Nota
401 1649 433 1704 V.
469 1649 548 1718 Quod
566 1651 702 1722 saprade
720 1649 898 1706 enharmonio
921 1651 1074 1718 partimque
1093 1648 1174 1704 etiam
1192 1647 1227 1704 de
1249 1645 1418 1702 chromatico
1436 1645 1507 1714 dixi,
1525 1644 1576 1702 illa

225 1733 352 1784 constare
369 1727 519 1785 intervallis
534 1728 702 1786 inconcinnis
721 1735 749 1782 et
766 1745 819 1783 uon
837 1726 1022 1794 naturalibus,
1049 1727 1079 1782 id
1096 1726 1160 1782 hinc
1178 1727 1220 1782 vel
1237 1727 1354 1782 maxime
1372 1733 1487 1797 apparet
1510 1725 1575 1794 jure

226 1807 336 1862 dietum.
371 1805 441 1860 Nam
460 1807 483 1862 si
500 1805 623 1862 lichanos
650 1807 780 1874 (chordae
797 1807 904 1874 nornen)
933 1803 1028 1858 dividit
1045 1803 1218 1861 intervallum
1236 1811 1325 1860 totum
1342 1803 1510 1862 tetrachordi
1527 1820 1577 1876 per

225 1883 360 1952 medinm,
388 1883 444 1938 sive
462 1883 489 1938 id
508 1883 556 1940 fiat
573 1887 736 1954 geometrice
755 1883 810 1942 sive
837 1883 1022 1948 arithmetice,
1050 1883 1159 1939 auditus
1187 1885 1241 1940 tale
1269 1883 1440 1940 interuallum
1457 1891 1575 1955 respuet.

226 1963 295 2018 Nam
311 1962 384 2016 inter
402 1963 418 2016 3
436 1967 464 2016 et
481 1962 507 2033 t,
526 1963 571 2032 qui
589 1963 694 2017 numeri
712 1963 929 2034 complectuntur
944 1963 1118 2020 intervallum
1135 1963 1311 2032 tetrachordi,
1327 1963 1376 2020 seir
1395 1959 1576 2020 interseram

226 2036 390 2109 multiplices
410 2040 426 2096 e
444 2047 473 2094 et
488 2041 518 2110 8,
547 2041 664 2096 medium
690 2043 889 2100 arithmeticum
912 2049 954 2099 est
972 2043 1005 2110 7,
1034 2041 1228 2112 geometricum
1246 2059 1310 2099 vero
1329 2051 1372 2100 est
1389 2043 1462 2099 letne
1480 2043 1515 2098 de
1532 2041 1575 2111 te,

224 2116 306 2188 panio
324 2115 412 2174 minna
430 2133 513 2190 quam
531 2119 547 2174 7
566 2129 593 2175 st
611 2119 758 2179 ineffabile.
794 2123 856 2178 Jam
874 2139 938 2178 vero
956 2139 1008 2178 nee
1025 2121 1163 2177 ineffabile
1182 2121 1338 2193 quippiam,
1365 2137 1416 2176 nec
1434 2122 1508 2192 qhod
1526 2137 1577 2191 per

225 2197 242 2251 'i
260 2193 478 2268 erumpnarum,
496 2199 643 2256 concordat
662 2217 721 2255 cum
742 2219 786 2271 en,
806 2203 878 2273 qnod
898 2219 946 2274 per
964 2217 1089 2258 numeros
1108 2201 1238 2257 nobilium
1256 2201 1403 2270 figurarum
1421 2201 1498 2258 efferi
1514 2217 1577 2270 pos·

225 2290 292 2330 snm.
329 2278 398 2332 Vide
415 2278 520 2334 hande
538 2295 568 2333 re
586 2281 790 2350 praeambulum
808 2283 870 2338 libri
888 2285 940 2338 mei
958 2283 1032 2339 tertii
1051 2288 1078 2336 et
1097 2289 1181 2351 capnt
1199 2279 1257 2348 ejus
1275 2281 1400 2350 primum.

312 2365 385 2422 llota
403 2367 449 2421 Vl.
485 2366 591 2422 Minimi
609 2384 706 2424 cursus
724 2371 753 2424 in
770 2371 924 2426 eccentrico
936 2370 1052 2442 simplici
1065 2374 1270 2438 consequuntur
1288 2374 1393 2423 tantum
1412 2367 1448 2424 ad
1460 2369 1578 2425 maxima

227 2443 323 2500 sideris
341 2445 491 2509 intervalla,
509 2455 541 2501 ut
559 2447 641 2503 etiam
657 2449 686 2502 in
704 2451 876 2505 concentrioo
894 2466 955 2505 cum
975 2449 1109 2520 epicyclo‚
1128 2463 1197 2518 qnos
1216 2447 1387 2503 Ptolemaeus
1406 2447 1531 2504 adhibuit
1547 2449 1575 2504 in

228 2523 306 2578 Luna
323 2523 383 2580 loco
402 2526 553 2582 eccentrici.
590 2526 679 2593 liujus
698 2529 738 2582 rei
755 2544 865 2584 cansam
883 2530 1033 2584 naturalem
1051 2527 1196 2596 protuetur
1213 2543 1274 2583 mea
1292 2527 1459 2584 astronomia
1475 2527 1578 2584 amaa

143 2640 153 2660 ι
224 2605 254 2658 in
274 2604 480 2660 commentariis
500 2605 533 2660 dc
551 2607 655 2670 Marte,
672 2605 868 2674 languidiorem
886 2607 990 2662 scihcet
1007 2607 1193 2662 incitationem
1209 2607 1337 2676 planetae
1355 2621 1390 2661 ex
1407 2603 1480 2675 Sole,
1499 2604 1576 2662 iente

226 2690 334 2754 motus,
361 2685 505 2740 remotiori.
541 2687 578 2738 At
605 2687 627 2740 ti
646 2685 714 2740 duas
742 2686 868 2754 planetae
886 2685 1095 2754 inaequalitates
1111 2685 1264 2740 confundas
1289 2685 1317 2738 in
1336 2699 1435 2751 unam,
1463 2698 1578 2750 quarum

226 2763 339 2819 alteram
358 2764 531 2820 Ptolemaeus
549 2765 578 2818 in
596 2765 776 2820 eceentricnm
794 2765 914 2832 confert,
942 2764 1073 2834 reliquam
1091 2765 1120 2821 in
1138 2763 1301 2834 epicyelum,
1330 2763 1497 2832 Gopernicns
1514 2775 1578 2815 vero

225 2842 298 2898 illam
317 2859 407 2899 veram
425 2851 454 2898 et
471 2843 599 2914 planetae
616 2843 762 2912 propriam,
780 2843 1041 2914 hancapperentem
1059 2845 1157 2901 saltem
1174 2853 1254 2899 etex
1273 2843 1353 2899 unico
1372 2849 1448 2899 motu
1460 2839 1578 2898 Telluris

227 2924 405 2978 communiter
421 2923 450 2978 in
468 2937 561 2980 omnes
588 2923 712 2992 planetas
739 2937 788 2992 per
812 2923 1029 2993 imaginationem
1055 2924 1216 2990 translatam
1234 2921 1327 2978 docet:
1355 2927 1422 2976 tnnc
1438 2919 1578 2990 contingit,

225 3002 350 3073 planetas
367 3004 395 3058 in
413 3002 545 3058 aldssima
562 3002 693 3058 dhtanda
710 3020 727 3058 a
745 3001 844 3070 Terra,
863 3017 932 3068 quae
950 3001 1084 3070 contingit
1102 3005 1129 3056 in
1149 3018 1203 3058 uua
1221 3001 1347 3072 periodo,
1366 3000 1425 3056 lieri
1442 2999 1578 3056 velocissi-

226 3097 302 3149 mos,
329 3081 392 3136 inde
410 3081 541 3150 paulatim
560 3087 622 3136 ante
640 3087 670 3138 et
686 3086 751 3151 post
767 3081 910 3136 remittunt
928 3079 962 3135 de
980 3089 1069 3148 motu,
1098 3081 1186 3137 donec
1204 3081 1326 3138 ιιιίιιιιιι
1344 3081 1378 3136 ad
1396 3086 1513 3150 punem,
1532 3077 1578 3132 ubi

177 3157 181 3164 '
225 3161 306 3232 plene
317 3161 443 3216 ridentur
455 3161 612 3230 consistere,
632 3161 705 3216 unde
717 3159 868 3218 stationarii
886 3159 1020 3227 dicuntur,
1040 3160 1154 3216 ulterius
1167 3177 1231 3217 vero
1244 3167 1272 3216 et
1291 3162 1313 3216 si
1330 3159 1420 3216 adhuc
1437 3157 1579 3230 propiores

226 3240 327 3296 Terrae
346 3239 425 3308 iant,
453 3256 562 3296 cursum
580 3247 652 3296 retro
670 3239 779 3311 legunt,
799 3247 827 3295 et
845 3248 920 3309 tuno,
940 3257 1002 3296 eum
1020 3248 1111 3296 motus
1128 3256 1223 3296 eorum
1240 3240 1416 3310 retrogradus
1433 3243 1476 3294 eet
1493 3239 1577 3294 mari-

225 3335 294 3389 mua,
312 3318 484 3376 Ptolemaeus
501 3327 613 3390 reputat
630 3319 762 3376 directum
785 3318 893 3373 illorum
911 3327 1013 3372 motum
1030 3318 1178 3381 minimum,
1205 3320 1270 3389 quia
1287 3320 1409 3375 directus
1426 3315 1579 3373 ordinarius

227 3415 300 3469 pene,
313 3407 462 3469 perpetuus
481 3405 509 3454 et
526 3399 680 3470 periodicas
699 3407 750 3464 est,
769 3395 944 3465 retrogradus
959 3411 1022 3451 vero
1041 3398 1169 3454 breuibus
1187 3398 1355 3466 temporibus
1374 3395 1477 3465 passim
1495 3393 1578 3448 inter-

227 3478 377 3547 sperghnr,
405 3493 480 3533 mora
498 3477 589 3547 potius
606 3486 696 3535 metus
714 3479 809 3533 directi
835 3475 917 3552 (unde
935 3477 1017 3530 etiam
1035 3493 1090 3532 non
1108 3478 1199 3546 inepte
1222 3477 1415 3546 contractionis
1434 3472 1578 3530 affectuum

227 3555 387 3624 proprietati
405 3559 599 3627 comparatur),
619 3573 668 3612 nec
686 3557 890 3613 circumducens
908 3555 1059 3624 planetam,
1086 3557 1135 3612 sed
1153 3555 1278 3612 celeriter
1296 3555 1324 3609 in
1342 3553 1472 3614 directum
1490 3567 1579 3607 rerer·

227 3634 300 3690 titur
336 3636 492 3692 Ptolemaeo
510 3635 619 3706 quidem
637 3637 702 3692 licat
719 3636 772 3692 ista
798 3635 869 3690 intm
887 3650 917 3688 se
935 3634 1013 3688 valde
1038 3633 1167 3690 distincta
1190 3634 1289 3702 (motas
1307 3631 1421 3701 cpicycli
1439 3638 1467 3685 et
1483 3646 1579 3686 ercen-

226 3714 299 3784 trici)
317 3715 491 3788 confundere,
510 3717 574 3786 quia
592 3715 658 3770 nihil
676 3715 728 3770 nisi
747 3713 963 3782 comparationes
977 3713 1201 3782 qualitercunque
1220 3711 1398 3766 succedentes
1417 3709 1532 3778 quaerit,
1551 3717 1579 3764 at

227 3807 279 3862 eqo
296 3794 421 3850 murales
439 3804 466 3852 et
483 3795 670 3865 archetypicas
689 3794 906 3884 comparationes
925 3793 1029 3849 institui
1047 3793 1117 3848 libre
1135 3807 1195 3848 meo
1213 3791 1317 3860 quinto,
1346 3805 1431 3859 quere
1449 3789 1515 3844 mihi
1531 3804 1577 3844 ne·

227 3886 304 3928 cesse
321 3871 389 3936 init,
416 3883 591 3966 apparentes
598 3873 657 3928 illes
676 3879 705 3926 et
731 3871 905 3942 imaginarias
931 3873 1063 3929 stationes
1080 3870 1383 3942 reuoqradationesqne
1410 3868 1580 3939 planetarum

225 3966 354 4042 separare
379 3954 508 4022 ipsosque
535 3953 656 4010 sinceros
674 3958 702 4006 ιι
728 3967 813 4021 puros
831 3956 921 4006 motus
940 3951 1111 4020 planetarum
1138 3949 1263 4020 proprios
1282 3963 1365 4004 causa
1382 3947 1468 4004 solius
1485 3963 1580 4002 eccen-

229 4029 290 4086 ttici
308 4031 382 4086 circa
399 4030 490 4088 Solem
507 4030 625 4087 ordinati
642 4030 753 4086 intueri,
787 4031 883 4098 ltaque
907 4045 1014 4100 semper
1036 4029 1102 4086 mihi
1119 4037 1209 4086 motus
1232 4027 1359 4098 planetae
1378 4025 1511 4082 maximus
1530 4031 1579 4092 eet,

227 4125 288 4166 cnm
307 4109 480 4166 intervallum
498 4127 514 4166 a
533 4109 598 4166 Sole
614 4109 762 4179 minimum,
781 4124 888 4180 semper
899 4108 946 4164 ille
964 4110 1099 4180 minimus,
1118 4125 1179 4166 cunr
1197 4109 1251 4164 hoc
1268 4107 1423 4162 maximum.
1441 4103 1496 4162 Sed
1513 4103 1581 4158 haec

229 4204 340 4258 qnoque
358 4189 505 4258 rejicienda
523 4197 587 4246 snnt
604 4189 632 4244 in
650 4189 799 4246 Ptolemaei
817 4196 900 4259 caput
918 4191 959 4246 rt.
979 4195 1006 4244 et
1023 4189 1122 4245 librum
1140 4205 1230 4244 meum
1248 4187 1280 4242 V.

786 4411 928 4484 CAPUT
956 4409 1023 4482 llll.

278 4540 386 4609 Quod
412 4539 580 4597 mutibus
607 4543 801 4596 astrorum
827 4539 864 4594 in
891 4539 1010 4595 tatum
1038 4542 1262 4606 congruant
1286 4533 1528 4590 mutationes

707 4608 749 4663 da
776 4616 867 4664 tono
895 4608 929 4662 in
955 4615 1093 4664 tonum.

314 4737 415 4800 Tertia
437 4755 507 4802 rere
530 4744 559 4800 et
581 4735 700 4798 residua
722 4736 799 4802 coeli
819 4741 953 4796 motuum
975 4733 1098 4810 species,
1121 4729 1202 4792 illam
1224 4731 1299 4808 dica
1323 4747 1399 4810 qnae
1420 4729 1580 4794 secundum

229 4824 414 4888 latitudinem
437 4832 483 4885 est
509 4821 546 4906 ¹),
578 4822 776 4914 consocianda
799 4824 853 4884 erit
874 4818 1087 4882 nnuttontms
1109 4819 1145 4881 de
1167 4828 1239 4882 tono
1261 4822 1292 4882 in
1314 4827 1417 4882 tonum
1429 4815 1479 4900 HJ:
1512 4819 1605 4897 quia,
