3564 5540
436 378 478 440 ne
493 379 656 451 Figuram
674 373 897 438 flamonienses
915 381 1105 451 Conmentia
1140 381 1222 441 hiber
1239 381 1274 438 11.
1470 385 1531 447 115

451 673 503 747 De
530 673 733 764 figurarum
760 671 986 762 Regularium
1014 674 1260 762 congruentia.

268 823 518 886 LDefinitiu.
562 823 761 904 congruentia
781 823 841 886 alia
863 824 997 902 planitiei
1018 833 1080 900 est,
1105 825 1166 888 siis
1187 827 1216 886 in
1238 823 1343 886 solido.
1388 823 1422 885 In
1445 822 1535 904 plano

181 913 375 990 congruentia
398 919 456 988 est,
488 930 553 974 cum
576 914 678 991 anguli
701 913 859 990 figurarum
881 911 1010 990 plurium
1030 913 1138 992 singuli
1159 915 1203 974 sic
1224 913 1263 974 ed
1284 920 1425 992 punctum
1445 929 1536 974 uuum

182 1007 366 1074 concurrunt,
389 1008 423 1060 ut
444 999 542 1061 nulius
564 1001 746 1080 relinquatur
768 1000 877 1061 hiatus.

271 1086 311 1148 11.
334 1087 542 1149 Definitio.
587 1088 671 1150 Hsec
685 1089 814 1168 perfecto
829 1088 943 1164 dicitur,
967 1105 1033 1148 oum
1046 1087 1157 1164 figurae
1176 1088 1318 1166 cujusque
1334 1094 1538 1150 concurrentes

183 1174 286 1254 anguli
310 1191 410 1235 omnes
435 1175 538 1238 eadem
559 1179 657 1254 specie
680 1183 861 1254 concurrunt,
885 1183 918 1236 ut
940 1179 983 1238 ita
996 1193 1096 1236 omnes
1111 1193 1269 1238 concursus
1284 1178 1358 1238 intet
1373 1193 1407 1238 se
1427 1175 1539 1238 similes

183 1265 243 1324 sint
264 1271 294 1326 et
316 1279 510 1323 conoursuum
532 1265 603 1325 ordo
626 1265 657 1323 in
679 1265 824 1326 infinitum
846 1265 1010 1324 continuari
1030 1265 1133 1341 possit.

270 1349 327 1412 111.
349 1351 552 1412 Definitio.
597 1351 824 1427 Perfeetissimn,
846 1369 914 1412 cum
929 1354 1018 1412 etiam
1040 1351 1151 1428 figurae
1174 1357 1376 1412 concurrentes
1398 1351 1429 1408 in
1450 1350 1540 1427 plano

185 1446 253 1500 sunt
275 1438 407 1516 ejusdem
429 1440 547 1517 speciei.

272 1525 325 1586 IV.
349 1526 565 1587 Definitio.
608 1525 801 1604 imperfecta,
824 1544 889 1586 curn
912 1525 1006 1603 major
1027 1523 1146 1602 quidem
1168 1525 1263 1603 figura
1284 1524 1414 1604 undique
1435 1525 1542 1586 simili·

187 1615 242 1675 bus
265 1615 454 1676 concursibus
477 1616 595 1692 sepitur,
620 1631 715 1693 neque
738 1621 835 1675 tomen
851 1613 937 1675 datur
952 1615 1132 1674 continuatio
1155 1615 1186 1674 in
1207 1612 1361 1690 infinitum,
1385 1620 1437 1674 sut
1458 1612 1543 1674 datur

187 1699 321 1780 quidem,
351 1699 404 1763 sed
432 1717 490 1761 non
519 1704 582 1763 sine
611 1701 790 1764 admixtione
820 1700 1000 1762 diversarum
1029 1719 1185 1762 concursus
1214 1703 1386 1778 specierum.
1429 1700 1543 1780 Imper-

186 1792 264 1851 foeta
286 1789 437 1851 deterioris
459 1788 582 1867 medus,
611 1806 678 1851 eum
707 1791 802 1866 major
830 1788 924 1868 figura
945 1806 1004 1849 non
1027 1790 1162 1851 omnibus
1190 1789 1306 1866 augulis
1328 1789 1416 1867 simili
1445 1791 1543 1868 specio

188 1893 359 1946 concurrere
382 1884 454 1956 apta
476 1883 530 1938 est.

275 1981 313 2043 V.
336 1983 544 2044 Definitio.
589 1980 692 2044 Solida
707 1982 897 2060 congruentia
916 1987 961 2042 est
982 1987 1013 2041 et
1034 1979 1127 2057 figura
1149 1979 1253 2056 solida,
1278 1997 1343 2042 cum
1357 1979 1459 2060 anguli
1481 1984 1544 2042 siu·

188 2071 246 2150 guli
268 2069 397 2152 plurium
418 2069 571 2149 planarum
586 2069 743 2148 figurarum
766 2069 905 2146 anguium
922 2070 1101 2128 constituunt
1121 2067 1256 2155 solidum,
1279 2071 1447 2147 aptatisque
1468 2069 1546 2148 figu-

187 2163 226 2220 ris
248 2158 430 2238 regulsribus
455 2157 502 2220 vel
526 2158 782 2236 semiregulsribns
816 2155 914 2216 nuilus
936 2161 1025 2216 restat
1047 2155 1145 2216 iiiatus
1166 2157 1240 2216 inter
1272 2155 1365 2217 latera
1388 2157 1544 2233 figurarum

190 2247 342 2311 obviantia
363 2247 420 2309 sibi
442 2249 472 2306 in
495 2249 633 2324 opposito
654 2245 768 2306 solidae
790 2242 900 2321 figurae
922 2249 1018 2321 parte,
1050 2245 1101 2318 qui
1130 2259 1188 2302 non
1212 2241 1309 2302 claudi
1338 2247 1432 2320 possit
1453 2245 1546 2322 figura
1572 2274 1576 2284 ·

189 2337 298 2416 speciei
322 2337 408 2396 unius
431 2352 468 2395 ex
490 2332 630 2394 adhibitis
651 2334 701 2394 rel
723 2333 828 2393 saltem
851 2330 1043 2408 regularibus.

277 2419 358 2487 Note,
377 2417 450 2488 quod
469 2414 505 2471 sit
522 2416 576 2474 sliu
593 2418 776 2486 congruentia
794 2430 849 2470 non
866 2411 1009 2484 plenarum
1022 2411 1169 2481 figurarum
1188 2409 1222 2464 ad
1235 2409 1350 2479 figurem
1362 2411 1475 2468 solidum
1493 2412 1547 2468 for·

190 2499 325 2568 incudm,
349 2498 398 2554 ssd
425 2497 546 2568 ipsarum
566 2496 716 2554 solidarum
739 2494 886 2564 figurarum
909 2491 981 2545 iuter
999 2505 1041 2559 se,
1065 2488 1099 2544 ssi
1117 2489 1208 2544 locum
1231 2489 1348 2545 solidum
1370 2490 1441 2548 circa
1464 2509 1547 2548 unum

190 2586 322 2652 punctum
340 2575 518 2646 explendum:
537 2573 693 2644 hujusmodi
710 2573 814 2642 figurae
832 2583 980 2639 corporeae
997 2573 1063 2624 sunt
1079 2574 1187 2622 tantum
1205 2567 1288 2638 tinec,
1308 2569 1394 2625 cubus
1413 2577 1440 2626 et
1458 2571 1546 2627 rhom-

191 2663 243 2720 bus
267 2655 487 2714 dodecaedrious.
522 2655 592 2710 Nam
617 2660 678 2710 octo
704 2651 797 2722 anguli
823 2649 884 2708 cubi
907 2653 1072 2705 concurrunt
1094 2647 1130 2702 ud
1152 2661 1235 2702 unum
1259 2653 1391 2716 punctum
1414 2655 1442 2704 et
1465 2665 1548 2704 unum

192 2741 313 2810 undique
336 2735 428 2791 locum
455 2731 573 2803 explent.
615 2731 757 2787 Rhombus
788 2742 852 2784 sero
876 2728 960 2783 habet
983 2725 1038 2781 duo
1067 2741 1168 2796 genera
1194 2725 1368 2800 ungulorum,
1398 2728 1549 2786 trilineeree

193 2821 307 2876 obtusos
331 2821 408 2883 octo,
441 2819 469 2869 et
493 2809 705 2884 quadrilineares
728 2811 830 2872 secutos
861 2824 917 2864 sen
959 2805 1045 2873 igitur
1071 2803 1162 2860 obtusi
1191 2810 1309 2872 quatuor
1338 2815 1492 2877 congruunt
1515 2810 1550 2864 ed

193 2899 284 2954 locum
302 2893 476 2966 explendum,
501 2890 573 2947 senti
592 2905 656 2946 sero
675 2904 736 2944 sex:
760 2887 841 2956 quale
859 2891 969 2944 struunt
986 2882 1139 2940 aedificium
1156 2898 1236 2955 apes,
1254 2884 1330 2940 cellis
1349 2887 1497 2956 contiguis,
1521 2895 1551 2944 ut

194 2995 276 3036 unam
295 2976 470 3029 circumstent
488 2986 505 3025 a
522 2967 606 3024 fundo
624 2975 681 3023 tres
699 2965 820 3021 adversis
839 2963 945 3032 fundis,
971 2977 987 3016 e
1005 2961 1136 3018 lateribus
1156 2977 1205 3017 sex
1228 2968 1256 3017 et
1273 2972 1387 3033 possent
1404 2968 1486 3022 etiarn
1504 2982 1550 3024 su·

194 3056 281 3114 terim
298 3061 356 3110 tres
375 3049 444 3108 cline
462 3051 637 3106 circumstare
655 3045 690 3102 ad
707 3043 823 3116 figuram
841 3041 1048 3108 absolvendam,
1071 3040 1125 3096 nisi
1143 3039 1215 3096 iores
1235 3044 1401 3112 oportuisset
1425 3059 1487 3102 esee
1503 3061 1551 3118 pu·

194 3143 295 3193 tentes.
331 3133 373 3189 De
390 3131 443 3187 hac
461 3145 526 3185 sero
545 3127 694 3184 solidarum
712 3122 860 3194 figurarum
877 3121 1055 3189 congruentia
1073 3135 1123 3176 nos
1142 3117 1186 3174 hio
1205 3136 1258 3175 non
1277 3122 1391 3191 egimus.

283 3228 337 3290 Vl.
360 3223 564 3287 Definitio.
608 3217 824 3279 Perieotissims
852 3212 948 3274 solida
977 3211 1167 3290 congruentia
1194 3211 1348 3292 solidaque
1375 3215 1470 3294 figura
1497 3227 1551 3292 est,

196 3339 262 3383 cunr
286 3318 375 3379 etiam
396 3309 487 3392 pians
508 3306 698 3386 congruentia
719 3311 787 3364 sunt
809 3301 940 3380 ejusdem
962 3299 1072 3379 figures
1096 3300 1203 3400 omnis.

281 3421 352 3486 VII.
375 3418 450 3480 Dei
455 3416 585 3476 initio.
630 3409 714 3470 Haec
728 3407 776 3469 sol
792 3413 837 3467 est
857 3404 998 3483 regularis
1013 3411 1085 3480 tote,
1109 3423 1175 3468 cum
1196 3409 1286 3486 plane
1307 3419 1376 3480 sunt
1396 3413 1551 3491 regularia,

193 3517 344 3591 habetque
368 3521 469 3570 omues
490 3500 615 3581 angulos
638 3500 667 3558 in
689 3494 791 3558 eedem
808 3493 968 3572 sphaerica
990 3491 1143 3570 superficie
1165 3504 1195 3558 et
1216 3500 1292 3561 inter
1311 3517 1345 3561 ,θ
1366 3501 1485 3563 similes,

282 3616 368 3678 viil.
390 3609 594 3673 Definitio.
638 3601 694 3664 Vei
718 3606 763 3663 est
784 3597 1014 3676 semiregnlaris,
1046 3601 1223 3679 complana
1245 3611 1313 3664 sunt
1333 3607 1554 3684 semiregolaris

194 3707 276 3790 (ride
297 3706 364 3765 libr.
387 3702 411 3761 I.
435 3695 492 3758 iet.
516 3693 559 3775 a.)
587 3692 736 3768 habetque
759 3686 883 3765 angulos
906 3685 1018 3745 solidos
1040 3705 1160 3748 numero
1182 3689 1324 3752 linearum
1347 3691 1500 3754 distinctos
1524 3702 1554 3754 et

197 3793 371 3866 dissimilem
393 3805 452 3848 non
474 3792 572 3844 tamen
593 3780 722 3859 plurium
745 3793 835 3854 quam
850 3774 974 3834 duorum
996 3791 1146 3858 generum,
1168 3781 1275 3840 necin
1297 3781 1440 3858 pluribus,
1465 3798 1553 3856 quarn

199 3885 315 3946 duabus
338 3875 499 3956 sphaericis
513 3868 731 3947 superficiebus,
754 3881 813 3924 uno
837 3869 937 3923 centro
952 3862 1111 3941 descriptis,
1137 3865 1301 3946 ordinatos3
1324 3875 1353 3929 et
1374 3867 1554 3945 singulorum

196 3987 338 4053 generum
360 3963 484 4042 angulos
506 3967 551 4019 tot
572 3971 701 4052 numero,
725 3959 797 4031 quot
818 3950 909 4046 habet
931 3967 990 4010 una
1011 3952 1196 4047 regularium.
1222 4036 1254 4049 ..
1531 4037 1539 4052 .

285 4053 349 4109 Non
367 4047 474 4115 obstat,
501 4046 706 4109 congruentiam
725 4035 795 4090 heno
814 4033 928 4090 solidam
953 4031 1178 4104 perfectissimam
1203 4037 1267 4092 drcr:
1291 4051 1353 4092 nam
1371 4049 1443 4106 quae
1465 4035 1553 4106 planu

198 4137 259 4206 ejus
277 4134 350 4188 inest
366 4120 550 4197 imperfectio,
575 4115 730 4173 solidationi
748 4130 803 4168 non
822 4113 903 4168 debet
921 4110 1046 4184 adscribi,
1075 4112 1123 4169 sed
1150 4113 1175 4168 ei
1193 4113 1298 4170 occidit
1334 4115 1441 4170 Dicitur
1464 4123 1554 4174 tomen

198 4213 347 4284 aequivoce
364 4203 564 4277 perfectissimo
580 4197 650 4253 heee
667 4191 877 4263 semireguiaris.

287 4301 346 4363 IX.
369 4294 573 4358 Definitio.
618 4288 751 4350 Perfecto
773 4285 916 4346 inferioris
938 4283 1046 4363 marius
1069 4291 1129 4361 est,
1159 4303 1226 4346 cum
1248 4283 1337 4362 plena
1357 4285 1503 4364 regularia
1525 4296 1555 4351 ot

200 4391 301 4472 auguli
325 4404 426 4450 omnes
447 4386 477 4444 in
500 4379 602 4442 eodem
624 4374 776 4454 superficie
791 4375 944 4452 sphaerica
959 4381 989 4433 et
1010 4375 1086 4434 inter
1106 4389 1139 4434 se
1161 4371 1270 4434 similes
1293 4379 1370 4451 sunt,
1392 4374 1445 4436 seri
1467 4373 1555 4454 pians

200 4493 300 4545 tumen
315 4475 493 4537 diversarum
515 4467 685 4549 specierum,
707 4461 886 4542 singularum
902 4457 1021 4538 quidem
1043 4467 1086 4520 tot
1110 4477 1238 4534 numero,
1262 4469 1334 4537 quot
1354 4470 1423 4524 sunt
1444 4466 1473 4524 in
1496 4481 1555 4526 una

201 4567 477 4650 perfectissimarum
498 4557 670 4636 figurarum,
700 4567 741 4612 so.
763 4567 822 4610 non
844 4549 940 4608 minus
962 4565 1058 4626 quarn¹
1074 4551 1109 4624 4,
1132 4556 1205 4625 quot
1226 4547 1265 4610 od
1286 4551 1435 4612 minimum
1456 4551 1554 4631 plani-

201 4659 300 4720 tiebus
322 4651 418 4715 solida
439 4650 533 4726 figura
553 4645 733 4706 terminatur.
1293 4663 1294 4668 ,
1443 4653 1447 4660 .

290 4759 333 4822 X.
357 4752 567 4818 Definitio.
611 4743 785 4826 Imperfeeta
806 4717 996 4819 congruentia
1017 4757 1071 4802 seu
1085 4739 1180 4819 figure
1200 4699 1257 4817 est,
1275 4759 1342 4803 cum
1364 4742 1469 4804 ceteris
1489 4759 1555 4802 rus-

204 4828 343 4914 nentibus
365 4844 459 4922 major
479 4839 573 4919 figure
593 4853 653 4898 non
673 4835 905 4954 ssepius'quam
924 4826 1016 4894 semel
1036 4835 1090 4892 sut
1111 4829 1157 4892 bis
1178 4830 1333 4894 iuvenitur.
