3732 5528
1 2753 27 2800 a.
6 2577 26 2708 *ez—“vs
5 2485 26 2526 τὲ
6 2397 25 2437 -2
1 2295 24 2346 3³.-

1 3205 30 3244 ξὲ
6 3111 30 3173 θεῖε
6 3007 29 3068 ἒ-
1 2925 25 2982 22}-
1 2835 27 2887 {nr

841 338 981 410 sporogn.
1520 351 1582 420 ιιι

239 521 322 596 dem,
354 527 610 598 quantamcunque
633 521 686 580 tibi
710 520 839 580 marram
866 517 1060 580 suffecturam.
1107 519 1203 595 dique
1230 520 1287 580 hoe
1315 519 1398 584 idem·
1423 527 1454 580 et
1475 537 1530 599 ego
1553 525 1583 584 in
1680 583 1684 596 ,

158 629 166 658 ¹
238 619 267 670 ts
292 612 536 683 excusari,'enm
559 609 676 680 addidi,
699 609 753 666 tibi
775 619 820 666 set
844 625 907 666 esse
931 611 1093 684 cognitum,
1116 624 1176 666 non
1198 625 1262 667 esse
1284 609 1337 668 bas
1359 608 1461 667 mundi
1484 614 1584 686 regio-

238 714 290 756 nes
313 700 387 756 inter
415 713 446 755 se
469 699 617 772 aequales.
663 693 740 770 Quin
769 697 857 754 etiam
879 702 960 777 tuam
990 697 1081 771 ipsius
1102 697 1245 754 rationem
1274 698 1465 773 ipsissimam,
1494 715 1610 776 quam*

238 792 270 843 tn
292 785 341 844 hio
363 785 461 844 verbis
490 792 549 844 tam
573 782 672 842 multis
703 782 906 859 prosequeris,
936 782 1105 859 complexus
1128 800 1192 842 esse
1222 781 1314 843 videri
1344 799 1481 861 possum,
1514 787 1583 846 dum

237 889 375 944 recenseo
399 879 456 930 tres
478 878 546 930 tuas
569 874 711 930 unitates:
735 871 889 942 elementa,
913 869 1069 943 aetherem,
1093 883 1272 948 empyreum.
1316 871 1379 929 lltsi
1403 889 1472 930 vero
1495 874 1582 934 intel-

237 959 287 1036 ligi
312 977 431 1036 possum
454 957 491 1017 de
514 960 675 1018 unitatibus
698 956 779 1016 nullo
800 957 888 1034 plane
911 966 1043 1034 respectu
1066 959 1139 1016 inter
1162 955 1403 1033 coaequalibus,
1434 968 1465 1017 at
1487 964 1583 1036 patuit

236 1055 267 1106 ct
290 1056 359 1106 tuae
382 1051 554 1119 sententiae,
578 1052 667 1121 quam
690 1045 737 1104 bic
759 1046 872 1121 prolixe
894 1044 1032 1121 explicas,
1055 1055 1189 1120 receptus
1212 1046 1347 1104 sublata
1372 1045 1469 1104 verba.
1507 1049 1582 1108 Nam
1629 1093 1636 1114 ,

234 1133 339 1206 doces,
373 1135 426 1193 tibi
456 1137 622 1193 nominatas
652 1142 751 1208 partes
779 1132 918 1208 aequales
948 1149 1012 1192 esse
1043 1139 1204 1207 potestate,
1237 1135 1281 1190 ale
1309 1135 1385 1191 onim
1415 1144 1581 1208 geometras

236 1221 317 1297 loqui
340 1221 444 1294 solent,
469 1225 577 1299 qnippe
599 1219 771 1278 tantundem
793 1235 857 1279 essa
880 1223 1020 1278 materiae
1042 1221 1073 1276 in
1096 1235 1164 1292 uno,
1187 1222 1383 1295 quantumin
1406 1219 1479 1296 alioq
1503 1224 1582 1298 qnod

236 1317 268 1368 tu
293 1308 423 1386 appellas
446 1318 567 1367 naturae
589 1307 715 1384 pondus.
759 1307 841 1367 ldam
869 1309 958 1382 igitur
980 1307 1119 1379 dicimus,
1150 1316 1204 1366 nce
1226 1308 1361 1366 inversion
1383 1325 1438 1382 ego
1467 1308 1515 1367 lric
1536 1318 1582 1369 te-

234 1414 313 1455 mere
341 1397 376 1455 dc
408 1397 466 1454 tuis
495 1397 647 1456 sententiis
677 1395 800 1453 locutus.
846 1391 1030 1470 Quamquam
1053 1394 1104 1453 iol.
1128 1397 1179 1452 ii.
1208 1396 1237 1451 in
1261 1394 1318 1452 fine
1341 1411 1433 1471 negas
1462 1409 1582 1472 oorpmc

235 1481 282 1565 (id
305 1493 349 1543 est
370 1485 493 1544 materia
516 1485 596 1542 varie
618 1481 738 1556 diffusa)
761 1481 900 1562 aequales
923 1497 996 1554 csse,
1020 1482 1075 1540 bus
1097 1484 1177 1540 enim
1192 1479 1352 1540 mensurus
1374 1499 1394 1539 a
1408 1486 1581 1557 sapientam

233 1574 400 1630 inustione
419 1571 552 1629 multum
575 1569 726 1629 uber-rme.
773 1567 958 1644 Relinquitur
973 1571 1061 1644 igitur
1082 1575 1262 1648 potestatum
1277 1570 1462 1646 physicarum
1486 1587 1580 1646 quae·

235 1659 302 1717 dam
325 1659 498 1734 aequalitas.
543 1655 600 1716 Sed
625 1673 677 1715 nee
699 1659 856 1732 sequentia¹
875 1657 913 1715 ad
936 1664 965 1716 te
986 1658 1141 1732 pertinent,
1166 1656 1236 1714 dum
1254 1660 1381 1714 unitates
1404 1673 1479 1734 nego
1498 1661 1581 1735 pingi

234 1745 321 1805 aliter
343 1762 430 1822 posse
454 1747 538 1822 (puta
561 1747 590 1802 in
613 1749 774 1819 quantitate
797 1746 959 1818 continua),
992 1759 1081 1821 quam
1112 1744 1291 1819 aequalitate
1314 1744 1473 1820 linear-amq
1506 1745 1580 1806 hasa

235 1837 312 1893 enim
335 1829 509 1910 generaliter
530 1849 600 1891 rora
628 1849 673 1890 me
697 1832 792 1895 dicere
814 1834 927 1907 putavi.
971 1831 1033 1892 Nee
1056 1847 1171 1891 omnem
1201 1832 1254 1890 tibi
1277 1833 1421 1890 unitatum
1444 1834 1579 1908 aequali·
1697 1845 1700 1852 ·

234 1929 325 1980 tatem
353 1939 404 1997 per
432 1919 507 1980 hane
531 1915 708 1978 ‘sententiam
738 1917 847 1991 ademi,
880 1918 932 1978 sed
960 1922 1098 1979 excusari
1125 1936 1177 1996 per
1203 1935 1268 1978 eam
1296 1925 1406 1979 tactum
1433 1921 1515 1980 tuum
1548 1925 1577 1979 in
1677 1937 1680 1942 ’

234 2009 380 2067 divisione
403 2005 592 2084 longitudinis
615 2005 798 2083 pyramidum
821 2009 849 2062 in
873 2007 1019 2081 aequalia.
1065 2006 1164 2082 Negas
1180 2008 1269 2066 etiam
1292 2015 1357 2066 tuas
1377 2005 1443 2065 illas
1465 2025 1579 2084 aequa-

145 2099 152 2108 '
232 2095 276 2155 les
299 2103 445 2172 potestate
469 2097 595 2154 unitates
619 2093 779 2153 mensurari
802 2095 948 2152 communi
976 2101 1006 2154 et
1028 2094 1145 2170 aequali
1172 2094 1252 2153 linea
1283 2093 1501 2154 mathematica.
1546 2097 1578 2156 Sl

232 2201 339 2263 negas,
368 2181 446 2258 qnod
469 2199 525 2258 ego
546 2181 595 2240 hic
615 2181 780 2266 'significare
812 2181 964 2254 volebam,
993 2188 1075 2240 tuum
1097 2182 1192 2258 ipsius
1221 2181 1330 2240 iactum
1361 2197 1461 2258 negas.
1506 2181 1579 2242 Pin-

236 2273 305 2329 xisti
329 2273 406 2328 enim
429 2271 484 2329 snb
507 2268 687 2346 aequalitate
710 2269 850 2327 linearum
873 2268 1033 2346 pyramidis
1056 2276 1132 2342 tuac,
1155 2261 1277 2344 pinxisti
1298 2271 1419 2344 inquam
1443 2271 1579 2345 unitates,

232 2358 409 2436 ponderibus
432 2365 568 2428 naturae,
599 2363 632 2414 ui
654 2350 719 2428 ais,
744 2357 891 2431 aequales.
937 2357 981 2414 lix
1004 2357 1111 2431 qulbus
1134 2356 1269 2414 omnibus
1290 2363 1429 2432 apparet,
1458 2359 1578 2416 verissi-

232 2463 310 2504 mum
342 2461 407 2504 esse
428 2445 506 2503 bunc
533 2458 630 2503 meum
653 2450 833 2516 contextum,
864 2459 918 2502 nee
941 2461 1007 2504 enm
1036 2461 1090 2518 per
1112 2450 1190 2502 tuam
1222 2443 1358 2520 analysiu
1386 2442 1434 2502 rel
1457 2447 1578 2505 minima

232 2539 313 2608 parte
337 2530 521 2591 dissolutum.
567 2531 627 2590 litei
654 2547 723 2590 vero
745 2530 829 2590 fateri
853 2546 949 2606 cogor,
972 2531 1094 2589 multam
1116 2544 1181 2590 csse
1204 2543 1293 2606 penes
1309 2547 1356 2590 me
1377 2537 1493 2590 tuorum
1509 2549 1578 2610 spe·

233 2621 413 2679 culationum
446 2620 607 2691 inscitiam,
639 2635 696 2677 non
725 2635 789 2675 sum
822 2628 918 2676 tamen
949 2621 1064 2694 penitus
1093 2617 1171 2676 rudis
1203 2617 1414 2693 aequalitatum
1446 2620 1577 2694 latarum,

232 2710 344 2766 ratione
374 2705 551 2783 ponderum,
583 2714 615 2763 ut
637 2715 668 2764 tu
691 2707 752 2778 ais,
782 2713 913 2764 naturae.
958 2705 1007 2764 Sin
1030 2707 1106 2765 enirn
1139 2715 1168 2764 et
1190 2719 1245 2782 ego
1268 2715 1397 2781 agnosco
1427 2707 1577 2785 quandam

232 2794 390 2853 materialis
414 2797 516 2869 copiae
540 2789 748 2868 aequalitatem
770 2795 798 2848 tn
822 2792 912 2868 globo
935 2791 1027 2866 Solis,
1050 2795 1078 2850 in
1102 2800 1164 2852 toto
1188 2795 1285 2868 spatio
1309 2792 1408 2850 mundi
1431 2810 1483 2852 seu
1506 2811 1578 2854 aura

232 2883 480 2957 aethereamque
503 2880 629 2956 sphaera
650 2879 787 2951 lixarum,
812 2891 901 2956 quam
923 2879 973 2938 alii
996 2878 1194 2956 crystallinam
1217 2881 1264 2939 vel
1286 2897 1323 2938 ex
1344 2879 1430 2940 Mose
1453 2897 1578 2956 aqueam

234 2969 342 3043 dicnrn,
367 2968 505 3044 illamque
528 2967 787 3044 aequipollentiam
810 2966 916 3026 tradidi
939 2968 1013 3026 libro
1036 2966 1089 3026 IV.
1115 2967 1190 3044 Epit.
1214 2968 1428 3027 Astronomiae.

318 3059 474 3132 Agnosco,
497 3056 634 3132 inquam,
666 3056 834 3130 proboque,
867 3055 919 3114 sed
942 3072 1006 3113 sam
1029 3071 1088 3115 non
1111 3057 1186 3114 inter
1208 3055 1416 3131 subjectanea
1438 3051 1577 3116 terminos

231 3141 448 3203 harmoniarum
470 3141 681 3201 mundanarum
705 3142 810 3202 haben.
856 3141 957 3200 Habes
975 3159 1054 3218 ergo,
1076 3145 1116 3202 mi
1131 3142 1269 3215 Bobenia,
1293 3141 1469 3219 discipulum
1485 3159 1576 3219 capa-

233 3247 305 3301 cem,
331 3231 412 3299 diseo
435 3249 470 3290 ex
493 3237 532 3304 te,
556 3232 684 3289 unitates
706 3236 771 3288 tuas
794 3246 858 3290 esse
880 3236 1026 3306 potestate
1043 3227 1204 3306 aequales,
1228 3229 1326 3296 dinem
1350 3228 1497 3289 diversum
1520 3231 1577 3288 alis

232 3317 302 3392 qnid
331 3337 366 3377 or
396 3327 448 3378 tua
475 3319 600 3395 partium
629 3317 806 3393 aequalitate
835 3320 865 3374 in
892 3316 1075 3392 longitudine
1102 3315 1262 3394 pyramidis
1292 3315 1489 3392 colligendum
1518 3333 1576 3375 non

233 3421 307 3479 esse,
330 3406 425 3478 disco,
455 3404 548 3464 multa
570 3404 617 3464 hic
638 3403 730 3464 latere
753 3407 892 3481 mysteria
914 3413 1036 3463 naturae
1059 3421 1113 3462 nee
1137 3421 1264 3479 unquam
1287 3405 1345 3462 ista
1366 3405 1489 3478 negavi,
1520 3405 1577 3462 ba-

233 3492 304 3551 beas
326 3495 378 3552 tibi
402 3502 454 3552 tna
474 3492 606 3563 illibata,
629 3491 789 3551 adhaereto
810 3493 960 3548 mensuris
982 3493 1042 3548 tuis
1062 3489 1273 3562 naturatibus,
1303 3491 1373 3548 iiius
1391 3491 1577 3564 ponderibus

231 3579 436 3639 ementiattbna
456 3582 599 3640 instruito
605 3599 617 3653 ;
645 3587 677 3636 tu
700 3580 814 3638 interim
837 3577 965 3635 vicissim
989 3575 1137 3635 heumihi
1160 3577 1332 3653 permittito,
1363 3585 1397 3634 ut
1417 3585 1484 3636 tuas
1506 3580 1575 3635 nni·

233 3673 309 3726 tates
333 3683 398 3727 cum
419 3669 492 3727 meis
515 3683 683 3743 comparare
705 3667 831 3742 possim,
860 3671 894 3721 ut
914 3663 1024 3736 dicam,
1054 3677 1135 3722 meas
1158 3679 1222 3723 esse
1247 3665 1431 3738 cognatiores
1453 3667 1576 3722 unitati-

233 3754 304 3823 bus,
335 3771 408 3831 quas
432 3754 617 3830 designamus
639 3755 669 3810 in
694 3751 823 3823 chordis,
852 3758 884 3807 nt
906 3751 959 3809 abs
982 3761 1011 3810 to
1034 3758 1146 3828 petam,
1175 3767 1233 3810 uon
1256 3750 1333 3810 nude
1355 3757 1470 3809 tantum
1492 3769 1575 3810 asse-

229 3859 330 3915 veres,
362 3841 413 3902 sed
443 3837 530 3904 etlam
559 3839 671 3918 liquido
700 3839 879 3898 demonstres
908 3836 983 3897 harrc
1004 3843 1183 3915 potestatum
1206 3847 1322 3898 marum
1350 3837 1575 3914 aequalitatem

231 3937 345 4006 patere.
376 3936 409 3988 nt
431 3929 554 3988 indicem
581 3928 740 3989 lectoribus
772 3924 892 4005 (pateris
921 3942 987 3986 ecee
1010 3933 1039 3985 et
1062 3925 1188 3985 ailirmas
1213 3925 1288 3985 ultro
1311 3923 1427 3985 deestis
1451 3925 1569 4004 verbis),

229 4033 277 4075 me
298 4035 346 4076 res
366 4017 560 4076 bonnoniam
582 4019 735 4091 inquirere
756 4017 852 4088 magis
867 4013 1075 4073 mathematice
1090 4020 1117 4071 'et
1134 4015 1343 4090 ᾳιιαηιιιαιίυι,
1367 4020 1395 4073 te
1412 4029 1482 4072 vero
1497 4013 1575 4091 pby-

229 4105 290 4163 sice
314 4112 386 4176 ete,
410 4103 440 4162 id
464 4105 508 4163 est
531 4103 705 4162 Hermetiee.
751 4100 847 4161 Velim
870 4119 905 4160 ex
928 4109 956 4160 te
980 4103 1061 4174 scire,
1086 4119 1162 4177 quae
1180 4102 1237 4160 tibi
1261 4117 1351 4160 causa
1372 4103 1410 4159 slt
1431 4102 1575 4160 irascendi

230 4191 303 4250 mibi
326 4201 396 4251 tnnc
417 4193 531 4268 potius,
559 4193 584 4249 si
609 4177 686 4267 qnid¹
702 4205 756 4266 ego
779 4191 866 4261 meis,
898 4205 985 4264 quam
1013 4192 1039 4247 si
1061 4188 1138 4248 idem
1161 4196 1193 4247 tn
1222 4190 1280 4247 tuis
1304 4189 1400 4248 verbis
1423 4187 1574 4264 proferas?

316 4279 412 4338 Lubet
435 4295 504 4338 vero
526 4285 623 4337 tecum
647 4276 801 4336 colludere.
847 4274 942 4350 Quam
965 4279 1043 4336 enim
1065 4284 1096 4335 tn
1120 4275 1192 4336 dicis
1213 4275 1394 4336 harmoniam
1416 4281 1445 4334 et
1467 4275 1523 4335 luae
1545 4283 1574 4337 et

229 4365 423 4442 praecedente
446 4365 569 4441 analysi,
594 4383 648 4442 ego
672 4365 838 4440 analogiam
861 4363 978 4440 appello
1000 4364 1295 4440 receptovocabu103
1318 4363 1397 4440 quod
1417 4379 1483 4423 eum
1497 4363 1572 4440 dico,

229 4470 288 4513 non
312 4453 418 4514 damno
441 4452 603 4526 analogias,
627 4469 681 4512 nee
704 4449 880 4511 contumelia
904 4459 947 4511 est
971 4467 1086 4527 negare,
1111 4450 1177 4510 illas
1199 4453 1287 4510 etiam
1309 4451 1476 4510 harmonias
1499 4468 1572 4514 esse.

228 4541 305 4601 Nam
327 4550 359 4600 nt
383 4543 463 4600 illam
487 4541 601 4616 agentis
624 4547 653 4600 et
674 4541 827 4617 patientis,
857 4539 943 4596 maris
966 4545 996 4596 et
1017 4540 1154 4610 feminae,
1185 4540 1283 4613 superi
1305 4545 1334 4597 et
1356 4537 1454 4612 lnieri,
1485 4553 1573 4615 qnam

229 4629 279 4688 hic
307 4631 442 4706 attingis,
473 4627 690 4703 copulationem
717 4627 875 4705 proteram,
907 4623 1027 4684 eundem
1058 4632 1087 4686 et
1115 4629 1178 4701 ipss
1204 4628 1373 4684 societatem
1406 4629 1572 4704 comparavi

229 4717 306 4776 libro
338 4734 402 4776 meo
426 4715 478 4774 tv.
503 4715 682 4774 Harmoniae
713 4731 778 4773 num
808 4713 998 4772 consonantia
1024 4713 1182 4790 diapason,
1216 4729 1304 4787 quam
1332 4714 1425 4790 ipsam
1452 4731 1514 4773 mas
1544 4723 1573 4775 et

229 4805 340 4865 lemine
361 4805 450 4864 edam
473 4803 593 4863 vocibus
617 4805 688 4881 ipsis
710 4799 921 4878 utplurimum
944 4804 1115 4877 exprimunt.
1159 4798 1340 4875 'sequidem
1361 4804 1572 4862 tuisinsisterrs

1300 4955 1302 4962 .
1352 4903 1418 4968 29*
