3676 5536
307 337 369 398 303
738 335 781 393 De
796 335 1019 408 Propertionibus
1034 336 1209 400 Homericis.
1273 415 1276 420 1

308 529 429 589 qumum
456 529 522 582 curn
549 517 588 574 nit
616 517 757 590 varictaa,
785 515 872 576 nullis
898 533 1026 592 unquam
1055 515 1168 594 legibue
1195 516 1265 582 illae
1286 517 1491 596 comprehendi
1513 526 1646 596 possunt.

307 599 419 661 Neutra
440 601 528 678 igitur
548 604 622 664 ratio
644 620 696 680 per
710 620 742 662 se
753 601 819 663 solu
833 609 930 664 tuetur
945 604 1132 680 respublicas,
1156 603 1208 664 sed
1223 605 1384 666 miscendas
1408 605 1493 666 docet
1508 607 1646 680 Bodiuns,

307 695 341 748 ut
363 697 393 748 et
414 687 494 766 leges
517 691 584 764 sint,
607 690 659 752 sed
681 707 800 775 paucae,
824 693 894 768 quia
915 691 1014 766 legum
1034 691 1188 752 multitudo
1211 709 1295 770 seges
1318 701 1362 752 est
1385 693 1530 754 uberrima
1543 695 1646 764 litium,

197 839 203 844 ,
308 783 338 835 ct
358 775 451 838 multa
479 779 665 854 magistratus
692 779 810 838 arbitrio
831 786 1035 851 retenentur,
1063 795 1121 840 nou
1149 781 1227 840 lacta
1249 787 1361 842 tautum
1389 780 1564 857 singularia,
1596 783 1646 842 sed

309 865 397 924 etiam
427 865 557 941 integrae
587 865 744 926 nonnullae
763 866 915 926 ,tactorum
942 869 1053 944 species
1081 875 1234 943 certaeque
1262 867 1337 928 eliae
1365 866 1465 944 legum
1494 871 1645 942 materiae,

307 952 447 1029 imprimis
473 969 632 1029 poenarum
660 954 785 1014 intensio
814 959 844 1014 et
858 953 1001 1016 'remissio
1030 954 1184 1032 legumque
1220 957 1348 1032 ipsarum
1385 957 1583 1034 interpretatio
1616 963 1645 1018 et

308 1039 346 1100 ud
376 1039 444 1098 iacti
474 1041 704 1102 dremmranuer
732 1040 899 1118 applicatio.
944 1041 1002 1102 Hie
1029 1057 1087 1102 nou
1116 1044 1152 1103 de
1174 1042 1279 1119 triplici
1301 1045 1372 1120 reip.
1395 1043 1505 1118 torma,
1534 1046 1586 1104 sed
1610 1043 1645 1104 de

307 1127 536 1203 uuiuscujusque
554 1126 733 1202 gubernandi
761 1128 980 1206 forme.uiplici
1004 1132 1113 1208 egitur3
1141 1148 1221 1191 ruera
1249 1131 1405 1206 aequitatis
1428 1133 1520 1206 ratio,
1550 1131 1646 1193 soluta

307 1213 432 1292 legibus,
456 1223 501 1274 eat
522 1217 722 1276 utemurauea
744 1217 925 1293 gubernandi
946 1217 1029 1292 ratio,
1053 1219 1140 1278 etiam
1159 1221 1187 1276 in
1202 1217 1336 1296 populari
1358 1220 1446 1294 ioque
1461 1222 1543 1296 regio
1558 1228 1645 1280 statu.

309 1301 420 1378 Legum
443 1302 561 1363 uincula
581 1303 821 1380 gubernationem
835 1303 1005 1381 popularem
1026 1305 1144 1380 iaoiuut,
1168 1308 1256 1368 ctiam
1274 1307 1307 1363 'in
1322 1307 1411 1382 regio.
1456 1307 1497 1366 At
1518 1308 1545 1366 si
1567 1307 1646 1384 leger

310 1388 426 1465 quidem
449 1392 516 1463 sint,
540 1391 576 1450 iia
600 1408 669 1451 vero
692 1391 897 1468 derogeturin
919 1391 983 1452 loeo
1007 1399 1035 1454 et
1057 1399 1184 1470 tempore
1212 1411 1265 1469 pro
1288 1393 1407 1452 arbitrio
1435 1395 1647 1469 gubernatoris,

307 1493 326 1536 a
347 1493 462 1538 summa
483 1485 630 1555 potestate
652 1481 820 1559 constituti,
841 1479 1016 1557 gubemetor
1037 1482 1114 1554 iste,
1129 1481 1199 1562 licet
1220 1499 1239 1540 a
1260 1479 1370 1557 pupulo
1394 1479 1492 1566 detur,
1516 1482 1647 1558 regulum

310 1564 457 1640 quendam
479 1567 549 1643 agit.
595 1565 684 1627 Tales
706 1567 876 1644 plerumque
898 1567 1044 1644 praesides
1066 1569 1289 1644 provinciarum.
1314 1567 1364 1626 ·ls
1378 1569 1473 1644 ,igitur
1495 1578 1546 1629 aut
1567 1569 1647 1646 legcs
1671 1595 1676 1606 ·

307 1651 461 1727 observat,
489 1662 542 1714 aut
563 1669 600 1712 ex
621 1671 717 1731 aequo
737 1652 863 1730 judicet,
892 1662 1027 1732 eatenus,
1059 1655 1127 1716 dum
1148 1658 1219 1732 reip.
1243 1655 1323 1714 salus
1345 1657 1471 1731 patitur;
1502 1657 1526 1714 si
1553 1674 1646 1729 secus,

306 1753 365 1800 non
387 1737 503 1822 dubitet
530 1740 702 1802 exorbitare.
749 1739 788 1803 Ut
814 1745 855 1802 si.
868 1744 932 1818 quis
965 1745 1181 1821 proportionum
1204 1745 1331 1820 species,
1362 1760 1438 1818 quae
1466 1743 1646 1804 harmoniam

306 1827 426 1900 iaciunt,
450 1827 593 1902 admittat,
617 1836 650 1888 ut
673 1832 702 1903 2,
727 1831 755 1904 3,
778 1832 807 1903 4,
833 1829 879 1890 vel
905 1832 931 1904 l,
956 1833 986 1902 2,
1009 1832 1036 1904 4,
1060 1847 1135 1908 quae
1159 1830 1387 1906 dissonantiam,
1411 1847 1461 1890 eas
1483 1833 1581 1892 turbet
1602 1835 1647 1891 in·

306 1932 363 1992 quc
386 1923 579 1976 consonantes
601 1923 767 1988 commutet,
791 1923 824 1976 ut
850 1920 881 1991 l,
905 1918 940 1990 3,
966 1919 983 1978 9
1007 1919 1036 1976 iu
1061 1921 1091 1991 1-,
1116 1920 1154 1990 3,
1176 1919 1194 1978 8
1218 1925 1248 1977 et
1270 1919 1308 1990 3,
1333 1919 1367 1996 5,
1392 1921 1408 1976 i
1433 1921 1464 1976 iu
1486 1919 1525 1992 3,
1558 1920 1601 1993 5,·
1618 1920 1646 1978 8.

390 2001 433 2066 X.
457 2002 492 2061 Iu
515 2001 629 2080 legibus
652 2006 734 2082 ipsis,
756 2021 831 2081 quae
854 2011 928 2064 suut·
945 2003 981 2066 de
1003 2003 1116 2064 mulctis
1138 2007 1322 2082 pecuniariis,
1346 2013 1378 2064 ut
1399 2005 1557 2082 plurimum
1579 2010 1648 2083 qui-

306 2088 372 2150 dem
394 2089 576 2152 arithmetica
597 2099 731 2152 senatur
753 2091 927 2168 aequalitas,
950 2099 983 2151 ut
1005 2092 1141 2152 mulctam
1162 2093 1278 2170 legibus
1299 2098 1441 2152 statutum
1462 2093 1562 2158 colret
1584 2096 1649 2170 qui-

306 2193 420 2254 cunque
443 2176 578 2254 deliquit,
608 2181 671 2240 sire
693 2178 777 2240 dives
797 2181 863 2240 sire
885 2197 1003 2257 pauper.
1046 2179 1153 2240 Videre
1183 2187 1281 2240 tamen
1304 2188 1362 2253 est,
1394 2181 1444 2239 ubi
1474 2191 1503 2239 et
1530 2197 1649 2258 gceure-

306 2266 379 2326 uice
401 2265 561 2327 similitudo
584 2269 636 2342 sit,
653 2275 699 2342 ,ut
721 2267 747 2326 si
769 2265 879 2326 mrrleta
902 2268 1007 2344 cuique
1027 2283 1079 2344 pro
1102 2269 1214 2328 ratione
1238 2284 1342 2329 census
1362 2268 1519 2344 irrogetur,
1549 2278 1603 2330 aut
1624 2270 1649 2328 si

304 2361 413 2414 lemme
442 2353 560 2431 litigans
589 2352 749 2431 aliquotam
777 2362 889 2430 partem
919 2359 1033 2414 amittat
1059 2357 1230 2416 aestimatae
1257 2354 1326 2414 litis.
1372 2354 1423 2415 Sin
1446 2363 1546 2416 autem
1577 2359 1650 2416 inter

305 2437 466 2516 locupletes
489 2459 590 2501 omnes
612 2443 706 2518 major
728 2441 830 2518 aliqua
849 2441 959 2502 mulcta
981 2435 1174 2519 nuncupetur,
1198 2444 1272 2502 inter
1294 2449 1396 2502 tenues
1419 2442 1530 2513 levior,
1554 2461 1648 2520 eaque

305 2526 468 2604 usiugulis
492 2529 634 2605 cujusque
665 2527 774 2589 ordinis
797 2529 930 2604 erigatur
958 2530 1133 2607 aequaliter,
1161 2537 1421 2607 temperamentum
1450 2529 1480 2588 id
1505 2532 1559 2592 erit
1580 2548 1650 2607 pro·

305 2616 455 2693 portionis,
481 2615 596 2676 Rodiuo
618 2615 712 2678 diotec
734 2615 928 2677 harmonicae.
973 2616 1037 2678 Nor
1060 2624 1207 2677 mutantur
1222 2617 1270 2678 hic
1290 2619 1514 2694 proportionum
1529 2621 1649 2696 species,

307 2701 360 2788 aed
383 2711 605 2779 componuntur,
627 2711 680 2764 aut
702 2703 911 2764 distribuuntur
933 2707 1030 2780 potius
1047 2704 1229 2770 indistinete
1243 2704 1385 2780 subjecta,
1412 2704 1450 2766 ad
1465 2704 1543 2766 idem
1559 2715 1650 2766 totunr

304 2791 487 2866 pertinentia.
628 2798 631 2805 '
863 2805 866 2811 “
1357 2837 1358 2842 ι

365 2875 449 2944 ¹XI.
472 2875 583 2953 Leges
598 2879 754 2938 verdariae
771 2877 938 2956 *plurimum
968 2878 1076 2940 habent
1112 2878 1148 2940 de
1177 2881 1362 2955 proportione
1390 2881 1587 2955 geometrice,
1620 2887 1652 2940 nt

306 2971 416 3040 quanto
439 2965 562 3041 quiaque
586 2965 682 3026 altiori
706 2965 861 3042 dignitatis
879 2963 972 3043 gradu
996 2967 1138 3040 consistit,
1169 2974 1250 3025 tauto
1272 2969 1427 3042 pretiosior
1450 2967 1477 3028 ei
1492 2970 1651 3044 ,pemitta-

305 3059 351 3112 tur
373 3059 492 3112 ornatur
515 3054 658 3130 restium3
679 3053 843 3130 aequalitas
866 3052 1047 3114 arithmetica
1068 3053 1259 3114 intolerabilis
1286 3053 1335 3114 bie
1358 3061 1411 3114 est
1456 3052 1533 3128 Quia
1557 3061 1651 3114 tamen

304 3155 399 3215 neque
421 3138 486 3201 sula
508 3142 635 3200 varietas
658 3139 791 3200 ordinum
811 3142 843 3200 iu
868 3142 974 3200 vestitu
994 3140 1210 3206 ¹distinctionem
1236 3141 1382 3219 postulat,
1410 3140 1460 3202 sad
1483 3139 1584 3218 aliqua
1607 3143 1652 3202 bic

304 3227 379 3286 ratio
400 3225 538 3287 habenda
560 3229 724 3304 copiarum,
759 3226 861 3304 aliqua
888 3229 1066 3303 meritorum,
1099 3245 1194 3305 neque
1217 3227 1315 3308 facile,
1333 3244 1433 3289 omues
1456 3228 1574 3288 ordines
1597 3247 1652 3290 uua

207 3311 210 3319 “
303 3313 369 3390 lege
391 3323 516 3392 pessunt
537 3315 703 3376 enunciari:
726 3321 986 3392 temperamentum
1008 3315 1124 3391 aliquod
1148 3317 1300 3392 utriusque
1327 3317 1523 3393 proportionis
1545 3319 1651 3394 partim

303 3401 429 3478 legibus,
446 3403 518 3479 ipsis
543 3405 631 3462 inseri
656 3401 747 3475 solet,
781 3405 885 3480 partim
916 3403 1034 3470 arbitrio
1056 3403 1268 3464 moderatorum
1292 3405 1475 3480 permittitur.
1521 3404 1555 3463 ld
1580 3412 1652 3464 tem·

303 3497 503 3565 perameutum
525 3490 659 3551 Bodinus
685 3489 884 3550 harmonicum
906 3497 1015 3564 censet,
1039 3492 1108 3566 quio
1122 3489 1289 3550 harmonias
1313 3491 1515 3567 conjunctione
1531 3491 1652 3552 duarum

303 3579 463 3653 specierum
478 3580 681 3656 ,proportionis
704 3576 813 3636 definit.
858 3576 932 3636 Mihi
953 3577 1150 3638 harmonicum
1172 3595 1231 3638 nou
1246 3585 1300 3640 est,
1324 3595 1391 3638 cnm
1409 3577 1561 3638 affectetrrr
1583 3597 1652 3657 pro·

304 3666 400 3741 portio
421 3665 482 3724 alia
505 3672 534 3725 et
556 3669 764 3742 exprimeretur
785 3664 926 3741 perlecta,
949 3667 976 3724 si
998 3673 1105 3741 posset

389 3749 465 3815 ΧΗ.
489 3751 571 3812 ldcrn
593 3753 653 3812 tere
675 3749 711 3812 de
726 3752 772 3810 iis
794 3751 909 3824 legibus
932 3750 1100 3824 dicendum,
1123 3770 1199 3828 quac
1223 3770 1288 3813 eum
1310 3752 1347 3812 de
1369 3754 1471 3829 poenis
1494 3755 1562 3828 sint,
1588 3772 1652 3832 per·

305 3855 395 3900 sonae
417 3838 545 3900 illustres
568 3838 698 3916 periculo
722 3837 840 3915 capitia,
858 3838 971 3898 nobiles
995 3840 1151 3917 suspendio
1174 3843 1304 3900 eximunt
1326 3857 1544 3918 poenarumque
1559 3859 1651 3917 genus

304 3933 501 4000 commutant,
533 3944 611 3986 mere
633 3943 653 3986 a
674 3926 806 4004 plurimis
828 3927 965 4002 gentibus
987 3937 1112 4004 recepto.
1158 3927 1234 3988 Nam
1256 3945 1338 4006 reus,
1370 3925 1541 4004 dignitatem
1564 3947 1651 4006 quam

306 4014 437 4076 babebat
458 4017 611 4087 amittens,
640 4015 759 4090 gravius
781 4013 839 4074 boc
861 4011 1008 4075 dedecore
1023 4018 1140 4091 punitur
1162 4011 1356 4097 (geometrica
1377 4015 1444 4090 lege
1471 4015 1649 4092 obseruata),

306 4103 456 4178 quamsi,
480 4104 531 4178 qui
553 4104 582 4160 in
607 4101 750 4178 dignitate
769 4101 853 4161 nulla
875 4102 946 4175 tuit,
971 4104 1059 4179 virgis
1082 4103 1219 4162 caedatur
1241 4103 1374 4182 publiceq
1402 4104 1503 4178 ireque
1524 4103 1651 4164 dissimi-

304 4189 375 4250 lium
398 4207 557 4268 poenarum
579 4188 742 4266 aequalitas
764 4187 906 4265 quaedum
929 4207 993 4249 esse
1015 4197 1112 4266 potest
1134 4198 1164 4250 et
1185 4190 1349 4256 distributio
1372 4189 1542 4252 harmonica
1565 4209 1650 4252 sensu

306 4275 421 4348 Bodiui,
445 4280 497 4354 qui
520 4277 568 4338 bic
590 4275 778 4338 Aristotelem
801 4276 903 4352 rejicit,
927 4279 977 4352 qui
999 4279 1039 4336 iu'
1052 4279 1186 4353 praemiis
1209 4276 1327 4353 quidem
1349 4280 1556 4354 geometricam
1584 4297 1650 4358 pro·

310 4365 485 4443 portionem,
509 4367 537 4424 in
560 4367 663 4444 poenis
687 4381 755 4423 rere
779 4364 989 4423 arithmeticam
1012 4364 1184 4424 servandam
1207 4365 1353 4424 docuerat.

393 4449 481 4512 Xlll.
504 4453 557 4512 list
585 4461 614 4512 et
641 4451 701 4513 alia
729 4453 756 4510 in
789 4452 905 4528 legibus
936 4451 1109 4528 poenalibus
1140 4451 1332 4512 observabilis
1365 4454 1518 4530 proportio·
1549 4454 1649 4514 eodem

305 4543 550 4620 temperamento,
581 4555 657 4616 quae
680 4555 738 4600 uon
762 4537 977 4615 delinquentem
999 4541 1123 4613 attinet,
1150 4539 1203 4600 sed
1224 4557 1368 4618 personae
1389 4540 1489 4600 laesae
1512 4541 1650 4606 honorem

306 4630 336 4682 et
358 4622 525 4688 vindictam.
572 4627 700 4688 Gdarius
721 4627 798 4688 enim
820 4629 952 4703 punitur,
984 4629 1034 4703 qni
1058 4629 1213 4704 prinoipem
1236 4629 1380 4702 civitatis,
1412 4629 1502 4703 quire
1522 4645 1649 4690 unume

309 4707 434 4788 collegio
457 4711 617 4776 electorum
637 4714 756 4788 occidit,
786 4731 874 4790 quam
897 4718 948 4790 qut
971 4715 1153 4791 agricolamq.
1174 4718 1293 4792 gravium
1321 4717 1371 4792 qui
1394 4713 1534 4790 liberum,
1564 4733 1649 4794 qnam

307 4799 359 4872 qui
381 4815 506 4863 serrum.
550 4801 626 4864 ilem
653 4804 708 4866 etsi
731 4801 955 4864 muceriolas
983 4802 1021 4862 ad
1042 4804 1246 4882 geometricen
1276 4811 1322 4866 eat
1343 4801 1494 4866 reinsede
1514 4803 1650 4868 similitu-
