3698 5534
494 333 502 346 ¹
615 361 617 366 ’
744 363 828 421 bilior
844 363 876 422 V.
892 365 986 436 (isput
1001 320 1050 425 ld.
1403 345 1404 350 ἵ
1508 367 1572 431 828

221 537 282 600 lere
303 549 445 620 perpetuo
467 550 584 622 pescet3
615 547 646 603 in
667 546 755 604 unica
777 561 849 606 vere
871 546 959 606 denis
981 554 1012 624 at
1033 545 1152 620 Martis,
1184 546 1259 606 inter
1281 544 1376 608 diesin
1399 545 1573 606 010000110-

220 629 310 688 nium.
348 630 480 708 Apparet
503 634 592 709 igitur
612 632 690 692 10000
712 640 843 694 mutuom
858 637 1020 696 cessionem
1042 633 1233 711 uutdqnaque
1255 650 1319 695 esse
1342 631 1431 694 valde
1452 632 1571 693 bouem

306 803 457 866 Hactenus
490 808 579 883 igitur
605 807 642 868 de
670 807 727 867 Dei
758 808 904 870 0001110011
941 823 1029 888 opere
1065 808 1151 868 nobis
1178 803 1419 888 inserensque
1469 809 1574 870 Restat

220 931 314 991 nune,
346 923 380 977 01
400 918 450 978 rel
472 919 590 980 tandem
621 919 719 980 oeulis·
744 927 772 980 et
795 923 930 982 menibus
960 921 995 983 de
1025 920 1127 982 tabula
1158 919 1438 982 demonstrationum
1462 921 1572 982 abistis

221 1030 309 1106 inque
333 1032 447 1090 eoelum
470 1032 608 1108 sublatis,
640 1031 760 1102 Patrem
787 1033 931 1103 luminum
964 1035 1088 1099 devotus
1122 1042 1151 1097 et
1173 1033 1298 1114 supplex
1328 1052 1506 1120 comprecer:
1547 1031 1572 1103 0

221 1143 273 1218 qui
292 1142 404 1204 lumine
425 1151 548 1207 naturus
563 1145 753 1214 ¹desiderium·
770 1150 800 1220 ip
824 1150 909 1210 nobis
936 1164 1096 1226 promoves
1117 1146 1236 1212 luminis
1257 1151 1387 1226 0011100,
1416 1156 1450 1210 01
1470 1165 1522 1228 per
1542 1149 1574 1214 ti

221 1255 379 1317 transferas
402 1273 456 1317 nos
478 1259 507 1315 iu
531 1257 629 1318 lumen
653 1261 781 1337 gloriae,
804 1265 915 1338 gratias
938 1279 995 1340 ago
1019 1263 1072 1323 tibi
1096 1261 1217 1322 Greutor
1238 1261 1376 1342 Domine,
1400 1263 1448 1340 qui
1473 1261 1574 1324 delen·-

221 1371 290 1428 tasti
313 1387 359 1430 ms
383 1372 411 1429 iu
435 1371 623 1460 incensatus
653 1382 682 1435 et
704 1377 732 1433 in
757 1377 895 1454 operibus
918 1394 1058 1436 manuum
1087 1382 1202 1436 tuarum
1226 1375 1383 1438 exsultavi.
1429 1375 1473 1436 En
1497 1394 1574 1438 nuuc

222 1500 296 1562 opus
319 1489 520 1548 consummavi
543 1487 732 1566 professionis
753 1506 847 1565 meae,
871 1493 960 1552 100110
982 1508 1053 1552 uem
1075 1492 1185 1567 ingenii
1209 1491 1330 1564 viribus,
1354 1498 1480 1567 quantas
1502 1491 1574 1552 mibi

222 1594 346 1674 dedisti;
369 1595 555 1659 manifestavi
579 1601 700 1684 gloriam
725 1619 842 1680 opernm
865 1612 982 1664 tuorum
1006 1604 1188 1678 bominibus,
1211 1605 1285 1663 istas
1307 1603 1572 1666 damonssrettores

221 1709 348 1786 lecturis,
373 1720 513 1789 quantum
538 1713 573 1774 de
596 1705 676 1775 illius
700 1715 841 1778 infinitate
865 1735 968 1798 capere
991 1723 1149 1798 potuerunt
1171 1719 1325 1796 angustiae
1346 1720 1453 1778 mentis
1475 1733 1574 1794 meae3

221 1833 353 1902 promtus
376 1828 447 1889 mibi
468 1827 524 1888 luit
546 1830 660 1890 0010000
681 1830 721 1890 sd
752 1831 987 1894 emendatissime
1008 1803 1291 1910 philosophe-udum
1321 1832 1348 1894 ei
1377 1829 1447 1910 quid
1476 1830 1576 1908 ludis·-

221 1955 292 2000 num
314 1941 373 2004 tuis
395 1941 525 2002 consiliis
547 1942 695 2018 prolatum
717 1963 737 2004 0
757 1963 818 2030 me,
849 1945 1010 2006 vermiculo
1041 1949 1071 2004 in
1104 1946 1261 2007 volrrtebro
1294 1952 1481 2024 peccatorum
1503 1951 1575 2006 nato

223 2061 260 2114 et
274 2056 428 2128 innutrito,
460 2057 539 2134 qnod
562 2060 636 2118 scire
658 2049 732 2118 v'elis
754 2057 903 2133 homines,
932 2057 962 2118 id
986 2075 1103 2137 quoque
1125 2061 1267 2138 inspires,
1297 2067 1330 2119 ut
1352 2057 1519 2136 emendem3
1549 2059 1575 2118 si

222 2141 337 2230 tuorum
362 2186 482 2251 operum
507 2167 672 2233 admirabili
695 2171 913 2252 pulchritudine
935 2177 965 2233 iu
988 2176 1182 2248 temeritatem
1202 2173 1353 2253 proiectus
1375 2191 1449 2248 sum,
1473 2181 1526 2234 sut
1547 2175 1574 2234 si

222 2281 354 2360 glorium·
367 2285 512 2368 propriam
533 2283 613 2362 apud
636 2285 768 2346 bomines
790 2289 898 2362 surani,
922 2287 991 2348 dum
1012 2286 1183 2364 progredior
1204 2288 1235 2348 ie
1258 2303 1345 2364 opere
1369 2293 1438 2348 tuse
1460 2286 1574 2364 glories

199 2391 376 2471 destinato,
399 2399 478 2456 mitis
501 2407 531 2458 et
552 2400 715 2459 misericors
738 2391 898 2476 condona3‘
913 2398 1039 2480 deniqne
1062 2409 1095 2460 ut
1118 2399 1382 2460 demonstrationes
1405 2401 1479 2460 istae
1503 2407 1573 2461 tuse

222 2509 333 2588 gloriae
363 2516 393 2571 01
415 2511 575 2574 animarum
605 2513 694 2574 saluti
717 2511 822 2576 cedent
837 2530 898 2586 ,nec
924 2514 951 2574 ei
975 2513 1122 2574 ullatenus
1145 2513 1258 2592 obsint,
1286 2513 1436 2597 propitius
1459 2495 1591 2577 efficere·

223 2622 360 2702 densus.

799 2845 941 2920 CAPUT
967 2843 1005 2918 X.

589 3009 758 3080 Epilogus
777 3007 923 3075 desole,
943 3008 1209 3080 conjecturalis.

310 3169 335 3229 Α
359 3172 472 3230 musice
496 3171 618 3232 coelesti
648 3171 685 3232 od
715 3171 893 3246 auditorem,
922 3172 1058 3233 eldusis
1087 3171 1125 3233 sd
1149 3171 1317 3248 (lberapsm
1339 3169 1524 3250 Apollinem,
1554 3187 1573 3230 a

222 3257 349 3336 planetis
364 3275 417 3318 sex
439 3260 687 3320 circumeuntibus
700 3260 927 3338 harmoniaeque
947 3260 1123 3321 lenientibus
1139 3259 1176 3320 ad
1192 3257 1291 3320 Solem
1313 3261 1344 3317 in
1366 3257 1574 3330 useriuulornm

224 3347 351 3404 omniurn
375 3353 488 3421 centro,
519 3346 699 3416 immobilem
721 3349 802 3422 loco,
837 3351 867 3406 in
890 3365 922 3408 se
944 3349 1041 3426 ipsum
1063 3356 1161 3410 temen
1184 3364 1217 3408 se
1238 3346 1449 3408 resolventem.
1495 3345 1571 3406 dam

224 3435 300 3492 enim
323 3433 543 3495 absolutissima
563 3437 604 3495 sit
622 3439 700 3496 inter
714 3446 859 3496 extremos
873 3435 1058 3512 ptmstamm
1079 3441 1176 3495 motus
1192 3435 1368 3507 harmonice,
1392 3451 1451 3493 non
1473 3433 1574 3511 quoad

227 3521 499 3582 uerssceieritstss
519 3539 572 3599 per
596 3540 699 3584 auram
722 3523 897 3596 aetheream,
921 3522 977 3588 sed
997 3523 1094 3599 quoad
1109 3522 1244 3598 angulos,
1268 3538 1342 3600 quos
1362 3521 1490 3581 10100101
1512 3527 1573 3580 ter-

226 3609 297 3667 mini
326 3609 494 3669 diumorum
523 3627 642 3670 1000000
672 3611 708 3672 de
738 3612 839 3670 orbitis
868 3608 1067 3687 planetarum,
1096 3612 1219 3670 connexi
1249 3627 1315 3669 cum
1345 3615 1443 3668 centro
1475 3606 1571 3683 sotis,

225 3696 378 3756 harmonia
400 3714 472 3758 vero
494 3715 553 3757 uon
576 3699 694 3760 decoret
716 3697 918 3772 terminos-id
941 3704 986 3758 est
1008 3704 1105 3758 motus
1127 3713 1180 3776 per
1200 3713 1234 3758 se
1255 3695 1398 3774 singulos,
1420 3695 1474 3756 sed
1495 3711 1574 3773 qna-

225 3788 415 3844 tenus‘inter
436 3803 468 3846 se
492 3785 586 3862 juucd
617 3793 646 3846 01
676 3789 837 3863 comparati
864 3784 940 3845 liunt
968 3786 1118 3863 objectum
1146 3785 1273 3861 etteujns
1295 3785 1417 3859 0000110,
1450 3790 1480 3844 01
1507 3799 1574 3842 cum
1654 3847 1656 3852 ,

225 3871 337 3931 nullum
359 3872 508 3948 objectum
529 3875 634 3934 trustra
657 3875 696 3934 sit
719 3873 895 3953 ordinatum,
917 3890 975 3933 000
1000 3877 1142 3934 existento
1156 3872 1257 3950 aliqua
1272 3889 1311 3947 re,
1335 3888 1411 3949 quac
1433 3869 1485 3931 llio
1507 3887 1575 3930 mu-

225 3968 344 4033 rentur,
376 3959 476 4036 anguli
499 3977 568 4022 uero
595 3963 644 4021 isti
672 3977 906 4038 praesupponere
934 3961 1089 4022 videantur
1117 3962 1266 4021 actionem
1293 3959 1421 4037 aliquam
1450 3959 1574 4022 stmtiem

225 4050 307 4107 visus
329 4051 420 4106 nostri
443 4055 496 4106 aut
517 4057 594 4109 certe
624 4051 768 4110 sensionis
790 4049 885 4123 iilius,
913 4065 972 4125 qna
1001 4049 1050 4109 lib·
1075 4047 1128 4109 IV.
1152 4056 1257 4109 natura
1285 4049 1452 4109 sublunaris
1473 4047 1571 4124 parci·

225 4137 326 4212 piebat
346 4134 471 4211 angulos
501 4135 648 4195 radiorum
680 4153 715 4196 cx
741 4137 867 4213 01000110
892 4138 922 4194 10
945 4135 1036 4196 Terre
1064 4136 1219 4196 lormatosr
1251 4135 1387 4213 equidem
1417 4134 1514 4212 ousiis
1543 4135 1573 4192 in

225 4222 295 4282 11010
317 4225 415 4299 uisus,
439 4225 489 4299 qui
512 4224 589 4282 oculi
611 4225 682 4295 sint,
705 4232 758 4283 aut
780 4227 847 4300 quis
869 4225 1022 4283 instinctus
1055 4223 1132 4283 alius
1167 4223 1346 4303 percipiendi
1369 4223 1424 4283 hos
1447 4221 1573 4300 engone

226 4313 316 4370 etism
337 4313 400 4371 siue
423 4309 524 4370 ocul'm·
537 4311 770 4389 aestimaudique
792 4313 958 4372 harmonias
974 4319 1105 4371 motuum
1120 4311 1157 4372 ad
1180 4313 1285 4373 mentis
1303 4309 1482 4371 vestibulum
1499 4325 1574 4386 que·-

226 4413 339 4474 eunque
362 4405 447 4474 ports
469 4398 707 4474 ingredientium,
736 4415 812 4476 quae
835 4395 961 4475 denique
991 4416 1074 4459 meus
1097 4402 1153 4460 ista
1176 4401 1205 4457 10
1229 4398 1314 4474 Sole,
1349 4397 1494 4474 conjicere
1514 4413 1573 4457 non
1608 4463 1613 4476 ,

225 4485 309 4545 100110
333 4492 378 4546 est
399 4485 519 4546 Terram
542 4485 746 4546 insolentibus.
793 4483 948 4562 Utcunque
977 4493 1074 4548 100000
1096 4505 1128 4546 00
1161 4487 1291 4547 babeam
1312 4487 1385 4559 ista,
1416 4492 1493 4546 certe
1515 4485 1573 4544 cir·

227 4575 401 4652 compositio
423 4572 476 4632 ills
498 4589 550 4633 sex
573 4574 687 4633 orbium
708 4575 911 4652 primariorum
933 4575 1011 4634 circs
1032 4572 1148 4649 Solem,
1182 4573 1339 4633 colentium
1361 4571 1573 4650 1110000οψ0-

226 4662 283 4722 tuis
315 4659 622 4720 circumvolutionibus
660 4669 689 4720 et
717 4659 810 4720 veluti
848 4660 1032 4722 adorantium
1067 4659 1155 4743 (sicut
1187 4661 1308 4721 seorsim
1336 4657 1422 4722 Jovts
1451 4659 1573 4740 globum

226 4755 360 4826 quatuor,
384 4747 631 4824 Saturnumduo,
656 4745 804 4810 Tellurem
826 4764 896 4807 vero
919 4755 949 4808 01
971 4766 1025 4809 000
1048 4749 1111 4826 eJus
1135 4748 1248 4810 incolas
1271 4749 1358 4810 unios
1379 4745 1465 4810 Luna
1486 4744 1579 4818 cursu

227 4840 330 4916 ningit,
366 4834 451 4910 colit,
480 4835 560 4895 louet
582 4837 725 4915 nobisque
747 4833 935 4912 famuletur),
967 4845 996 4897 et
1019 4835 1063 4896 illi
1093 4835 1320 4898 semiderationi
1345 4836 1408 4912 jons
1430 4835 1573 4900 0000110010

1351 4939 1417 5002 21*
