3698 5534
809 301 893 358 Liber
909 302 958 358 lll.
977 301 1065 374 caput
1081 303 1130 360 ill
1147 363 1150 378 ,
1313 263 1316 282 Ι
1572 323 1662 384 Μ.

296 477 393 528 natura
410 473 564 531 sublunari:
583 491 637 531 uon
656 476 726 534 enim
745 478 839 548 quanti
856 479 911 541 tint
929 482 1018 536 metus
1036 481 1254 556 considerantur,
1281 487 1329 544 sed
1347 496 1464 560 quantoe
1482 493 1511 550 in
1529 494 1588 552 ritu
1605 495 1645 554 ia·

295 552 370 610 ciunt
387 553 510 629 angulos.
1615 626 1618 634 ·

382 634 456 689 Nota
472 633 561 690 XXII.
598 633 662 690 Tria
680 635 786 700 diversa
804 638 962 694 ostenderat
979 641 1006 694 iu
1024 649 1128 696 mente:
1154 642 1379 716 speculationem,
1401 649 1550 722 actionem,
1568 655 1645 712 habi·

295 725 365 784 tunm
384 711 412 767 in
432 715 525 770 eadem
542 713 595 770 tria
614 713 790 771 distribuerat
807 715 889 772 etiam
907 724 992 774 totum
1009 720 1236 776 mathematicam.
1273 724 1352 791 Qu⁰tl
1366 727 1449 797 stilus
1465 749 1523 796 ⁰⁰¹1
1538 741 1661 792 ΝΜ

295 799 453 869 speculetur
470 793 693 862 mathematicus,
711 793 760 848 sed
778 795 858 852 etiam
877 803 1006 865 operetur
1023 813 1058 854 ex
1076 807 1135 854 arte
1153 816 1203 878 sna
1226 809 1254 856 et
1272 804 1387 873 denique
1405 812 1579 870 artificiosum
1597 815 1644 872 hs*-

295 879 381 934 hitum
400 879 451 934 sibi
469 879 618 944 comparet,
642 871 698 942 jam
722 888 803 941 porro
821 875 920 944 prebat
945 875 1140 948 asensilihus,
1169 879 1267 948 quihus
1292 883 1384 940 utitur.
1420 888 1580 959 Argumenti
1604 897 1645 953 ris

295 956 363 1012 haec
381 965 440 1012 est:
460 969 557 1011 sensim
576 959 618 1008 est
634 967 724 1010 rernm
742 959 821 1008 erue
839 954 954 1010 animam
971 955 1130 1012 rationalem
1148 959 1334 1028 existentium,
1362 965 1433 1025 circa
1450 985 1518 1040 quas
1536 991 1645 1033 reman-

295 1047 339 1092 tur
357 1037 478 1094 actiones
504 1038 531 1090 et
555 1031 741 1102 operationem
769 1033 793 1088 si
818 1048 881 1104 ergo
909 1034 1027 1103 subiecti
1042 1037 1225 1102 mathematici
1250 1040 1424 1108 pulchritudo
1453 1065 1514 1105 sese
1539 1059 1645 1116 tantum

294 1113 480 1172 intrumentis
499 1111 601 1168 lamma
619 1113 782 1180 contineret,
809 1127 860 1168 nec
879 1111 952 1168 iuras
971 1115 998 1168 in
1017 1116 1137 1172 senones
1156 1125 1184 1174 et
1201 1117 1310 1176 habitus
1329 1136 1389 1176 sese
1407 1121 1554 1201 proterret,
1580 1140 1645 1192 tnnc

295 1195 381 1266 primo
396 1193 587 1250 mathematica
604 1207 659 1246 non
678 1199 801 1248 uteretur
819 1192 944 1248 sensibus
957 1193 1046 1264 certis,
1065 1194 1162 1253 deinde
1181 1197 1256 1254 nulla
1269 1207 1341 1255 esset
1353 1201 1489 1260 distinctio
1501 1207 1572 1270 inter'
1585 1227 1645 1271 ten·

296 1291 352 1342 ωδ,
371 1288 455 1329 „usa
472 1270 683 1342 propinquitatis
702 1269 737 1324 ad
754 1273 899 1341 rationem,
918 1271 999 1326 tertio
1018 1271 1046 1326 in
1064 1272 1208 1330 sensilibus
1227 1276 1319 1332 nullus
1337 1287 1411 1336 esset
1427 1293 1570 1353 respectus
1586 1291 1646 1359 pnl-
1673 1301 1679 1322 “

235 1377 237 1391 .
297 1350 468 1421 chmtndinis,
486 1357 517 1406 nt
536 1350 582 1420 qui
600 1358 643 1405 eet
661 1365 708 1406 ens
727 1349 848 1426 rationis.
884 1353 921 1405 nt
939 1358 1002 1406 sunt
1018 1354 1232 1422 praestantiores
1251 1356 1325 1414 risus
1344 1363 1371 1414 et
1383 1361 1493 1418 audiam
1509 1369 1646 1425 strationl

297 1426 452 1499 viciniores,
472 1437 500 1499 et
519 1437 561 1484 est
579 1443 663 1498 penes
681 1427 789 1484 illorum
808 1429 933 1498 subjecta
951 1439 1092 1500 respectus
1110 1433 1334 1505 pulchritudinis;
1353 1439 1470 1512 denique
1487 1443 1562 1500 hisce
1580 1445 1646 1503 duc·

296 1513 347 1566 bue
366 1509 491 1564 sensibus
510 1523 576 1576 prae
595 1507 693 1562 ceteris
712 1509 797 1562 utitur
814 1508 1011 1565 mathematice.
1049 1511 1122 1580 Ergo
1142 1510 1211 1568 haec
1229 1509 1550 1586 facultatatemplectitnr
1564 1525 1646 1580 etiem

295 1589 416 1646 actiones
434 1595 462 1643 et
480 1586 615 1642 exercitia.
1610 1645 1613 1652 ’

382 1669 455 1724 Nota
472 1666 573 1722 XXill.
608 1666 679 1720 Esse
697 1679 760 1721 vero
778 1665 862 1722 hosce
882 1667 950 1723 dnos
968 1684 1064 1724 sensus
1082 1669 1181 1726 rationi
1200 1685 1280 1739 quam
1300 1675 1416 1732 maxime
1428 1686 1567 1750 cognatos,
1585 1701 1647 1754 pro·

294 1748 340 1803 b„
358 1763 393 1802 εχ
412 1754 506 1802 mutua
523 1745 643 1814 ipsarum
660 1745 821 1814 cognatione
834 1745 1029 1816 exercitioque,
1047 1749 1075 1803 in
1090 1765 1144 1819 qno
1159 1746 1305 1819 plurimum
1321 1754 1435 1812 rationis
1453 1757 1565 1831 relucet,
1584 1780 1647 1825 uam

295 1827 322 1882 ln
340 1827 394 1882 hoc
412 1823 537 1880 consistit
554 1822 664 1879 illorum
682 1824 821 1894 cognatio,
841 1823 913 1895 qnod
928 1824 1027 1894 juvant
1043 1827 1177 1884 rationem
1194 1828 1273 1898 eique
1291 1830 1465 1892 tumulantur.
1505 1825 1510 1836 ’
1659 1897 1661 1902 ,

384 1905 456 1959 Nota
474 1903 572 1959 XXIV.
609 1904 650 1958 De
669 1902 873 1959 mathematiocs
891 1904 1107 1975 practicapartc
1126 1906 1264 1963 indefinite
1283 1909 1400 1980 dixerat3
1421 1912 1478 1982 jun
1496 1927 1648 1986 quaesunt
1713 1931 1716 1940 ’

293 1983 452 2053 potissimae
470 1982 605 2053 practicae
623 1982 827 2038 anathematicas
846 1984 965 2053 species,
989 1998 1040 2052 per
1064 1985 1172 2040 eosdem
1192 2002 1288 2044 senens
1313 1989 1442 2062 explicat,
1467 1996 1565 2063 quibus
1583 2001 1646 2058 hac-

293 2069 373 2120 tenus
392 2076 454 2118 esse
472 2060 577 2130 aliquas
596 2061 624 2116 in
642 2076 741 2128 genere
758 2061 928 2130 probaverat
964 2063 1046 2120 Visus
1069 2063 1140 2120 enim
1162 2067 1260 2121 rationi
1286 2071 1370 2144 servit
1393 2072 1427 2126 ad
1454 2081 1646 2138 astronomiam
1725 2083 1734 2094 ‘

296 2142 464 2202 discendam,
484 2141 593 2197 auditus
611 2139 646 2196 ad
664 2139 848 2196 harmonicen.

366 2222 440 2276 Nota
456 2221 540 2275 XXV.
578 2221 616 2274 iit
634 2226 750 2290 utraque
767 2218 860 2290 utitur,
878 2227 933 2274 mm
953 2222 1100 2288 geometria
1117 2237 1198 2292 qrtam
1212 2223 1388 2280 arithmetica
1423 2229 1492 2285 Nam
1516 2232 1545 2288 in
1563 2241 1649 2291 astro·
1674 2251 1678 2260 ’

282 2302 384 2360 ‚nomia
402 2299 497 2370 figuris
517 2307 586 2369 opus
606 2307 655 2370 est,
676 2299 711 2354 ad
730 2297 844 2354 immam
862 2305 983 2356 motuum
1003 2300 1250 2372 demonstrandam,
1269 2307 1387 2363 numeris
1407 2309 1441 2366 ad
1459 2319 1583 2382 tempora
1599 2315 1647 2370 att.

294 2396 348 2451 qua
365 2379 568 2436 dinumeranda.
604 2379 648 2436 Sic
675 2379 756 2434 etiam
779 2378 806 2433 iu
832 2379 988 2434 harmonice
1012 2379 1107 2450 tigranis
1131 2381 1217 2436 utitur
1240 2382 1413 2442 Ptolemaeus
1435 2389 1471 2444 ad
1495 2391 1645 2456 sectionem

294 2459 412 2514 chordae
430 2459 600 2529 canonicam,
624 2473 674 2528 ego
693 2473 757 2512 vero
775 2455 869 2512 iisdem
889 2463 951 2511 ntor
973 2456 1208 2530 multomaxim03
1232 2465 1352 2518 numeris
1369 2481 1433 2521 sero
1456 2468 1561 2540 indiget
1584 2488 1646 2541 pro·

293 2537 460 2604 portionum,
483 2537 528 2606 qtti
548 2535 739 2592 consonantias
764 2544 792 2591 et
810 2543 900 2592 cetero
918 2517 1076 2592 hemncnica
1098 2537 1241 2594 intervalla
1258 2537 1383 2609 gignunt,
1407 2546 1481 2601 saria
1506 2549 1645 2612 etmulti-

292 2614 355 2686 plex
374 2615 500 2670 traotmio
519 2615 712 2670 arithmeticae.

379 2703 452 2758 Nota
470 2703 567 2757 XXVI.
605 2703 786 2758 consobrinas
804 2703 926 2773 appellet
943 2671 1137 2758 astronomiam
1156 2711 1184 2760 et
1201 2705 1383 2779 harmoniam,
1406 2711 1470 2781 quia
1488 2721 1587 2772 matres
1606 2717 1646 2788 ip.

293 2799 401 2851 smum,
422 2781 496 2838 illiue
519 2781 592 2836 risus
611 2789 639 2835 et
656 2781 738 2850 hujus
756 2781 878 2846 auditne,
906 2797 1013 2837 sorores
1039 2788 1119 2852 sunt;
1146 2799 1254 2840 sorores
1278 2794 1367 2842 antem
1390 2789 1465 2846 risus
1483 2799 1510 2847 et
1528 2795 1646 2868 nudius,

294 2861 359 2932 utria
377 2877 545 2918 communem
564 2869 677 2918 matrem
695 2861 798 2916 hahent
815 2860 962 2925 rationem,
980 2859 1022 2914 vel
1041 2860 1105 2929 quia
1122 2861 1201 2918 umbo
1220 2871 1283 2920 sunt
1301 2866 1351 2921 snb
1369 2881 1470 2937 genere
1487 2887 1593 2932 sensus.

381 2951 455 3006 Nota
472 2949 585 3007 XXVII.
621 2948 762 3006 Educatus
779 2947 818 3003 ait
835 2963 852 3004 a
870 2947 1033 3016 nutricibus,
1058 2965 1092 3004 er
1110 2951 1272 3018 cognatione
1291 2969 1341 3010 sua
1358 2957 1503 3025 proximis,
1526 2961 1647 3034 intellige

296 3045 313 3083 a
331 3025 480 3100 geometria
499 3034 526 3082 ct
544 3005 714 3084 arithmetica
732 3033 761 3084 et
778 3033 921 3096 utramqtae
939 3027 1049 3097 quidem
1061 3031 1095 3086 ab
1108 3037 1231 3102 unaque,
1250 3034 1337 3102 magis
1349 3041 1441 3094 samm
1453 3043 1646 3098 astronomia„

294 3109 483 3179 ageometriu,
503 3107 537 3161 ob
558 3107 711 3174 schcmate,
737 3105 823 3176 magis
842 3106 1017 3164 harmonicen
1036 3109 1070 3164 ab
1089 3110 1270 3176 arithmetica,
1294 3116 1328 3170 cb
1346 3116 1536 3186 proportiones
1554 3137 1647 3179 nume·

293 3205 396 3256 rorum,
425 3193 453 3242 et
476 3187 541 3257 quia
563 3183 756 3239 consonantias
774 3183 947 3240 Ptolemaeus
966 3186 1110 3255 investigat
1134 3205 1184 3258 per
1201 3207 1328 3248 numeros
1354 3195 1523 3265 abstractos,
1552 3207 1647 3260 contm

297 3281 377 3338 quam
396 3281 455 3335 ego.
492 3265 619 3319 Proxima
638 3265 718 3318 etiam
738 3271 780 3318 est
797 3265 945 3332 geometria
963 3267 1033 3320 visui
1050 3267 1077 3322 in
1097 3269 1267 3342 cognatione,
1286 3272 1499 3341 qniaschcmata
1511 3278 1569 3332 eolo
1588 3280 1647 3336 visu

294 3345 490 3416 percipiuntur,
509 3359 563 3397 non
584 3342 692 3411 auditu;
711 3341 834 3411 proxima
853 3349 895 3398 est
913 3343 1083 3400 arithmetica
1100 3345 1213 3415 auditui,
1233 3347 1297 3417 qnia
1314 3368 1441 3407 numerus
1456 3370 1510 3408 non
1523 3351 1647 3426 expedite

295 3425 354 3482 risu
372 3426 537 3496 percipitur,
565 3423 618 3478 nisi
636 3439 735 3494 parvus
754 3423 802 3491 sit,
821 3429 849 3478 st
867 3424 1017 3494 percipitur
1034 3423 1161 3492 expedite
1179 3440 1228 3494 per
1246 3428 1381 3498 anditum,
1407 3439 1521 3502 propter
1541 3451 1647 3492 succes-

295 3505 384 3560 siones
406 3503 585 3573 temporarias
607 3503 758 3568 sonituum,
786 3500 820 3554 ad
839 3503 1053 3556 numerationem
1071 3503 1141 3556 enim
1159 3505 1307 3574 requiritur
1331 3516 1439 3577 tempus
1462 3518 1490 3564 et
1508 3515 1645 3578 memoria,

296 3583 393 3653 Aptior
411 3592 453 3639 est
468 3584 566 3638 horum
590 3589 718 3636 cenenum
737 3580 874 3635 distinctio
892 3597 927 3637 ex
945 3581 1131 3651 subjectorum
1149 3581 1317 3640 differentiis.
1352 3587 1421 3642 Nam
1444 3589 1518 3645 meus
1541 3591 1647 3661 subjec-

295 3672 353 3720 tum
369 3665 398 3718 in
415 3670 627 3730 emorerentur,
648 3660 756 3718 auditus
775 3661 888 3729 infieri.
926 3663 1089 3732 Propterea,
1110 3677 1181 3730 quae
1199 3662 1336 3732 ridentur,
1362 3673 1496 3735 quatenns
1514 3669 1646 3738 ridentur,
1707 3673 1710 3686 '

296 3760 330 3800 ea
346 3751 410 3800 attat
428 3751 456 3798 et
473 3741 500 3798 ln
518 3747 654 3798 momento
675 3746 747 3807 sunt,
767 3753 836 3807 quae
856 3755 919 3795 vero
938 3740 1093 3805 audiuntur,
1116 3757 1149 3796 ea
1167 3742 1297 3811 temporis
1314 3749 1432 3800 nactum
1449 3748 1598 3817 requIrunt,
1616 3756 1647 3804 ut

293 3822 373 3890 fiunt,
392 3831 419 3878 ct
435 3821 502 3877 lucis
522 3817 639 3876 effluxus
659 3826 701 3874 est
718 3817 745 3872 in
764 3826 910 3878 momento.
929 3819 989 3874 soni
1002 3820 1029 3888 in
1041 3827 1170 3890 tempore.
1207 3822 1302 3889 Itaque
1316 3819 1408 3892 fulgur
1424 3823 1557 3894 fragorem
1569 3843 1647 3898 prae·
1664 3839 1667 3844 '

296 3901 409 3956 vertitur
427 3901 455 3955 in
473 3901 585 3968 eiflnru,
604 3897 656 3953 etsi
674 3897 700 3952 in
720 3897 794 3952 fonte
811 3898 866 3952 siut
884 3898 975 3957 simul.
1011 3899 1076 3954 Cum
1094 3900 1176 3970 igitur
1198 3900 1279 3956 etiam
1303 3906 1453 3963 numeratio
1475 3913 1582 3974 tempus
1605 3922 1646 3961 re·

297 3978 395 4048 quirat,
414 3996 467 4034 non
486 3979 574 4034 miuus
594 3993 673 4046 quam
692 3991 783 4042 sonos,
802 3976 858 4031 sive
872 3975 929 4045 jam
948 3975 1079 4034 audibilia
1095 3995 1275 4047 numeremus,
1294 3981 1350 4038 sive
1362 3983 1498 4054 raihtis,
1509 3985 1573 4040 hinc
1592 4001 1646 4040 mo-

294 4065 413 4113 mentum
431 4044 542 4128 aliquid
560 4056 664 4112 accedit
682 4054 718 4109 ad
736 4055 923 4126 cognationem
942 4057 1051 4112 auditus
1069 4075 1130 4113 curn
1148 4059 1326 4116 arithmetica.

382 4137 528 4193 litantem
547 4141 686 4207 appareat,
706 4135 840 4205 quomodo
859 4135 988 4190 distincta
1006 4135 1060 4191 sint
1077 4137 1111 4192 in
1123 4137 1199 4194 hisce
1217 4139 1314 4194 mentis
1333 4137 1522 4212 affectionibus
1542 4141 1647 4200 theoria

296 4221 323 4272 et
339 4219 446 4288 praxis.
474 4217 578 4272 animus
602 4215 636 4270 ed
655 4215 829 4285 geometriam
851 4217 998 4285 praecipue
1024 4222 1066 4270 est
1089 4216 1294 4272 convertendus.
1330 4217 1363 4272 In
1391 4233 1423 4272 ea
1445 4220 1646 4290 propositiones

295 4297 432 4366 pertinent
450 4297 485 4353 ad
504 4295 697 4365 speculativam
716 4303 835 4364 partem,
862 4311 923 4348 nam
940 4295 1058 4349 formant
1084 4304 1243 4366 conceptum
1265 4295 1453 4351 theoreticam.
1490 4300 1646 4369 Apparatus

296 4384 323 4431 et
341 4375 467 4432 formatio
492 4375 637 4430 schematis
661 4389 695 4428 er
718 4375 911 4444 propositicnIe
934 4373 1103 4443 praescripto
1128 4381 1156 4428 et
1179 4374 1304 4432 deductio
1323 4375 1562 4432 demonstrationis
1581 4387 1644 4434 sunt

296 4453 476 4510 rudimentum
488 4453 644 4510 manuarias
656 4451 922 4520 repraesentationis.
946 4451 1019 4507 Usus
1031 4465 1094 4504 raro
1107 4451 1306 4522 propositionis,
1325 4451 1422 4520 etjam
1435 4452 1643 4527 demonstratae,

296 4533 330 4590 ad
350 4534 403 4590 alia
420 4542 503 4604 atque
521 4532 573 4588 alia
592 4531 769 4602 erpedIeuda,
788 4531 850 4586 rice
865 4528 1011 4588 habitualis
1030 4529 1152 4586 exercitii
1169 4538 1240 4586 sunt.
1272 4531 1310 4586 Et
1321 4529 1436 4598 amplius
1451 4531 1482 4586 in
1501 4534 1572 4588 omni
1591 4533 1644 4605 syl-

295 4611 418 4684 logismo,
437 4613 597 4682 praesertim
616 4610 819 4678 mathematico,
838 4610 925 4677 major
943 4609 1092 4680 propositio
1111 4609 1195 4664 ricem
1213 4607 1409 4678 speculationis
1425 4611 1494 4678 chit,
1513 4620 1556 4672 est
1574 4613 1643 4670 enlm

297 4693 332 4748 de
350 4692 499 4760 abstracto,
525 4691 612 4747 minor
629 4691 715 4747 ricem
733 4688 862 4758 actionis,
886 4688 950 4758 quia
968 4687 1101 4742 subsumit
1119 4687 1227 4756 aliquod
1245 4685 1405 4756 plerumque
1422 4696 1593 4759 concretum,
1612 4700 1644 4746 ut

298 4785 381 4826 sonos
399 4769 442 4824 rel
460 4767 575 4824 chordas
593 4769 636 4825 vel
653 4767 745 4826 radios
763 4777 791 4822 ct
810 4765 907 4824 sitnilia
924 4765 953 4824 iu
970 4767 1162 4838 propositionis
1181 4765 1303 4838 suhjccto
1314 4767 1412 4840 posita,
1430 4768 1527 4840 quibus
1546 4770 1648 4828 tribuit·
