3732 5528
838 321 980 392 eporegia.
1516 329 1577 390 etl

234 503 287 564 sed
308 463 360 566 ille
381 511 510 579 tantum,
541 504 592 580 qni
619 504 647 562 in
677 503 839 582 geometria
866 500 1013 565 invenitur
1035 497 1227 561 harmonicus.
1274 501 1316 560 Αι
1335 502 1496 578 geometria
1528 517 1579 564 ens

234 594 358 652 rationis
382 602 436 671 est,
460 590 539 667 quod
561 608 612 668 per
634 607 666 650 se
688 589 800 650 nullam
822 588 912 646 lrabet
934 587 1101 648 efficaciam.
1148 585 1270 663 Oportet
1293 606 1374 664 ergo,
1399 596 1436 650 ut
1457 605 1579 664 geome-

235 681 291 738 tria
313 679 402 753 baec,
427 681 520 738 latens
544 680 573 736 in
597 678 780 754 aspectibus,
804 683 873 750 agat
897 675 1050 749 objectiva.
1096 673 1136 732 At
1158 675 1303 749 onjeeuve
1332 681 1361 734 in
1384 677 1496 738 nullam
1519 692 1579 736 rem
1676 739 1679 750 ,

235 783 321 843 agere
352 767 513 844 quidquam
540 774 654 842 potest,
681 757 742 823 'nisi
774 765 803 822 ιιι
833 761 987 822 facultates
1009 759 1166 838 animales,
1183 769 1230 832 ,ut
1256 765 1366 826 musica
1396 766 1424 822 in
1447 764 1578 826 auditum

235 855 382 931 agricolae
404 855 548 914 saltantis.
595 850 681 927 Quod
704 854 794 928 igitur
811 857 951 910 causetur
974 857 1070 909 motus
1092 850 1167 908 sitris
1190 850 1228 908 ad
1243 854 1453 928 praescriptum
1476 869 1580 930 aspec-

234 949 317 1000 tuum
349 945 378 1000 in
402 942 492 1002 Terra
514 941 717 1012 formatorum,
750 937 778 996 id
806 944 850 996 est
874 936 1007 994 animalis
1035 935 1184 996 facultatis
1207 941 1351 1015 particeps
1381 947 1410 998 et
1438 942 1467 998 in
1490 939 1580 1000 'l'erra
1637 977 1640 984 ·

236 1047 392 1106 praesens3
426 1037 455 1089 et
485 1032 555 1105 quia
584 1026 613 1086 id
647 1035 778 1088 meteora
807 1033 906 1086 versat
934 1027 1008 1100 petre
1031 1025 1172 1082 arbitratu
1195 1041 1248 1087 sno
1272 1025 1336 1106 (ιιιι
1360 1029 1435 1085 enim
1465 1026 1495 1085 id
1519 1028 1578 1087 bini

236 1115 371 1193 planetae
394 1118 512 1190 faciunt,
536 1121 568 1174 ιιι
589 1131 679 1192 penes
696 1131 776 1190 ¹quos
800 1116 828 1171 in
854 1110 935 1170 coelo
959 1121 1105 1170 currentes
1131 1111 1202 1173 nibil
1225 1120 1269 1171 est
1291 1114 1327 1174 de
1343 1123 1471 1191 aspectu
1492 1131 1579 1190 prae-

236 1207 313 1264 senti
335 1207 478 1278 terrestri,¹
506 1199 560 1262 n'ec
588 1202 619 1260 id
641 1202 711 1262 feeit
739 1203 976 1278 capacissime,
1009 1207 1041 1258 ut
1069 1199 1118 1274 qui
1150 1198 1285 1260 accidens
1308 1209 1353 1262 ιιι
1383 1200 1529 1262 radiorum
1549 1213 1580 1262 et

236 1300 353 1369 propter
375 1309 458 1351 suam
480 1292 688 1368 geometricam
710 1289 940 1348 conformitatem
963 1303 1014 1346 ιιιι
1037 1285 1183 1365 rationis),
1215 1287 1261 1346 bis
1283 1289 1372 1364 igitur
1393 1297 1437 1349 tot
1458 1293 1580 1349 rationi-

122 1385 124 1388 '
236 1381 291 1440 bna
310 1380 489 1453 conficitur,
521 1379 549 1437 id
572 1395 637 1438 esse
660 1377 808 1452 quoddam
830 1391 922 1450 genus
945 1375 1068 1432 animae.
1113 1372 1159 1434 Τιι
1181 1374 1252 1449 lass,
1281 1375 1422 1451 Roberte,
1453 1379 1580 1438 rationes

239 1468 396 1543 pensitato,
421 1476 481 1526 tum
506 1467 622 1526 demum
645 1463 715 1540 quid
739 1462 955 1533 tibi-videatur,
980 1461 1139 1520 rescribite.
1184 1461 1258 1522 Nam
1274 1481 1351 1523 nunc
1373 1463 1489 1541 quidem
1513 1464 1581 1523 nul·

239 1555 296 1614 lius
318 1553 455 1614 momenti
479 1562 523 1613 est
547 1552 618 1612 illud
641 1563 723 1611 tuum
744 1551 855 1622 uideri,
880 1550 947 1608 dum
971 1548 1149 1608 influentiam
1172 1548 1290 1625 quidem
1313 1555 1462 1636 nomines,
1488 1569 1580 1612 voca·

154 1631 163 1640 ⁵
236 1641 305 1702 bulo
336 1642 493 1702 accidentis
522 1640 558 1700 de
586 1639 821 1718 praedicamento
853 1639 976 1696 actionis
1008 1636 1055 1696 vel
1087 1639 1230 1712 passionis
1262 1637 1302 1718 (in
1325 1657 1430 1716 genere
1461 1637 1578 1720 motus),

236 1732 348 1789 interim
372 1740 469 1790 tamen
493 1729 559 1788 lruic
583 1728 759 1795 influentiae,
784 1741 841 1784 non
866 1734 998 1784 naturam
1023 1731 1148 1797 tantum,
1172 1725 1332 1786 sedetiam
1356 1731 1524 1804 appetitum
1548 1737 1580 1788 nt

235 1817 418 1876 substantiae
442 1816 555 1875 cuidam
579 1818 691 1888 tribuis,
715 1813 752 1872 ad
775 1829 861 1889 quem
885 1812 934 1871 ille
950 1817 1046 1871 adrem
1068 1812 1129 1882 hue,
1148 1819 1235 1889 atque
1258 1814 1328 1876 illuc
1349 1815 1456 1875 flectat.
1496 1815 1580 1890 Quie-

237 1904 325 1964 modo
349 1907 426 1964 enim
448 1922 484 1964 ex
507 1904 564 1962 lroo
586 1911 638 1962 tuo
659 1902 756 1962 videri
778 1901 902 1975 liqueat,
925 1899 1030 1959 falsam
1053 1916 1116 1960 esse
1142 1917 1237 1962 means
1259 1904 1448 1976 sententiam,
1480 1907 1579 1980 potius

234 2009 323 2068 quarn
352 2011 386 2052 ιιι
416 1992 577 2051 rationibus
602 2007 660 2066 -pro
688 2007 754 2048 moa
773 1991 920 2050 sententia
948 1985 1096 2064 productis
1118 1987 1244 2063 liqueat,
1277 1990 1381 2050 falsum
1404 2009 1469 2051 esse
1498 2001 1579 2050 tuum
1602 1997 1611 2014 ¹

235 2081 390 2140 obscurum
413 2079 510 2139 uideri
532 2081 594 2138 sine
617 2079 793 2148 rationibus,
825 2074 889 2134 solu
912 2076 1052 2152 sapientis
1075 2076 1173 2134 nescio
1201 2077 1284 2151 eujus
1308 2081 1494 2153 anctoritate,
1526 2095 1580 2140 nee

236 2185 272 2227 ea
294 2166 397 2242 liquidi
420 2183 533 2240 sensus,
556 2163 722 2224 munitum?
766 2163 904 2239 Spiritum
919 2162 1046 2222 solarem
1066 2164 1091 2220 ιι
1114 2169 1145 2222 ιιι
1167 2163 1215 2224 ιιι
1230 2167 1391 2237 substituis,
1415 2166 1461 2226 dic
1483 2169 1579 2244 igitur,

236 2272 286 2314 cnr
308 2257 427 2332 spiritus
448 2255 503 2314 iste
526 2253 630 2312 solaris
653 2269 710 2312 non
733 2251 799 2312 eliis
823 2252 877 2311 nisi
902 2249 959 2309 illis
982 2258 1144 2324 temporum
1166 2254 1320 2312 momentis
1340 2258 1579 2328 morsatadrem,
1646 2282 1648 2290 v
1707 2237 1720 2262 “

235 2358 300 2401 cnm
324 2344 456 2401 binorum
480 2357 719 2417 quorumcunque
750 2339 932 2416 planetarum
960 2335 1034 2396 radii
1058 2337 1272 2412 configurantur
1303 2342 1332 2398 ln
1355 2339 1468 2400 Terra?
1513 2339 1579 2416 Quo

233 2429 329 2490 medio
352 2432 470 2505 spiritus
493 2425 548 2488 iste
564 2427 642 2487 Solis
664 2429 852 2506 pervestigat,
877 2423 946 2500 quid
971 2425 1006 2488 de
1033 2425 1213 2500 planetarum
1236 2427 1324 2486 radiis
1346 2428 1398 2487 flat
1421 2432 1448 2488 in
1469 2428 1580 2490 Terra?

234 2515 351 2591 Quanto
374 2516 489 2576 facilins
513 2525 573 2588 ιιι,
598 2523 630 2574 ιιι
651 2517 692 2574 ιιι
715 2516 813 2590 potius
836 2513 935 2574 sedum
958 2513 1081 2587 figamus
1105 2516 1234 2590 spiritui,
1265 2517 1315 2574 nbi
1338 2519 1502 2592 cognoscit,
1527 2517 1578 2576 nbi

234 2613 262 2663 et
296 2610 432 2680 operatur
462 2603 620 2662 seeundum
650 2603 728 2679 quod
762 2603 920 2676 cognoscit.
967 2599 1044 2658 lllud
1077 2609 1107 2658 tn
1138 2604 1218 2676 agis,
1253 2603 1309 2663 hoc
1331 2621 1396 2680 ego.
1448 2605 1579 2664 Virtutes

234 2707 363 2768 agnosco
384 2694 552 2766 sapientiae
573 2691 685 2766 ubique
707 2692 831 2765 agentis,
855 2705 955 2746 omnes
978 2689 1095 2746 omuino
1118 2687 1271 2750 facultates
1294 2691 1451 2765 animales,
1475 2707 1526 2752 sen
1550 2694 1579 2749 in

235 2777 326 2839 ‘l'erra
348 2796 400 2838 seu
422 2781 451 2836 in
474 2779 583 2854 plantis
606 2779 668 2836 sive
692 2779 719 2834 in
743 2777 869 2836 homine.
916 2773 1132 2850 Dispositiones
1156 2793 1223 2836 vero
1250 2780 1277 2835 in
1302 2778 1384 2839 coelo
1419 2780 1465 2838 vel
1486 2783 1580 2857 spiri·

237 2873 285 2926 tur
305 2867 415 2926 soloris
444 2867 492 2926 rel
520 2869 688 2941 sapientiae
715 2865 827 2940 ubique
850 2865 965 2939 agentis
996 2879 1050 2938 ego
1080 2863 1176 2922 nullas
1200 2869 1285 2939 nori,
1317 2866 1476 2927 secundum
1506 2883 1579 2943 quas

234 2962 340 3020 natura
361 2951 529 3013 sublunaris
553 2955 720 3012 concitetur.
767 2951 935 3022 concitatur
963 2952 1039 3010 enim
1069 2950 1228 3015 secundum
1257 2961 1351 3012 certas
1370 2953 1581 3030 dispositiones
1692 2995 1695 3014 .

234 3040 382 3100 radiorum
406 3043 434 3099 in
458 3040 556 3114 Terra,
580 3041 636 3099 froc
658 3041 837 3116 experientia
859 3043 1000 3115 perpetua
1016 3045 1148 3112 constet,
1171 3046 1202 3097 at
1225 3042 1252 3098 in
1270 3040 1350 3100 coelo
1374 3041 1579 3117 dispositiones

233 3131 310 3190 istae
330 3145 516 3205 nequaquem
549 3131 655 3202 insunt,
687 3129 725 3187 ob
748 3126 778 3185 id
800 3130 912 3202 ipsum,
938 3128 1007 3200 quia
1029 3127 1058 3184 ιιι
1081 3124 1171 3184 Terra
1192 3129 1299 3187 insunt.
1344 3127 1470 3205 Spiritus
1492 3126 1579 3204 Solis,

224 3218 291 3296 rais,
316 3216 366 3276 dat
389 3216 515 3292 planetis
538 3219 628 3276 vitam
652 3223 681 3274 et
703 3217 838 3274 animam.
885 3211 961 3287 Quid
986 3211 1128 3274 commodi
1152 3213 1243 3276 habet
1271 3225 1323 3276 tua
1345 3219 1489 3276 sententia
1510 3210 1580 3294 prae

238 3277 326 3364 mesi
371 3303 416 3362 Tn
441 3302 477 3364 ad
501 3303 627 3378 quodvis
648 3311 827 3364 momentum
849 3317 958 3360 novam
980 3299 1080 3360 educis
1102 3301 1286 3376 planetarum
1311 3305 1437 3364 animum
1461 3321 1497 3362 cx
1519 3308 1581 3382 spi-

239 3393 294 3450 ritn
318 3389 412 3465 Solis,
444 3409 493 3468 per
516 3409 603 3467 quam
626 3392 686 3449 bini
709 3389 845 3467 planctae
869 3386 935 3448 inde
964 3405 999 3450 ex
1022 3388 1141 3448 sedibus
1163 3392 1225 3448 suis
1248 3390 1424 3451 coelestibus
1453 3401 1581 3452 meteora

237 3481 333 3538 cieant
347 3481 375 3536 ιιι
398 3479 547 3538 sublunari
563 3479 682 3553 mundo,
697 3479 786 3554 idque
801 3476 839 3536 ad
856 3477 1065 3551 praescriptum
1081 3483 1251 3552 aspectuum
1266 3480 1295 3536 in
1311 3478 1410 3540 Terra.
1446 3478 1580 3553 Quantae

236 3565 291 3626 lrae
313 3567 474 3644 ambages?
519 3565 636 3641 Quanto
659 3583 713 3641 ego
736 3562 918 3642 probabilius
942 3563 982 3620 ibi
1005 3562 1097 3636 huno,
1131 3565 1155 3620 si
1186 3567 1228 3624 ita
1251 3568 1312 3638 vis,
1345 3569 1477 3644 spirltum
1499 3584 1578 3643 pono

234 3660 418 3732 perpetuum,
440 3655 490 3713 ubi
513 3671 651 3731 praesens
675 3653 716 3710 illi
739 3653 790 3710 lex
811 3649 931 3727 agendi,
956 3649 1006 3708 ubi
1029 3658 1058 3710 et
1081 3667 1154 3726 opus
1176 3652 1257 3726 ejus,
1290 3657 1317 3709 in
1341 3661 1447 3714 natura
1466 3655 1579 3715 scilicet

234 3740 408 3801 sublunari?
454 3743 559 3801 Aerem
583 3739 654 3800 dicis
679 3742 792 3800 animae
815 3737 915 3798 muudi
946 3739 1077 3814 spiritum
1101 3739 1270 3800 inferiorem.
1317 3741 1381 3801 Nou
1406 3742 1579 3802 contendam

235 3831 292 3889 lrac
314 3827 349 3889 de
370 3847 401 3890 re
423 3836 532 3904 tecum,
557 3847 601 3901 ca,
625 3845 713 3904 quarn
737 3845 791 3903 ego
816 3825 875 3884 dixi
898 3823 1004 3884 Terrae
1028 3828 1170 3900 animam,
1195 3828 1269 3888 sitne
1292 3845 1324 3890 ιι
1347 3831 1410 3906 ipsa
1435 3830 1578 3905 quasdem

233 3924 369 3992 separata
392 3919 498 3992 anima,
522 3933 598 3978 anne
620 3917 718 3992 potius
742 3915 861 3976 alterius
884 3914 999 3974 animae
1022 3913 1165 3988 majorum
1184 3911 1315 3990 gentium
1340 3920 1474 3994 spiritus,
1499 3927 1530 3976 ut
1553 3921 1579 3978 si

235 4007 301 4079 quis
324 4007 352 4062 in
377 4005 463 4064 corde
486 4004 621 4064 animalis
644 4005 758 4063 animae
781 4001 881 4062 sedem
895 4008 994 4078 ponat,
1019 4003 1047 4059 iu
1065 4000 1150 4060 oculo
1166 4019 1222 4064 non
1239 4005 1365 4064 einimnm
1385 4023 1480 4081 neque
1497 4005 1577 4064 illam

237 4091 440 4166 decumanam,
464 4109 559 4167 neque
582 4101 747 4167 separatam
771 4093 913 4151 minorum
935 4085 1080 4165 gentium',
1105 4090 1156 4150 sed
1179 4091 1283 4152 saltem
1305 4095 1440 4169 spiritum
1462 4092 1578 4169 plenum

232 4181 329 4256 speeie
353 4179 432 4240 illins
454 4182 572 4254 reginae
595 4181 624 4236 in
647 4179 733 4238 corde
756 4177 882 4238 sedentis
911 4179 939 4233 iu
963 4193 994 4236 ιι
1018 4193 1145 4253 egressa.
1191 4179 1248 4253 Sit,
1279 4183 1413 4257 inquam,
1447 4179 1503 4242 hoc
1526 4183 1577 4253 ita,

233 4269 270 4326 sit
292 4285 358 4327 mea
380 4267 453 4328 baec
475 4269 591 4339 anima,
622 4283 710 4342 quam
733 4265 839 4326 Terrae
862 4265 973 4352 tribuo,
1007 4265 1079 4324 nihil
1101 4265 1182 4326 alind
1211 4285 1298 4343 qnam
1320 4270 1440 4343 spiritns
1463 4269 1578 4328 animae

233 4353 331 4414 mnndi
354 4353 426 4414 alibi
447 4353 584 4416 sedentis.
632 4356 671 4413 ιιι
693 4354 750 4413 huc
772 4352 878 4412 adduci
901 4369 958 4412 non
982 4367 1110 4428 possum,
1134 4361 1168 4411 ιιι
1181 4353 1289 4431 largiar
1312 4356 1374 4429 tibi,
1398 4355 1598 4434 materialem

234 4442 310 4501 hune
334 4446 430 4502 alirem
454 4441 535 4500 illum
559 4443 653 4516 ipsum
677 4459 740 4502 esse
763 4443 904 4516 spiritum,
929 4441 978 4514 qui
1003 4446 1033 4498 ιι
1054 4443 1176 4517 percipit
1190 4443 1381 4517 geometriam
1395 4451 1576 4518 aspectuum,

234 4531 262 4588 in
285 4529 375 4588 Terra
397 4530 600 4602 formatorum,
625 4537 654 4588 st
676 4528 834 4588 secundum
858 4545 923 4586 eam
945 4534 1073 4588 meteora
1095 4531 1153 4588 ciet
1175 4530 1289 4589 actibus
1312 4531 1576 4606 intermittentibus,

234 4617 315 4676 velut
344 4616 381 4675 ad
412 4617 539 4686 edictum
570 4619 712 4692 praetoris
741 4631 921 4692 comparans.
966 4613 1040 4672 Nam
1069 4633 1122 4674 nee
1145 4615 1196 4675 llla
1227 4619 1404 4692 geometriae
1425 4619 1577 4694 impressio

233 4703 266 4764 fle
293 4706 322 4761 ln
344 4707 511 4777 materiam,
542 4704 649 4764 obtusa
676 4705 763 4762 nimis
792 4711 836 4764 est
859 4703 924 4774 illa,
956 4700 1007 4762 sed
1031 4703 1058 4759 ιιι
1083 4703 1176 4762 solam
1206 4703 1295 4764 talem
1317 4711 1466 4778 naturam,
1500 4724 1576 4782 qnae

233 4793 353 4852 rationis
384 4799 431 4853 est
462 4789 678 4866 quedammodo
700 4792 860 4868 particeps,
894 4805 960 4846 cnm
988 4791 1150 4864 geometria
1179 4791 1217 4848 sit
1238 4793 1361 4852 rationis
1383 4792 1517 4870 babitus,
1549 4801 1578 4856 ιι
1651 4859 1653 4864 ,

1248 4879 1258 4906 Ι
