3698 5534
289 334 354 396 290
680 328 723 382 De
741 325 861 394 Motibus
878 323 1051 382 Planetararu
1072 324 1250 385 Harmouieis.

288 507 384 575 vallis.
428 506 553 568 Notahls
573 503 709 581 amplius,
734 504 927 581 planetarianr
951 503 1070 569 Saturni
1091 514 1122 565 et
1143 505 1230 573 ,Iovis
1253 508 1392 582 majorem
1413 510 1553 573 excedere
1573 511 1642 590 har·

288 597 443 680 uranicam,
466 595 578 654 scilieet
601 592 732 667 triplam,
765 595 930 668 quantitate
952 593 1011 662 lerq
1034 601 1129 668 muta,
1161 603 1272 670 quanta
1293 603 1339 655 est
1362 596 1485 656 Veneris
1512 603 1643 675 propria,

256 678 260 686 ’
289 692 319 744 et
341 681 512 744 tantundem
539 681 600 744 lere
623 680 725 756 deesse
749 683 895 740 communi
925 681 1027 755 majori
1050 680 1155 739 Martis
1179 691 1208 740 et
1230 682 1375 762 Telluris,
1403 679 1641 762 consurgentium

289 780 319 835 at
341 770 563 846 divergeutium.
608 768 732 826 Notabie
756 770 850 840 tertio,
875 767 934 827 lere
951 769 983 826 in
1007 770 1207 844 superioribus
1230 787 1294 833 esse
1316 771 1483 834 harmonias
1498 773 1643 836 stabilitas

269 861 363 918 ‚inter
386 865 616 933 consurgentes,
635 863 667 915 at
696 858 726 914 in
757 856 942 932 inferioribus¹
969 857 1043 914 inter
1065 865 1162 916 motus
1193 855 1326 934 ejusdem
1353 859 1468 936 plagae.
1514 861 1593 922 Nota
1615 869 1645 922 et

288 949 500 1023 quarto,‹inter
521 943 641 1004 Satumi
663 949 691 1002 et
715 943 842 1004 Telluris
865 941 998 1018 aphelios
1021 961 1085 1004 ease
1100 947 1232 1020 proxime
1248 949 1377 1022 quiaque
1393 948 1552 1024 diapason,
1575 967 1644 1008 nam

251 1106 252 1110 Ἰ
286 1052 355 1111 pare
385 1036 533 1099 tricesima
562 1029 692 1110 secunda
722 1031 759 1090 de
790 1033 842 1089 bi‘
866 1033 908 1090 3“
940 1037 985 1093 est
1018 1034 1047 1090 l‘
1070 1031 1150 1106 47⁸,
1185 1049 1251 1092 curu
1274 1033 1415 1112 ,aphelius
1437 1036 1558 1096 Saturni
1585 1037 1643 1098 ha-

289 1121 358 1182 beat
384 1122 508 1180 1‘to‘t
1143 1169 1144 1174 ,

373 1207 465 1267 Porro
487 1211 631 1281 magnum
649 1203 802 1264 discrimen
827 1207 947 1264 interest
975 1206 1050 1263 inter
1072 1205 1233 1283 explicatas
1256 1209 1437 1284 singulorum
1460 1210 1644 1288 planetarum

287 1295 453 1354 harmonias
483 1303 511 1353 et
537 1294 613 1351 inter
639 1292 818 1367 iunctorum.
861 1292 938 1352 ,Nam
969 1293 1038 1355 illae
1062 1293 1179 1367 quidem
1201 1294 1305 1358 eodem
1334 1301 1472 1373 temperis
1494 1311 1645 1362 momento

287 1385 412 1445 existere
435 1400 493 1443 nou
515 1387 653 1458 possunt,
682 1379 738 1445 hae
761 1396 831 1439 vero
855 1383 974 1440 omnino
997 1389 1137 1458 possunt,
1162 1384 1231 1458 quia
1261 1383 1338 1444 idem
1363 1385 1499 1465 planeta,
1524 1405 1644 1448 versans

286 1473 316 1530 in
339 1489 393 1530 suo
417 1469 552 1546 aphelio,
582 1483 641 1527 uon
669 1467 757 1529 simul
785 1475 883 1546 potest
910 1486 975 1531 esse
1003 1476 1033 1528 et
1059 1469 1088 1526 in
1113 1472 1249 1546 opposito
1278 1471 1497 1549 perihelio,'at
1519 1474 1644 1536 duorum

285 1558 470 1635 planetarum
498 1556 571 1616 alter
592 1557 621 1612 in
644 1571 698 1614 suo
722 1555 854 1631 aphelio,
884 1554 958 1618 alter
987 1559 1018 1614 iu
1040 1572 1094 1615 suo
1124 1557 1264 1634 peribolio
1287 1567 1412 1636 possunt
1442 1577 1506 1623 esse
1538 1562 1643 1624 eodem

286 1648 426 1723 temporis
448 1651 604 1706 momento.
650 1641 794 1718 Adeoque
818 1660 894 1719 quae
917 1645 1066 1720 proportio
1097 1652 1141 1703 est
1164 1653 1267 1706 cautus
1290 1647 1431 1723 simplic'ts
1459 1666 1514 1712 seu
1536 1666 1643 1710 mono·-

287 1733 368 1806 diae,
399 1752 487 1810 quam
519 1729 666 1790 choralem
690 1735 832 1793 musicam
857 1730 986 1790 dicimus
1013 1738 1142 1806 atquae
1165 1731 1231 1792 sola
1261 1735 1408 1810 veteribus
1426 1736 1493 1808 ,luit
1515 1741 1643 1813 cognita,

286 1820 325 1882 ad
348 1830 465 1882 cantum
488 1819 615 1897 plurium
630 1834 745 1893 vocum,
768 1818 921 1895 figuratum
939 1818 1058 1892 dietum,
1081 1821 1232 1878 inuentum
1252 1824 1449 1896 proximorum
1465 1825 1650 1900 seculorum*

286 1908 389 1968 eadem
403 1916 456 1970 est
477 1909 627 1988 proportio
650 1905 882 1980 harmoniarum,
914 1924 987 1982 quas
1011 1905 1120 1982 singuli
1142 1906 1298 1982 designaut
1320 1909 1475 1986 planetae,
1510 1909 1548 1970 ad
1571 1912 1643 1971 har-

286 2001 400 2057 moniae
418 1998 595 2073 junctorum.
640 1993 745 2071 ltaque
764 1995 936 2070 jamporro
959 2011 1023 2070 cap.
1043 1997 1070 2050 5.
1095 2000 1124 2051 et
1141 1994 1170 2053 6.
1197 1995 1305 2070 singuli
1327 1998 1464 2073 planetae
1487 2015 1645 2077 eompara-

285 2084 393 2151 buntur
415 2102 481 2144 cum
503 2087 615 2144 musica
638 2081 747 2142 chorali
772 2089 901 2142 veterum
925 2083 1048 2158 ejusque
1069 2084 1263 2158 proprietates
1292 2086 1321 2142 in
1343 2084 1526 2159 planetarum
1549 2091 1643 2146 moti-

285 2171 341 2232 bus
371 2171 572 2244 osteudentur3
604 2177 635 2229 at
662 2165 807 2246 capitibus
838 2169 1030 2246 sequentibus
1048 2169 1144 2245 juueti
1166 2167 1303 2245 planetae
1339 2189 1405 2234 euru
1427 2173 1552 2248 figurata
1574 2193 1644 2234 mo·

286 2257 375 2322 derna
397 2261 509 2321 musica
531 2259 614 2335 paria
636 2257 731 2318 lacere
754 2256 1038 2318 demonstrabuntur.

859 2487 1001 2562 CAPUT
1029 2489 1066 2560 V.

271 2632 321 2690 'ln
339 2638 628 2704 proportionibus
645 2621 792 2694 motuum
810 2635 1086 2704 planetariorum
1103 2633 1348 2702 apparentium
1366 2636 1418 2703 (ex
1431 2635 1638 2694 Solereluti

285 2722 538 2794 spectantibus)
562 2739 727 2810 expressa
753 2737 826 2778 esse
851 2722 931 2776 loca
956 2721 1175 2792 systematis,
1204 2736 1263 2775 seu
1288 2721 1405 2777 clares
1434 2723 1549 2778 scalae
1573 2741 1640 2778 mu-

591 2811 698 2878 sicae,
717 2816 749 2865 et
767 2823 892 2880 genera
909 2816 1045 2880 cantus,
1064 2807 1138 2863 duri
1157 2817 1189 2862 et
1206 2807 1327 2864 mollia.

373 2955 460 3032 Quod
488 2957 576 3032 igitur
606 2958 680 3021 inter
709 2955 764 3015 hos
795 2953 949 3014 duodecim
980 2958 1119 3015 temrinos
1151 2971 1203 3014 seu
1233 2963 1328 3014 motus
1361 2952 1547 3032 planetarum
1578 2973 1641 3030 sen·

286 3041 385 3102 Solem
409 3047 702 3118 circumcurrentium,
725 3059 840 3102 sursum
864 3042 998 3101 deorsum
1021 3053 1050 3102 et
1073 3057 1310 3118 quaqueversum
1336 3051 1415 3102 stent
1437 3045 1642 3120 proportiones

289 3129 489 3202 harmonicae,
515 3139 567 3190 aut
589 3131 698 3191 talibus
721 3133 798 3190 intra
813 3131 978 3200 insensiletn
995 3141 1106 3208 partem
1119 3130 1252 3188 concinni
1267 3129 1377 3187 minimi
1393 3132 1550 3208 proximae,
1575 3149 1647 3209 pro-

286 3217 388 3276 batum
410 3228 455 3278 est
476 3214 617 3280 haetenus
640 3236 692 3296 per
713 3235 849 3278 numeros
872 3219 943 3278 bine
963 3235 998 3276 ex
1022 3218 1213 3290 astronomia,
1241 3216 1310 3275 iude
1324 3234 1370 3302 ,ex
1391 3216 1562 3278 harmonica
1584 3236 1643 3295 pe·

285 3307 366 3364 titos.
413 3304 666 3380 Quemadmodum
689 3323 759 3386 vero
782 3306 857 3364 libro
881 3305 965 3364 tertio
989 3307 1112 3380 primum
1136 3304 1643 3390 harmonicasproportionoslseor·

286 3394 342 3451 sim
364 3391 495 3468 singulas
519 3395 646 3453 eruimus
670 3395 765 3468 eapite
788 3397 899 3470 primo,
928 3403 997 3452 uarro
1026 3393 1143 3452 demum
1172 3393 1269 3468 eapite
1291 3391 1420 3455 secundo
1453 3409 1504 3452 aas
1528 3410 1642 3464 omnes,

286 3487 432 3556 quotquot
455 3487 544 3552 mant,
569 3483 599 3538 in
620 3481 711 3544 unum
734 3497 887 3541 commune
900 3488 1038 3556 ‹systema
1059 3495 1112 3540 seu
1135 3479 1246 3540 scalam
1262 3482 1407 3540 musicam
1430 3473 1642 3558 compegimus,

286 3569 345 3626 imo
367 3569 473 3643 potius*
490 3583 579 3626 uuam
609 3585 707 3626 earum
730 3565 890 3645 diapason,
913 3585 996 3644 ,quae
1027 3575 1138 3636 ceteras
1169 3573 1316 3644 potestate
1343 3567 1558 3644 complectitur,
1589 3585 1643 3646 per

285 3653 353 3713 illas
377 3663 487 3714 ceteras
511 3657 539 3711 in
562 3655 669 3730 gradus
691 3671 744 3714 seu
767 3655 833 3714 loce
847 3673 901 3714 sua
924 3655 1086 3727 divisimus,
1111 3669 1204 3729 eaque
1228 3671 1266 3725 re,
1295 3661 1328 3712 ut
1349 3651 1430 3714 scala
1452 3665 1543 3728 esset,
1568 3657 1642 3716 edc-

286 3743 394 3816 eimus,
420 3743 570 3822 ,siqnuuc
592 3757 729 3819 quoque,
761 3742 1085 3818 inventisbarmoniis,
1118 3741 1297 3817 quasileus
1319 3743 1382 3819 ipse
1405 3745 1434 3798 in
1457 3742 1566 3804 mundo
1590 3745 1641 3801 iu·
1712 3763 1723 3782 ¹

286 3832 466 3907 corporavit,
490 3831 621 3904 sequitur
644 3837 678 3888 ut
700 3829 867 3904 rideamus,
891 3822 960 3905 num
983 3831 1025 3888 ita
1047 3828 1180 3904 singulae
1203 3835 1281 3888 stent
1303 3827 1440 3902 seorsim,
1469 3839 1504 3890 ut
1527 3830 1639 3890 nullam

287 3933 355 3978 cum
375 3917 495 3993 reliquis
505 3919 714 3992 cognationem
736 3915 873 3990 habeant,
898 3934 934 3976 au
950 3925 1021 3976 varo
1036 3933 1138 3992 orpnes
1161 3916 1236 3990 inter
1250 3933 1281 3974 se
1296 3909 1489 3978 consentiant
1534 3915 1640 3992 Quan-

285 4003 474 4080 quam-facile
490 4012 535 4064 est
559 4004 606 4063 rel
620 4007 683 4064 sine
699 4003 830 4076 ulteriori
843 4005 1031 4079 inquisitione
1044 4002 1230 4076 concludere,
1252 4004 1423 4064 harmonica
1436 4007 1509 4064 istas
1521 4022 1637 4070 summo

291 4091 415 4154 consilto
427 4093 481 4152 ¹sie
495 4091 622 4156 inuicem
643 4097 760 4167 aptatas
782 4107 856 4165 esse,
880 4099 910 4148 ut
932 4093 1009 4164 intra
1029 4109 1119 4158 unam
1137 4089 1236 4176 ‘veluti
1255 4107 1425 4170 compagem
1448 4109 1513 4152 sese
1536 4101 1640 4174 mutuo

285 4177 392 4252 lerant,
416 4194 471 4242 uec
492 4194 552 4238 una
574 4178 661 4237 aliam
685 4177 792 4251 elidatq
822 4175 1016 4254 quippedum
1040 4177 1207 4252 videamus,
1241 4180 1270 4236 in
1294 4188 1355 4238 tam
1378 4175 1531 4256 multiplici
1555 4197 1639 4240 eom-

285 4267 437 4341 paratione
460 4264 616 4326 eorundem
640 4265 826 4324 terminorum
842 4266 982 4340 ,nuspiam
1004 4283 1062 4342 qou
1086 4283 1234 4328 occurrere
1249 4267 1426 4342 harmonias.
1471 4267 1536 4336 Nisi
1558 4270 1648 4332 euim,

287 4369 387 4414 omues
410 4354 545 4414 omuibus
570 4359 688 4428 aptatae
712 4360 809 4410 essem
831 4353 860 4408 in
883 4344 972 4412 unam
993 4353 1122 4424 scalam,
1136 4351 1231 4416 ,iaoile
1255 4354 1318 4414 lieri
1338 4357 1483 4431 potuisset
1506 4349 1552 4437 (et
1574 4355 1639 4416 lac·

286 4447 348 4498 tum
378 4446 423 4499 est
444 4443 569 4517 passim,
598 4439 772 4500 necessitate
799 4439 849 4498 sie¹
871 4436 1024 4522 urgente),
1056 4449 1087 4501 ut
1113 4441 1212 4519 plures
1235 4441 1434 4502 dissonantiae
1466 4445 1637 4502 existerent.

287 4525 327 4588 Ut
348 4530 374 4586 ai
396 4529 463 4602 quis
485 4529 560 4588 inter
582 4529 707 4606 primum
727 4531 759 4600 et
780 4526 939 4606 amandum
961 4529 1115 4594 terminum
1138 4530 1332 4606 constitueret
1351 4538 1465 4590 sextam
1483 4529 1636 4606 majorem,

285 4618 360 4675 inter
381 4613 542 4682 seeundum
564 4622 593 4674 et
616 4616 870 4688 tertium,tertiam
891 4613 1164 4694 itidemmtq’orem,
1197 4619 1261 4682 sine
1283 4625 1417 4696 respectu
1439 4619 1559 4695 prioris,
1583 4617 1635 4678 hio

286 4704 360 4764 iuter
373 4701 497 4779 primum
512 4709 541 4762 at
555 4702 854 4780 tertiumadmitteret
868 4695 1077 4788 dissonantiam
1092 4711 1121 4762 et
1135 4701 1321 4768 interuallum
1331 4706 1534 4767 inconcinnum
1553 4699 1636 4786 ²723.

374 4791 437 4866 Ape
460 4806 530 4852 vero
552 4781 714 4865 rideamus,
737 4806 776 4854 an
798 4789 878 4876 quod
896 4790 959 4866 iam
981 4789 1180 4865 ratiocinando
1195 4783 1384 4870 'collegimus
1407 4789 1438 4860 id
1458 4795 1569 4872 reipsa
1590 4793 1638 4854 sie
