3668 5526
295 347 357 407 456
762 341 927 412 Appendicis
944 341 1167 398 Harmonicorum

294 522 323 578 in
348 525 414 580 a‘c're
438 537 510 598 puro
534 521 640 594 minor,
672 522 700 577 in
725 517 832 595 vapido
862 537 974 579 rursum
1004 523 1113 595 minor,
1144 525 1210 598 post
1240 521 1269 576 in
1292 535 1383 595 aqua,
1415 523 1486 576 tnnc
1508 517 1537 574 in
1562 513 1638 586 oleo,

295 607 402 668 electro
426 617 454 667 ct
477 608 632 686 crystall03
660 609 704 666 sin
729 607 918 681 densitatem,
948 606 1018 667 ordo
1042 611 1096 668 erit
1127 607 1215 680 alius,
1247 609 1307 665 adri
1329 604 1466 672 succedet
1489 605 1587 663 oleum
1611 611 1640 662 et

294 683 441 762 electrum,
466 693 533 755 huic
556 713 641 772 equa,
667 703 736 754 tnnc
761 697 875 768 vitrum,
900 689 1064 772 crystallus,
1088 693 1224 766 adamas,
1247 693 1315 752 inde
1339 711 1445 770 opaca,
1470 693 1529 764 sal,
1554 707 1638 765 mag-

295 800 363 854 nes,
392 792 540 854 stannum,
573 785 696 854 terrum,
724 799 859 858 cuprum,
884 791 1053 862 argentum,
1077 781 1246 858 plumbum,
1270 780 1494 860 hydrargyrum,
1526 795 1639 838 aurum.

294 869 378 928 Adeo
401 878 506 928 natura
529 870 599 928 nibil
625 871 736 929 confert
758 869 796 926 ad
820 872 1036 944 quaternarium
1051 877 1132 928 tuum
1146 870 1298 946 graduum.
1342 868 1529 942 Relinquitur
1550 867 1640 942 igitur

296 959 369 1016 baec
391 956 615 1034 quadripertitis
639 965 689 1016 tuo
713 957 842 1015 arbitrio.
888 957 990 1033 Neque
1013 966 1109 1016 minen
1133 973 1220 1033 super
1243 974 1278 1016 eo
1301 965 1330 1014 te
1353 955 1562 1026 condemnavi,
1586 951 1638 1012 sad

295 1046 462 1121 comparavi
486 1055 573 1120 tuam,
589 1042 757 1104 methodum
782 1055 811 1103 et
833 1061 908 1120 quae
933 1043 1012 1102 illam
1034 1044 1246 1120 ingrediuntur,
1270 1062 1336 1104 cum
1359 1060 1442 1120 mes,
1464 1041 1552 1117 idque
1576 1039 1639 1101 lec·

294 1135 363 1191 toris
387 1131 535 1191 erudiendi
560 1148 662 1203 causa,
686 1148 872 1207 nequaquam
897 1133 983 1207 Igitur
1006 1133 1180 1192 inconsulte.

381 1219 432 1278 Ad
456 1219 641 1296 hnalysin
665 1217 770 1276 XXII.
816 1217 886 1278 dam
909 1218 946 1278 ad
969 1219 1189 1294 praecedentem
1206 1216 1338 1294 analysin
1355 1223 1401 1274 est
1418 1213 1537 1286 dictum,
1562 1215 1638 1273 irene

293 1315 389 1366 textus
418 1305 590 1382 particulam
622 1306 776 1365 cohaerere
804 1323 906 1365 sensus
936 1323 1025 1365 causa
1052 1323 1119 1366 cum
1148 1307 1297 1382 superiori.
1344 1303 1463 1364 Frustra
1491 1304 1580 1379 igitur
1608 1312 1637 1359 to
1718 1360 1722 1372 ,

292 1397 404 1465 munis,
435 1393 580 1463 Roberte,
608 1411 666 1452 non
690 1390 815 1452 advenio
839 1403 1038 1472 oppugnator,
1068 1393 1120 1453 sed
1142 1395 1269 1472 hospes,
1300 1393 1413 1451 eminus
1442 1399 1470 1450 te
1493 1389 1638 1450 salutans.

292 1480 368 1540 Nam
398 1482 453 1538 etsi
480 1481 591 1540 nullam
622 1479 771 1540 attulisses
798 1483 955 1553 rationem,
989 1499 1039 1539 cnr
1061 1481 1192 1558 singulas
1221 1482 1355 1554 regiones
1377 1480 1546 1550 trIsecarcs,
1578 1493 1637 1534 non

291 1567 359 1626 ideo
384 1575 411 1626 te
434 1568 683 1646 reprehenderem,
707 1567 853 1627 sufficeret
865 1568 944 1640 mihi,
969 1577 997 1626 et
1023 1569 1078 1628 hoe
1101 1577 1129 1628 et
1145 1568 1330 1646 praecedenti
1347 1574 1428 1625 textu
1450 1561 1638 1632 monstuisse,

294 1663 322 1714 te
345 1655 463 1713 arbitrio
488 1657 528 1712 uti
552 1658 581 1712 in
608 1655 840 1714 distinctionibus
864 1659 930 1728 tuis,
954 1657 1063 1732 quippe
1087 1657 1136 1732 qui
1158 1673 1235 1715 nunc
1257 1651 1457 1730 quadriseces,
1483 1670 1560 1711 nrrnc
1584 1653 1638 1709 tri-

294 1759 384 1802 seccs.
430 1741 555 1802 Multum
579 1752 608 1800 et
630 1745 692 1818 lpse
716 1743 811 1802 tribuo
835 1743 1014 1819 archetypali
1038 1743 1173 1802 Trinitati
1197 1744 1226 1800 in
1242 1740 1398 1818 effigiendo
1414 1739 1531 1812 mundo,
1556 1739 1635 1815 quod

293 1829 419 1906 Epitom.
445 1830 561 1888 Astron.
584 1827 657 1888 libro
680 1829 733 1888 IV.
758 1829 883 1907 explico.
925 1829 1020 1888 Tuam
1043 1826 1160 1907 quidem
1178 1830 1410 1889 distributionem
1428 1828 1538 1887 dicrum
1555 1845 1637 1886 crea-

296 1918 384 1974 tionis
401 1918 475 1974 inter
491 1933 629 1994 personas
644 1915 795 1975 Trinitatis
811 1925 1013 1977 sacrosanctae
1031 1921 1195 1978 transmitto
1213 1917 1367 1993 theologis,
1392 1931 1449 1992 ego
1469 1923 1515 1974 sat
1532 1915 1636 1987 habeo,

295 2005 321 2062 si
352 2006 381 2060 in
404 2006 470 2080 ipsa
500 2003 594 2080 figura
623 2003 722 2063 mundi
751 2007 839 2080 inque
868 2008 1031 2082 praecipuis
1063 2007 1126 2082 cjus
1149 2007 1284 2066 membris
1313 2003 1460 2082 quandam
1485 2003 1639 2062 exhibeam

295 2090 517 2150 similitudinem
539 2099 743 2150 sacrosanctae
766 2087 925 2150 Trinitatis.

383 2176 415 2236 Si
439 2179 567 2236 triseotio
591 2177 747 2254 cujuslibet
769 2179 903 2238 elementi
926 2177 1087 2253 probabilis
1114 2199 1148 2237 cx
1173 2197 1208 2238 eo
1231 2178 1277 2248 iit,
1308 2177 1386 2253 quod
1411 2177 1525 2236 coelum
1549 2193 1638 2252 supe-

295 2255 358 2322 rum
380 2263 485 2340 triplex
509 2282 574 2324 esse
597 2266 780 2342 perhibetur,
804 2273 880 2335 esto,
904 2281 961 2324 non
985 2253 1040 2341 ego
1066 2265 1094 2324 id
1116 2269 1241 2342 negari,
1272 2283 1339 2324 nam
1362 2264 1441 2324 aliud
1465 2272 1510 2322 est
1530 2266 1639 2340 proha-

295 2352 393 2410 hilitas
416 2355 552 2425 rationis,
578 2350 613 2413 de
637 2371 696 2429 qua
720 2360 750 2411 tu
773 2351 837 2422 hic,
860 2352 941 2411 eliud
961 2354 1163 2428 probabilitas
1184 2371 1342 2430 amulum,
1374 2370 1461 2427 quam
1485 2368 1541 2428 ego
1564 2369 1639 2428 nego

271 2457 345 2514 per
379 2441 476 2499 omnia
504 2441 597 2515 sequi.
644 2441 710 2513 his,
742 2445 769 2498 te
800 2439 835 2499 de
859 2443 1057 2516 proportione
1078 2443 1213 2502 locutmn
1235 2443 1393 2499 actionum
1413 2447 1440 2497 et
1460 2441 1639 2513 passionum

293 2529 372 2584 inter
393 2531 558 2586 materiam
579 2535 608 2585 et
626 2527 779 2603 formam,
807 2545 869 2587 non
896 2519 931 2584 de¹
953 2527 1137 2588 dimensione
1164 2529 1405 2587 intervallorum.
1451 2529 1544 2602 Atqui
1570 2543 1638 2585 sen·

293 2629 378 2672 sunm
402 2615 595 2692 probabilitas
617 2631 654 2674 ne
677 2612 859 2690 sicquidem
883 2616 991 2691 ubique
1006 2619 1145 2691 sequitur.
1193 2616 1275 2674 A‘e'ris
1291 2614 1409 2692 quidem
1431 2623 1489 2673 tres
1505 2615 1638 2690 regiones

296 2701 489 2776 qualitatibus
513 2699 728 2777 quodammodo
752 2701 903 2761 distinctas
924 2702 1014 2762 habet
1036 2703 1224 2772 Aristotcles,
1254 2702 1304 2762 sed
1327 2701 1416 2762 habet
1442 2704 1505 2760 sine
1529 2700 1638 2760 invidia

297 2787 505 2847 hodiernorum
528 2789 784 2867 philosophorum,
807 2799 838 2848 at
860 2793 889 2846 in
912 2791 978 2865 igne
1001 2789 1048 2850 vel
1071 2809 1158 2866 eqrra,
1183 2792 1265 2849 utin
1291 2807 1397 2865 magno
1415 2805 1544 2862 oceano,
1569 2787 1637 2863 quid

295 2891 407 2951 quaeso
436 2882 465 2935 tc
496 2893 531 2934 ex
562 2878 696 2936 sensibus
727 2867 885 2952 allegabis,
919 2877 996 2936 unde
1018 2879 1139 2956 probes,
1169 2878 1252 2937 aliter
1278 2880 1410 2954 superius
1439 2886 1638 2954 comparatum

295 2979 363 3022 cum
393 2963 556 3022 actionibus
586 2971 615 3024 et
644 2964 831 3040 passionibus
859 2963 970 3024 formae
1000 2965 1028 3022 in
1052 2967 1218 3037 materiam,
1249 2964 1331 3024 aliter
1361 2967 1389 3021 in
1413 2964 1525 3036 medio,
1556 2963 1638 3022 aliter

295 3044 419 3124 deniqde
442 3051 471 3106 in
494 3049 592 3122 sunda,
617 3050 814 3126 etquodnam
838 3051 963 3126 signum,
987 3069 1073 3126 quem
1096 3057 1249 3112 terminum
1273 3069 1330 3127 quo
1353 3051 1419 3112 loco
1442 3069 1543 3129 pones,
1567 3067 1638 3109 con-

295 3136 367 3195 finia
390 3135 614 3211 distinguentem
636 3137 749 3196 mediae
771 3139 899 3212 regionis
923 3155 988 3197 cum
1012 3143 1155 3214 extremis,
1180 3142 1249 3216 quia
1268 3143 1410 3198 mensuris
1426 3141 1637 3214 quantitativis,

295 3223 472 3298 aequalitate
496 3223 542 3283 vel
565 3227 751 3300 proportione
775 3227 913 3284 continua
937 3229 1148 3297 constantibus,
1171 3237 1232 3287 tute
1254 3230 1316 3304 lpse
1336 3227 1397 3302 jam
1420 3227 1507 3285 modo
1530 3240 1638 3286 renun-

298 3311 392 3371 ciasti.
437 3309 494 3370 Sed
518 3311 587 3390 quid
611 3327 665 3388 ego
689 3311 797 3370 frustra
820 3311 946 3386 fatigor?
991 3313 1103 3374 Fateris
1127 3331 1194 3375 ecce
1211 3317 1273 3392 ipse
1287 3315 1533 3390 probabilitatem
1547 3315 1639 3386 bium

296 3397 495 3457 distinctionis
516 3417 580 3458 non
602 3416 660 3457 esse
681 3401 715 3456 in
737 3415 835 3474 sensu,
857 3399 909 3458 sed
927 3403 1030 3474 potirer
1051 3405 1085 3460 in
1107 3403 1273 3478 intellecin;
1296 3403 1401 3461 irustra
1416 3401 1546 3478 quidem,
1567 3400 1639 3460 nihil

298 3486 375 3542 enim
397 3493 441 3543 est
463 3487 493 3542 in
515 3484 665 3545 intellectu
689 3503 804 3560 verum,
839 3486 917 3562 quod
940 3505 998 3545 non
1020 3491 1059 3546 sit
1081 3491 1109 3548 in
1134 3507 1178 3561 re,
1208 3507 1283 3564 quae
1315 3497 1360 3550 est
1383 3499 1480 3560 entre,
1514 3489 1570 3547 hoc
1593 3497 1639 3547 est

296 3573 325 3628 in
350 3571 515 3632 sensiIIbus.
559 3573 618 3632 Sed
642 3589 677 3632 ne
701 3572 769 3648 quid
794 3581 874 3633 entra
897 3582 995 3650 septa3
1019 3575 1091 3634 illud
1116 3575 1263 3650 dicebam,
1285 3577 1391 3636 frustra
1415 3587 1442 3635 te
1466 3578 1550 3635 irasci
1574 3594 1638 3635 meo

297 3657 376 3717 dioto
400 3658 436 3718 de
458 3661 516 3717 tuis
540 3659 793 3734 distinctionibus,
818 3679 882 3719 cum
905 3660 934 3719 id
956 3663 1018 3738 lpse
1042 3680 1173 3740 usurpes.

384 3745 436 3804 Ad
460 3745 638 3824 Analysin
662 3745 784 3805 XXIII.
831 3747 916 3822 Quod
940 3751 1123 3824 potissimum
1155 3749 1292 3826 urgebam
1321 3751 1349 3806 in
1373 3748 1429 3806 lrac
1451 3751 1637 3809 conclusione

297 3835 383 3890 unius
407 3836 641 3909 comparationis,
666 3845 778 3892 tuamm
801 3837 945 3894 unitatum
968 3853 1118 3896 mensuras
1141 3855 1205 3896 csse
1226 3836 1462 3896 indeterminatas
1484 3857 1501 3896 a
1525 3846 1636 3911 natura,

297 3919 327 3978 id
351 3919 439 3979 video
469 3929 498 3980 te
520 3922 611 3980 tacita
632 3923 838 3997 praeteritique
870 3922 1036 3983 concedere.
1081 3925 1170 3984 Recto
1193 3926 1281 4001 Igitur
1311 3923 1401 3983 hebet
1429 3941 1495 3983 mea
1517 3943 1637 4001 compa-

297 4009 382 4068 ratio.
429 4006 551 4083 Accipio
573 4015 670 4068 tamen
702 4009 755 4068 ebs
778 4017 806 4068 te
829 4013 989 4080 auctarium
1014 4011 1087 4071 illud
1110 4014 1360 4088 comparationum
1383 4029 1528 4085 mearam,
1559 4012 1636 4088 quod

297 4111 409 4167 mones,
434 4096 486 4153 tibi
509 4095 597 4154 etiam
620 4103 717 4154 motus
741 4113 803 4156 esse
825 4099 1000 4174 propositos,
1025 4101 1098 4158 inter
1120 4117 1194 4175 quos
1216 4102 1254 4157 sit
1276 4099 1435 4172 harmonIa,
1463 4117 1519 4158 non
1543 4103 1637 4159 minus

125 4195 132 4206 ·
198 4227 202 4240 .
297 4199 385 4258 quam
409 4183 488 4256 mihi,
513 4180 564 4242 sed
587 4191 652 4241 tuos
675 4189 771 4243 motus
795 4201 858 4244 esse
881 4186 1071 4258 universales,
1094 4204 1158 4247 esse
1180 4196 1277 4246 motus
1297 4187 1501 4246 alienationum
1526 4198 1554 4246 et
1570 4207 1640 4264 per-‚

297 4269 464 4343 lectionum,
487 4285 568 4329 meos
592 4287 656 4329 esee
678 4271 875 4347 particulares.
922 4266 1044 4350 Accipio
1066 4282 1095 4332 et
1118 4267 1277 4333 co'neludo:
1304 4277 1345 4332 tui
1369 4276 1456 4349 igitur
1479 4273 1636 4335 dimensio-

297 4355 385 4414 nibus
408 4358 621 4416 mathematicis
644 4375 701 4415 non
726 4357 897 4432 subduntur,
920 4367 951 4417 at
972 4363 1027 4418 mei
1051 4360 1223 4435 subduntur,
1250 4369 1434 4439 quapropter,
1458 4369 1491 4420 ut
1512 4366 1636 4422 manime

298 4442 464 4517 concedam,
488 4444 555 4503 illos
578 4453 643 4503 tuos
667 4453 763 4505 motus
786 4463 822 4505 ex
845 4445 895 4504 illo
918 4463 1012 4505 rerum
1036 4464 1139 4521 genere
1155 4466 1229 4522 esse,
1253 4447 1331 4524 quod
1352 4452 1553 4525 proportiones
1568 4451 1635 4508 her-

296 4531 427 4588 monicas
449 4540 561 4604 certas,
591 4539 665 4609 puta
687 4531 867 4592 diatessaron
892 4533 938 4592 vel
961 4534 1097 4611 diapente
1119 4538 1253 4614 recipiat,
1278 4545 1309 4596 at
1330 4535 1442 4609 media,
1475 4539 1581 4613 quihus
1605 4549 1634 4596 tu

298 4613 401 4674 harum
425 4619 585 4691 quamlibet
607 4618 643 4679 de
666 4621 810 4697 praesenti
833 4618 935 4680 adesse
959 4617 1065 4696 discas,
1088 4623 1170 4682 nulla
1192 4631 1268 4682 sunt.
1313 4623 1380 4684 Hoc
1402 4627 1497 4701 ipsum
1520 4643 1635 4685 monere

296 4701 419 4764 lectores
449 4707 505 4763 mei
535 4714 579 4764 est
610 4709 761 4792 propositi.
806 4707 880 4770 Nam
912 4708 947 4768 de
978 4709 1104 4774 motibus
1135 4711 1339 4771 alienationum
1371 4729 1407 4770 ex
1428 4713 1558 4790 proiesso
1588 4714 1633 4792 egi
