3480 5548
281 337 321 398 66
660 331 800 404 Epistulae
817 331 926 402 Kepleri
943 331 1108 401 aliorumque
1126 338 1233 387 mutuae

276 508 376 577 stolus),
395 523 480 560 sumne
497 513 522 559 et
538 523 666 559 movemur
683 514 708 558 et
722 523 799 567 genus
815 511 894 571 ipsius
912 524 1002 560 sumne.
1038 510 1101 570 Ergo
1120 514 1145 558 et
1162 508 1229 558 Dens
1247 519 1343 570 eumne,
1368 507 1430 570 qnid
1448 507 1514 556 enim
1533 512 1573 557 eat
1587 509 1616 556 in

280 581 342 644 Deo,
361 580 427 641 qnod
446 593 496 629 non
514 580 547 628 eit
564 581 631 628 Dens
649 582 719 642 ipset
755 579 788 626 Αι
805 593 859 628 cnm
878 581 921 629 bas
939 581 1042 629 rationis
1059 580 1173 628 tenebras
1192 579 1260 628 Dens
1277 577 1383 641 Spiritus
1401 579 1480 628 sancti
1499 579 1541 628 sni
1559 591 1616 639 gra-

279 651 316 698 tia
333 651 360 698 in
377 655 459 700 mente
477 663 533 700 moa
548 648 697 712 dispulisset,
714 647 786 697 aliter
802 651 879 698 tentis
899 651 929 699 de
947 652 1019 699 rebus
1037 650 1128 698 sentire
1146 649 1229 698 didici.
1256 649 1402 697 Deueenim
1420 648 1519 710 ipsein
1538 649 1615 696 verbo

279 733 324 768 sno
343 722 529 782 proportionem
548 725 670 768 creaturae
688 718 720 766 ad
739 723 871 768 creatorem
889 722 1009 782 expressit
1027 727 1051 768 et
1069 719 1141 783 dixit,
1159 719 1226 779 qnod
1244 719 1329 767 eadem
1349 719 1389 780 sit,
1407 731 1472 779 quae
1488 715 1566 765 nihili
1584 716 1616 764 ad

279 788 383 849 aliquid.
419 789 477 852 Qua
495 791 570 850 igitur
586 791 664 837 frome
682 801 734 836 eam
752 787 941 840 deificabimus?
959 795 1004 838 aut
1022 788 1144 851 quomodo
1162 790 1256 838 rationi
1268 795 1368 836 nostrae
1384 792 1482 836 mutum
1501 789 1617 852 idemne,

280 863 316 924 nt,
334 873 399 920 qnae
418 861 538 909 cenobia
556 859 586 908 de
598 859 650 906 Deo
671 865 741 906 extre
757 858 916 908 menifestum
935 858 1092 908 revelationis
1111 859 1212 907 verbnm
1230 859 1350 922 suggerit,
1375 871 1434 906 vera
1457 871 1509 906 esse
1527 857 1617 908 creda-

280 932 350 978 mnsi
373 944 428 978 cum
446 945 477 978 ea
494 931 527 978 sit
544 941 624 977 coram
642 929 695 976 Deo
713 932 768 976 tota
791 942 847 977 cnm
868 934 923 978 tota
940 930 1046 978 beminis
1057 929 1204 978 substantia
1226 933 1251 978 et
1276 928 1370 975 viribus
1393 926 1568 975 damnationis
1593 931 1617 974 et

274 1002 435 1048 tenebrarum
453 1002 541 1060 abysso
560 1000 679 1062 immores,
698 1001 723 1046 et
739 1003 869 1060 propterea
885 1000 932 1049 Dei
950 1001 1059 1059 inimica,
1077 997 1149 1064 nihil,
1168 1011 1232 1059 quae
1249 999 1351 1059 spiritns
1371 997 1418 1046 Dei
1435 1003 1500 1059 sunt,
1519 994 1616 1044 intelli-

279 1081 346 1129 gens.
384 1069 501 1118 creatura
519 1069 565 1116 liei
578 1081 662 1117 snmus
681 1071 706 1116 et
721 1080 807 1130 genus,
825 1083 908 1118 verum
927 1075 971 1130 est,
989 1070 1033 1118 ssd
1049 1068 1142 1116 fuimns
1160 1073 1185 1116 et
1202 1067 1283 1128 imago
1303 1068 1362 1116 Dei:
1379 1070 1437 1130 jam,
1455 1067 1556 1128 perdita
1569 1065 1618 1114 Dei

280 1138 398 1204 imagine,
423 1135 493 1187 larv'a
510 1138 618 1188 Satanae
635 1151 679 1200 per
695 1143 810 1187 naturam
828 1137 888 1188 facti
907 1153 1004 1205 sumus,
1030 1152 1092 1198 quos
1109 1139 1177 1187 Dens
1199 1139 1323 1186 immensa
1344 1137 1464 1185 bonitatis
1485 1149 1547 1186 snae
1567 1137 1616 1183 mi·

279 1209 412 1258 scricordia
428 1207 518 1256 tolerat
543 1212 568 1256 et
584 1212 706 1269 propagat
728 1209 868 1257 exsemine
890 1210 985 1271 perdito
1010 1213 1034 1258 et
1052 1213 1148 1257 mortuo
1172 1207 1282 1270 perditos
1305 1211 1330 1255 et
1349 1211 1471 1267 mortuos,
1495 1219 1547 1254 non
1566 1205 1615 1253 Dei

279 1278 412 1342 imagines,
438 1278 481 1328 sed
499 1278 619 1342 imagines
637 1277 753 1342 Diaboli,
774 1291 857 1326 coram
872 1281 1008 1341 justissimo
1027 1284 1051 1326 et
1070 1279 1224 1327 severissimo
1243 1279 1304 1338 legis
1323 1276 1422 1327 diuinae
1438 1277 1555 1325 examine
1573 1287 1617 1336 pe-

279 1348 347 1396 nitus
366 1361 421 1396 cum
440 1349 508 1396 omni
525 1349 667 1396 substantia
684 1352 708 1394 et
725 1348 819 1396 ilribns
837 1349 979 1398 damnatos:
997 1362 1113 1409 maguum
1132 1350 1197 1398 eninr
1216 1353 1254 1396 eet
1271 1351 1295 1394 et
1312 1348 1344 1394 ab
1363 1347 1430 1394 omni
1442 1351 1518 1408 captu
1539 1345 1616 1392 ratic-

278 1417 317 1465 nie
335 1419 475 1466 abstrusum
494 1418 589 1479 peccati
607 1417 758 1477 mysterium,
775 1431 867 1478 magna
884 1419 969 1482 lapsus
986 1421 1059 1481 primi
1077 1432 1172 1480 poena,
1190 1431 1236 1466 nec
1254 1422 1305 1464 tam
1323 1417 1397 1477 levis,
1419 1420 1447 1463 ut
1464 1416 1539 1464 multi
1557 1415 1616 1464 duc·

279 1491 357 1534 torum
376 1492 514 1535 nostrorum
532 1488 687 1536 existimant:
711 1492 777 1535 totus
794 1487 867 1536 bomo
892 1503 923 1536 ex
941 1490 1020 1538 forma
1038 1489 1132 1550 optima
1156 1489 1181 1536 in
1200 1487 1333 1550 pessimam
1358 1485 1562 1546 transformatus,
1588 1498 1616 1532 ex

276 1557 385 1617 imagine
403 1558 451 1605 Dei
470 1559 495 1606 in
513 1558 608 1606 larvam
620 1555 737 1622 Satanae,
755 1557 813 1606 binc
830 1559 897 1607 filins
914 1561 967 1608 irae
985 1564 1022 1607 est
1039 1573 1083 1620 per
1100 1562 1223 1607 naturam.
1259 1555 1308 1605 Nec
1330 1555 1396 1604 eolus
1414 1555 1486 1603 bomo
1504 1557 1543 1604 ita
1561 1569 1616 1617 per·

278 1624 345 1674 ditus
363 1627 436 1689 lapsu
456 1629 589 1688 primorum
606 1631 744 1688 pareutum,
761 1627 805 1676 sed
821 1631 847 1676 et
865 1632 931 1677 terra
948 1628 1090 1691 maledicta,
1108 1629 1158 1676 imo
1176 1633 1230 1676 tota
1242 1631 1363 1691 creatura,
1381 1630 1498 1687 pereunte
1515 1625 1615 1674 domiuo

277 1708 330 1756 suo,
348 1698 375 1743 in
394 1700 464 1757 cuius
482 1697 647 1744 ministerium
665 1701 748 1744 creata
764 1697 820 1763 fuit,
838 1699 921 1764 perlit,
939 1703 1001 1748 teste
1020 1699 1140 1759 Apostolo
1159 1697 1229 1746 Rom.
1252 1695 1330 1743 v111.:
1348 1700 1414 1758 tota,
1432 1696 1529 1760 inquit,
1548 1709 1615 1744 crea·

277 1771 333 1814 tura
350 1767 469 1814 vanitatis
488 1766 587 1814 servitio
606 1770 630 1814 et
647 1767 811 1828 corruptionis
827 1769 902 1829 malo,
920 1782 937 1816 a
957 1782 1008 1834 qna
1025 1773 1100 1816 antea
1117 1767 1261 1829 liberafait,
1280 1766 1453 1827 subjecisset,
1473 1765 1518 1814 sed
1531 1772 1614 1812 umen

275 1835 303 1882 in
320 1847 389 1896 spem
407 1841 453 1884 etc.
489 1835 558 1884 Hinc
575 1849 623 1884 non
642 1843 691 1900 est,
710 1837 781 1884 utin
799 1841 918 1902 creatura,
936 1841 963 1887 in
982 1839 1088 1901 homine,
1107 1851 1254 1899 quaeramus
1266 1836 1331 1884 Deos
1347 1836 1385 1883 vel
1397 1834 1485 1900 Deum,
1505 1833 1548 1884 vel
1570 1837 1613 1882 bo·

275 1917 335 1952 num
355 1905 465 1954 divinum
483 1910 508 1954 et
524 1919 619 1954 verum:
636 1904 695 1954 licet
713 1908 777 1954 enlm
790 1907 857 1956 neus
876 1910 959 1958 omnia
975 1909 1086 1972 impleat,
1106 1913 1130 1956 et
1145 1908 1328 1968 omnipraesens
1347 1906 1387 1966 sit,
1403 1905 1615 1967 omnipraesentia

276 1979 358 2023 tamen
376 1977 426 2023 ista
443 1979 494 2023 tam
512 1975 584 2037 longe
603 1987 698 2024 omnem
717 1982 817 2038 captum
833 1984 944 2027 nostrum
962 1977 1070 2043 excedit,
1097 1983 1125 2026 ut
1148 1979 1181 2026 ab
1200 1975 1310 2025 cenibil
1329 1976 1404 2037 plane
1426 1979 1496 2024 extra
1513 1977 1614 2024 verbnm

277 2045 412 2092 revelatum
428 2046 522 2092 inferre
538 2059 592 2094 uere
610 2059 738 2110 queamus.
775 2047 827 2096 lmo
846 2048 896 2096 iste
912 2049 1094 2096 harmoniarum
1112 2048 1244 2096 Deiilcstlo
1268 2046 1433 2106 cognitionem
1451 2043 1547 2092 Gbristi
1572 2046 1614 2094 ob·

277 2119 372 2179 ecurat,
399 2116 541 2175 mysterium
559 2116 640 2162 meriti
658 2119 710 2176 ejus
721 2115 830 2182 evertit,
854 2119 997 2178 mysterium
1015 2118 1207 2186 regenerationis
1225 2121 1324 2164 nostrae
1348 2115 1426 2162 elndlt
1450 2118 1475 2162 et
1492 2115 1575 2163 multa
1592 2117 1616 2162 in

277 2196 335 2232 vera
352 2183 478 2244 theologia
495 2185 602 2234 absurda
619 2186 698 2246 parit:
720 2200 771 2235 una
788 2189 854 2235 enlm
872 2187 982 2245 absurda
999 2189 1064 2236 ratio
1089 2189 1115 2235 iu
1133 2187 1243 2236 ueritatis
1267 2185 1353 2248 album
1378 2188 1476 2245 recepta
1500 2185 1615 2232 innume·

276 2265 316 2300 ras
334 2253 399 2303 allae
417 2253 450 2302 ad
469 2269 495 2304 se
512 2255 588 2303 trahit
604 2256 739 2320 falsitates,
759 2257 850 2320 quibus
867 2258 997 2306 veritatem
1015 2271 1059 2320 pro
1078 2271 1119 2322 eo,
1144 2256 1212 2321 qnod
1229 2257 1256 2304 in
1274 2269 1327 2303 sam
1345 2255 1425 2319 fovet,
1453 2254 1512 2302 odlo
1533 2255 1616 2317 oppri-

275 2335 340 2371 mere
359 2325 397 2372 εει
416 2327 501 2373 saltem
525 2326 655 2374 obscurare
673 2327 769 2376 nititur.
805 2326 906 2376 Possem
927 2328 989 2377 haec
1003 2327 1096 2378 ¹omnia
1115 2327 1231 2390 ,pluribus
1256 2330 1281 2375 et
1304 2325 1440 2374 clarissime
1466 2338 1498 2372 ex
1518 2323 1616 2374 divinae

276 2393 388 2441 veritatis
406 2395 474 2443 fonte
492 2394 667 2458 demonstrare,
685 2409 769 2442 uerum
788 2396 849 2445 baec
867 2393 902 2452 ὥς
921 2392 949 2448 ἐν
965 2397 1071 2464 παρεόφ
1089 2397 1155 2446 dicta
1172 2395 1305 2446 sufficiant:
1323 2399 1351 2442 tu
1367 2394 1438 2456 plura
1449 2395 1580 2444 meditare.

363 2461 432 2524 Quae
449 2470 534 2513 autem
550 2466 731 2513 harmoniarum
744 2467 898 2529 ¹quantitatis
923 2472 960 2518 est
977 2469 1041 2516 ratio
1058 2469 1085 2515 in
1103 2465 1331 2530 magnitudinibus,
1355 2462 1441 2513 εεᾱειε
1470 2465 1497 2512 in
1516 2477 1615 2512 numeru

274 2534 357 2594 otiam,
375 2534 443 2596 quod
454 2533 487 2581 ad
506 2535 637 2583 essentiam
649 2536 703 2595 ejus
715 2537 812 2597 attinet,
832 2541 860 2584 ut
871 2550 902 2584 ex
913 2539 952 2598 iis,
971 2551 1034 2602 qnae
1048 2537 1079 2585 de
1091 2535 1218 2586 harmonia
1233 2547 1306 2597 supra
1319 2535 1399 2598 attuli,
1418 2534 1536 2594 colligere
1552 2531 1614 2582 lieet

364 2602 413 2652 Sed
432 2605 516 2651 omnia
538 2603 598 2652 baec
621 2617 649 2652 ec
668 2604 770 2666 scripsi,
792 2610 820 2652 ut
842 2611 866 2654 te
884 2606 915 2654 ad
941 2609 1086 2670 penitiorem
1111 2620 1191 2656 rerum
1214 2607 1318 2653 istarum
1342 2603 1531 2664 indagationem
1550 2605 1614 2652 exti-

275 2676 362 2720 terem:
381 2673 506 2734 principia
522 2677 588 2737 sunt,
606 2687 669 2737 quas
687 2673 818 2739 indagasti,
836 2676 977 2741 etquidem
996 2678 1116 2734 maxima;
1139 2679 1231 2737 majora
1248 2681 1330 2723 umen
1347 2676 1422 2738 flent,
1441 2675 1463 2722 si
1481 2675 1614 2737 principiis

274 2755 325 2790 non
342 2743 486 2790 immoratus
504 2741 535 2790 ad
552 2743 728 2804 perfectionem
746 2746 862 2794 scientiae
881 2746 911 2794 de
929 2749 1001 2796 rebus
1018 2752 1068 2795 tam
1085 2748 1204 2795 abstrusis
1222 2746 1357 2807 perrexeris
1376 2749 1401 2792 et
1417 2745 1491 2793 nobis
1511 2745 1612 2792 harmo-

274 2812 370 2860 niarum
388 2815 495 2861 rationes
514 2825 564 2861 non
581 2816 677 2862 mutum
696 2815 722 2861 in
740 2815 928 2878 quantitatibus,
946 2817 989 2866 sed
1007 2822 1032 2865 et
1049 2818 1075 2864 in
1093 2807 1254 2880 qualitatibus
1272 2814 1416 2880 etquidem
1434 2828 1492 2862 cum
1510 2815 1614 2879 quanti·

273 2886 351 2930 tatum
368 2883 506 2932 rationibus
524 2888 684 2942 congruentes
703 2883 917 2934 demonstrereris:
935 2900 985 2950 qno
1002 2886 1086 2936 labore
1104 2883 1281 2936 incredibiliter
1297 2887 1334 2933 rol
1351 2883 1460 2933 medicae
1479 2885 1613 2948 profueris.

360 2954 446 3016 Ajunt,
466 2952 513 3000 boc
530 2966 629 3018 qnoque
648 2957 757 3017 tempore
775 2959 901 3018 cometam,
919 2956 1021 3020 quidem
1038 2970 1095 3005 voro
1114 2957 1176 3004 duos
1195 2954 1289 3020 videri3
1308 2968 1352 3016 ego
1368 2954 1465 3004 nullum
1483 2955 1613 3004 observare

274 3021 353 3084 potui,
370 3020 436 3070 unde
453 3035 513 3070 num
531 3029 587 3071 veru
606 3023 664 3089 sint,
681 3037 744 3089 quas
763 3023 878 3074 dicuntur
895 3030 920 3075 et
936 3039 996 3076 num
1014 3041 1028 3076 a
1045 3030 1069 3074 te
1086 3039 1185 3092 quoqne
1203 3025 1326 3074 observati
1344 3025 1406 3090 sint,
1424 3024 1526 3088 nescio,
1546 3029 1575 3072 tn
1592 3025 1613 3072 si

173 3095 180 3108 ‘
275 3091 337 3156 quid
355 3095 393 3140 est
409 3087 461 3141 ve'rl
478 3093 504 3140 in
522 3106 619 3141 rumore
637 3093 695 3157 boc,
715 3097 754 3142 m'e
772 3108 870 3144 moneas
889 3110 939 3145 oro.

362 3161 500 3210 Monstrum
520 3161 694 3212 lierrnalseneo
712 3178 742 3212 ex
760 3171 808 3213 sne‘
821 3171 967 3227 prognatum
984 3167 1047 3215 facie
1064 3166 1178 3230 humana,
1198 3164 1241 3215 sed
1257 3165 1352 3214 larvata
1369 3176 1425 3213 cunr
1444 3165 1543 3214 cucullo
1564 3177 1614 3212 mo-

274 3231 360 3297 nachi,
379 3232 525 3295 proboscide
544 3232 682 3300 elephanti,
710 3235 787 3290 cauda
804 3236 958 3301 pedibusque
977 3235 1101 3298 draconis,
1126 3235 1214 3299 procul
1232 3235 1308 3283 dubio
1324 3237 1375 3296 iem
1394 3234 1490 3288 vidisti.
1528 3234 1615 3285 cerus

276 3301 350 3349 etiam
369 3315 450 3350 rumor
467 3303 565 3350 Vienna
584 3302 615 3350 ad
632 3317 677 3352 nce
695 3305 793 3370 attulit,
817 3306 921 3368 militae,
947 3308 990 3369 qui
1007 3311 1064 3354 ante
1081 3311 1177 3368 portam
1194 3305 1317 3368 quandam
1335 3305 1403 3354 urbis
1424 3309 1477 3364 (noc
1496 3308 1565 3354 enim
1582 3307 1615 3352 ita

275 3377 395 3437 accurate,
413 3378 442 3420 nt
459 3371 489 3420 de
508 3373 605 3421 nomine
623 3378 706 3434 portae
722 3375 882 3442 inquirerem,
900 3377 1031 3436 inciderat)
1050 3377 1075 3424 ln
1094 3376 1206 3425 excubiis
1226 3379 1308 3440 erant,
1329 3380 1400 3424 nocte
1418 3375 1527 3440 quadam
1545 3373 1614 3424 audl-

276 3441 342 3489 uisse
359 3455 444 3490 vocem
462 3443 598 3505 clamantis,
618 3439 720 3510 bitewcg
737 3457 791 3497 ectu
808 3442 916 3510 bitumen,
936 3460 1037 3509 eamque
1055 3461 1111 3496 cnm
1130 3446 1313 3495 existimassent
1330 3459 1383 3494 εεεε
1400 3459 1493 3511 eornm,
1512 3447 1559 3512 qul
1575 3447 1614 3493 in·

275 3516 313 3558 tra
331 3511 417 3564 urbem
434 3512 460 3559 ln
479 3511 564 3560 eadem
582 3517 654 3574 porte
672 3513 815 3580 vigilabant,
834 3529 931 3566 causam
950 3529 992 3565 cnr
1010 3516 1067 3565 indo
1086 3515 1240 3565 discederent
1257 3529 1288 3565 ex
1306 3517 1368 3577 ipsis
1386 3518 1556 3582 quaesierunt,
1574 3514 1615 3564 sed

276 3594 331 3630 cnm
349 3581 411 3629 nihii
429 3583 542 3643 responsi
558 3581 590 3629 ad
607 3583 783 3644 interrogatum
805 3588 967 3651 accepissent,
992 3588 1166 3650 acquieverunt
1189 3591 1256 3650 tum;
1285 3588 1398 3650 sequenti
1416 3591 1490 3636 nocta
1514 3586 1614 3636 undem

275 3664 361 3698 vocem
378 3652 467 3699 iterum
485 3651 616 3701 audierunt
639 3658 664 3701 et
681 3654 753 3702 simul
771 3657 879 3703 sonitum
897 3657 922 3704 in
941 3659 1007 3719 aire,
1032 3663 1147 3721 tanquam
1165 3669 1270 3717 magnae
1291 3655 1418 3717 cujusdam
1437 3659 1490 3705 avie
1509 3659 1613 3706 circum·

276 3721 420 3778 volitantis;
439 3721 525 3772 eedem
550 3735 600 3770 uox
624 3723 699 3771 simili
722 3738 778 3774 cnm
801 3726 905 3789 strepltu
929 3733 954 3775 ot
978 3728 1089 3789 proxima
1110 3727 1182 3775 tertia
1204 3729 1276 3776 nocte
1294 3725 1378 3776 andita
1401 3731 1439 3776 ost
1462 3729 1495 3776 ab
1519 3727 1614 3777 iisdem.

278 3789 346 3852 Quid
365 3793 412 3840 ista
429 3789 578 3853 portendant
595 3797 697 3842 euentus
714 3796 837 3856 probabit.
1075 3851 1082 3860 g
1466 3855 1469 3860 ,

362 3861 424 3910 Vale
442 3865 467 3910 et
484 3874 523 3911 me
544 3861 574 3910 de
591 3865 641 3910 tuis
659 3863 806 3926 laboribus,·
821 3867 912 3930 quibus
935 3869 983 3928 jam
1007 3880 1087 3931 vocas,
1115 3868 1242 3916 certiorem
1262 3863 1349 3917 facies.
1385 3863 1470 3917 Saluta
1493 3881 1551 3918 meo
1570 3883 1613 3918 no·

274 3931 340 3979 mine
359 3935 487 3993 conjugem
506 3935 572 3980 tuam
592 3933 773 3998 charissimam,
792 3935 871 3983 filium
889 3934 1006 3986 otiliam
1024 3941 1090 3985 tuem
1110 3937 1261 4001 Susannam,
1285 3939 1306 3984 si
1324 3941 1405 3987 utum
1423 3941 1468 3989 eet.
1505 3939 1612 3988 Domino

273 4002 334 4049 item
352 4000 505 4062 Gringalleto
523 4006 607 4051 nostro
626 4005 739 4052 osculnm
757 4006 824 4066 pacis
842 4010 867 4054 et
883 4005 973 4068 pedum
991 4020 1046 4055 cum
1063 4007 1143 4058 salute
1160 4004 1239 4055 multa
1258 4020 1276 4054 a
1293 4020 1333 4055 me
1355 4009 1480 4057 nunciato.
1518 4010 1614 4060 Dabam

276 4069 457 4133 Rastenbergae
476 4064 516 4121 die
533 4057 574 4122 13.
594 4073 709 4123 Octobris
726 4088 790 4122 enno
809 4074 947 4128 MDGXlX.

362 4158 537 4221 Philippus
554 4158 713 4209 llillerus
731 4159 789 4225 (net
804 4161 936 4223 Herzbergi
954 4177 976 4211 a.
998 4161 1072 4227 1585,
1089 4164 1213 4228 professor
1230 4164 1419 4215 mathematicae
1437 4173 1462 4215 et
1479 4167 1615 4217 medicinae

278 4225 304 4273 iu
322 4226 446 4277 academia
464 4229 597 4294 Lipsienei,
616 4236 686 4278 mort.
707 4228 790 4296 1659),
810 4245 884 4294 quem
899 4234 1026 4294 attigimus
1043 4237 1091 4283 vol.
1104 4236 1136 4285 Il.
1154 4248 1180 4297 p.
1199 4230 1258 4300 481,
1277 4233 1411 4297 lieplernm
1428 4235 1492 4284 adiit
1510 4239 1616 4300 epistola

279 4294 358 4352 ,bene
376 4296 473 4366 longa‘⁴,
498 4300 526 4348 in
544 4314 594 4364 qua
611 4299 746 4362 Keplerum
765 4301 881 4350 laudibus
900 4303 969 4350 effert
986 4311 1009 4351 et
1027 4306 1184 4368 quaestiones
1201 4318 1251 4353 non
1269 4318 1360 4368 pancas
1385 4307 1477 4368 profert
1496 4307 1528 4356 de
1546 4306 1615 4357 libris

278 4377 293 4410 a
310 4363 416 4423 Koplero
435 4369 516 4433 editis,
534 4370 665 4432 praecipue
683 4369 714 4418 de
732 4371 845 4432 Epitome
864 4377 888 4420 et
905 4373 969 4421 libro
988 4373 1018 4421 de
1036 4375 1113 4423 Stella
1129 4375 1206 4439 Note,
1223 4389 1269 4424 nec
1286 4388 1336 4423 non
1349 4375 1385 4424 -do
1397 4376 1536 4426 Harmonia
1548 4379 1614 4441 liep-

278 4433 330 4481 lerl.
367 4433 484 4486 lilillerus
502 4439 527 4488 iu
546 4441 648 4489 exordio
673 4441 799 4489 literarum
817 4454 916 4491 suarum
938 4442 1060 4504 iudicium
1085 4451 1153 4506 grato
1172 4446 1254 4494 animo
1280 4447 1383 4511 accipit,
1407 4446 1474 4508 qnod
1493 4448 1615 4512 lieplcrns

279 4500 309 4550 de
328 4502 421 4564 libello,
439 4519 512 4569 quem
529 4508 648 4560 liiillerne
667 4515 754 4560 contra
771 4511 901 4573 Nagolinm
927 4515 1088 4580 conscripsit,
1109 4515 1156 4576 „ad
1178 4529 1331 4566 communem
1348 4518 1466 4572 amicum.
1487 4517 1521 4568 D.
1541 4519 1615 4569 Sene·

278 4574 341 4622 tium
361 4575 519 4646 emeterii&
554 4580 680 4646 Agnosco,
698 4581 747 4644 ait,
765 4583 864 4631 solium
881 4584 1075 4633 benevolentiam
1093 4590 1177 4650 tuam,
1200 4586 1329 4635 exosculor
1346 4587 1532 4654 inmanitatem,
1553 4603 1614 4655 qnae

277 4644 305 4690 ln
323 4647 348 4692 te
366 4646 435 4691 tanta
453 4649 490 4692 εει
506 4659 610 4711 sempor,
630 4657 658 4698 ut
675 4665 705 4700 ne
722 4652 824 4716 quidem
842 4659 985 4715 aspernetur
1002 4655 1155 4706 adversarios
1172 4669 1243 4722 auce,
1266 4655 1357 4705 nedum
1376 4657 1523 4717 dedignetur
1541 4661 1613 4720 igno·

278 4716 323 4763 tos.
361 4711 443 4775 Quam
467 4715 577 4774 comiter,
600 4733 674 4782 quam
698 4721 835 4772 humaniter
857 4730 881 4772 et
904 4726 996 4774 urbane
1020 4741 1039 4772 a·
1058 4731 1082 4776 te
1108 4727 1208 4775 habitus
1236 4732 1272 4774 est
1290 4727 1411 4776 Robertns
1429 4727 1571 4790 (liiuddins)
1587 4732 1612 4778 ln

280 4791 384 4848 ntroqne
402 4781 539 4846 appendice
562 4782 595 4835 et'
610 4789 734 4850 apologlal
771 4796 806 4842 st
822 4794 888 4843 ferus
905 4796 949 4845 ille
965 4797 1147 4857 improbissime
1165 4795 1248 4844 referit
1266 4801 1290 4846 et
1307 4798 1431 4860 furenter,
1454 4799 1573 4850 iracunde
1590 4803 1613 4848 et
