3732 5528
319 347 400 410 862·
461 278 467 304 ἱ
828 341 984 404 Ptolemaei
995 344 1150 402 Harmonia

316 520 467 593 sonantius)
486 537 559 592 esse,
586 525 614 577 et
630 523 775 579 coelestem
793 523 923 592 animam,
949 537 1002 591 qua
1021 521 1155 578 animatur
1173 520 1344 593 universitas,
1365 521 1494 591 originem
1513 537 1547 578 ex
1564 520 1665 578 mndcs

315 601 452 657 sumsisse.

402 681 446 738 Its
465 681 546 738 etism
564 683 673 738 Timaeo
690 679 846 736 barmoniae
865 689 892 737 et
910 682 999 738 anima
1017 681 1110 756 mundi
1129 695 1162 735 ex
1181 680 1276 735 eadem
1289 695 1463 736 numerorum
1475 680 1577 750 origine
1595 687 1664 737 sunt

315 761 357 815 De
381 762 476 818 animis
498 779 562 818 uero
581 763 678 818 ceteris
696 761 822 816 Timaeus
845 763 898 816 iste
916 777 970 815 nou
989 761 1077 816 minus
1097 775 1157 814 cnm
1176 760 1303 814 Hermete
1328 759 1435 815 videtur
1452 760 1567 830 sentire,
1593 759 1666 834 quod

315 847 461 895 creatorem
480 841 567 895 Deum
585 831 746 910 introduxit,
774 841 895 897 infinitos
914 841 1062 896 animarum
1080 838 1228 906 exercitus,
1252 855 1286 893 ex
1303 839 1352 895 ills
1371 855 1543 896 numerorum
1560 839 1665 895 harmo-

314 916 436 973 nicorum
454 933 543 974 massa
560 918 661 988 iactos,
686 919 891 975 distribuentem
910 920 980 973 inter
998 919 1122 988 planetas
1148 925 1176 973 et
1193 917 1287 974 stellas
1306 919 1388 989 lixas,
1412 920 1531 976 velutin
1549 921 1664 989 quodam

312 989 506 1066 reconditorio,
536 997 607 1052 unde
624 996 686 1051 illae
714 996 771 1052 suis
790 998 914 1069 singulae
932 997 1101 1067 temporibus
1118 996 1146 1050 in
1166 1013 1281 1067 corpora
1299 999 1476 1056 animantium
1495 1001 1665 1068 demitteren-

313 1083 365 1133 ιιι.
403 1079 456 1133 cnr
473 1077 512 1133 its
530 1089 662 1144 censeam,
681 1077 749 1130 haec
768 1093 830 1132 curn
847 1078 1009 1134 Hermeticis
1028 1078 1180 1146 convenire,
1200 1091 1282 1135 causa
1301 1087 1350 1148 est,
1370 1079 1442 1148 quod
1461 1097 1520 1135 cum
1538 1063 1665 1149 planetae

314 1161 426 1225 septem
437 1157 652 1228 celebrarentur,
677 1157 793 1212 lixarum
812 1157 929 1226 sphaera
947 1163 1056 1216 octava
1079 1156 1206 1210 Timaeus
1228 1156 1311 1226 igitur
1335 1157 1503 1213 octonarium
1523 1156 1665 1224 quendam,

312 1247 367 1289 non
385 1236 562 1306 abstractum,
581 1236 629 1292 sed
647 1242 803 1290 concretam
822 1236 946 1306 sphaeris
967 1236 1110 1290 mundanis
1129 1233 1254 1304 designat
1267 1234 1416 1289 animarum
1427 1227 1589 1290 habitaculis
1604 1243 1666 1289 ante

312 1313 509 1368 immersionem
529 1331 620 1370 earnm
637 1316 664 1368 ιιι
684 1324 842 1384 corpnru3J
845 1331 887 1369 am
906 1330 970 1370 vero
989 1321 1017 1368 ιι
1034 1313 1171 1368 Hermetis
1189 1311 1339 1381 discipulus
1357 1313 1513 1382 profitetur,
1532 1327 1562 1366 se
1579 1313 1666 1381 prius·

317 1406 398 1458 quam
424 1400 583 1447 nasceretur
609 1393 727 1449 ιιιιιιι·
720 1413 748 1451 ιιι
774 1395 921 1448 octonario.
957 1392 1114 1447 Macrobius
1141 1392 1264 1462 quidem,
1291 1391 1431 1461 explicans
1448 1391 1515 1448 illud
1534 1390 1667 1461 Scipionis

314 1471 481 1527 ciceroniani
508 1473 586 1528 »hinc
611 1475 741 1545 proiecti,
768 1474 823 1528 huc
845 1479 1050 1540 revertuntur«,
1077 1467 1147 1524 haec
1171 1469 1261 1525 omnia
1286 1469 1386 1525 clarius
1414 1479 1442 1526 et
1466 1470 1554 1526 insius
1581 1469 1665 1540 expli·

312 1557 364 1604 cat.
400 1551 438 1604 Et
459 1551 553 1616 mnndi
578 1553 684 1621 quidem
710 1555 826 1610 animam
849 1551 953 1608 iontem
977 1550 1098 1620 appellat
1124 1548 1273 1604 animarum
1297 1555 1325 1603 et
1350 1549 1485 1620 quomodo
1511 1549 1547 1603 sit
1570 1547 1665 1601 animis

311 1629 495 1685 habitaculam
518 1632 545 1685 in
564 1633 607 1686 ria
625 1634 726 1704 lactea,
750 1641 895 1701 antequam
920 1630 949 1684 ιιι
972 1643 1088 1699 corpora
1113 1627 1183 1697 uelle
1206 1627 1469 1699 reuertiinciplant,
1494 1627 1615 1698 explicat
1632 1641 1665 1680 ex

311 1708 479 1778 Pythagora,
497 1717 524 1764 et
543 1727 612 1779 quae
631 1713 715 1770 series
735 1713 770 1766 sit
792 1711 943 1766 descensus
962 1724 1055 1762 earnm
1072 1722 1123 1777 per
1141 1704 1415 1774 signatissimum
1433 1723 1450 1762 a
1468 1708 1586 1776 Cancro,
1606 1721 1664 1776 per·

313 1801 365 1853 qne
389 1787 521 1854 sphaeras
546 1804 651 1860 omnes,
678 1799 705 1846 et
729 1787 863 1860 quomodo
887 1802 936 1856 per
958 1801 1084 1841 numeros
1109 1781 1281 1839 harmonicus
1302 1785 1419 1839 innexae
1437 1787 1611 1856 corporibus,
1633 1785 1666 1840 iis

312 1865 430 1920 numeris
454 1862 778 1925 disturbatis'soluautnr
800 1866 950 1934 eodemque
968 1865 1092 1934 redeant,
1115 1863 1188 1919 unde
1210 1863 1350 1932 proiectae
1369 1872 1439 1920 sunt.
1476 1865 1553 1919 ldem
1576 1871 1666 1919 ιιιιιιιι

311 1940 449 1999 Hermetis
465 1961 520 2000 non
538 1949 665 2016 meminit,
686 1965 746 2005 cum
763 1946 866 2002 Plotini
884 1953 911 2000 et
928 1945 1055 2000 Numenii
1073 1953 1101 1999 et
1116 1943 1260 2013 Porphyrii
1278 1951 1486 2013 ceterorumque
1504 1943 1666 2007 meminerim

312 2019 439 2077 ridentur
456 2023 538 2092 igitur
555 2027 695 2082 coaetanei
713 2028 807 2082 inisse.
844 2027 904 2095 Ego
916 2025 968 2080 nisi
980 2032 1076 2080 auctor
1094 2037 1182 2079 essem
1199 2024 1259 2093 ipse
1272 2025 1371 2094 capitis
1382 2027 1424 2092 10,
1444 2024 1516 2094 quod
1529 2025 1666 2096 epilogum

311 2100 377 2156 iacit
394 2101 456 2158 libri
473 2106 526 2159 mei
544 2107 576 2162 V.
595 2107 828 2178 Harmonicorum,
848 2113 875 2158 et
893 2104 945 2158 nisi
963 2119 1006 2158 me
1026 2105 1101 2172 prius
1115 2103 1182 2157 illud
1195 2102 1337 2171 scripsisse
1345 2103 1449 2174 liquido
1463 2104 1568 2173 scirem,
1587 2119 1666 2174 qnam

311 2179 390 2235 istam
408 2180 632 2254 philosophorum
650 2187 721 2242 inter
740 2203 769 2240 se
788 2183 961 2240 collationem
978 2181 1157 2248 instituerem,
1173 2181 1311 2251 jurassim,
1330 2182 1368 2239 ihi
1381 2181 1479 2250 corrigi
1496 2182 1567 2236 hanc
1580 2181 1665 2250 philo·

311 2258 434 2328 sophiam
459 2263 616 2333 animasque
639 2283 694 2320 non
713 2262 927 2320 disseminandas
951 2263 1022 2316 inter
1046 2261 1171 2330 planetas
1194 2267 1222 2314 et
1240 2261 1334 2317 stellas
1355 2261 1437 2332 fixus,
1461 2261 1510 2316 sed
1529 2263 1665 2329 cogendas

311 2339 338 2392 in
357 2339 441 2394 fixum
460 2341 487 2394 iu
505 2344 606 2410 gremio
624 2345 717 2400 mundi
736 2345 806 2402 Solis
825 2342 949 2411 globum,
973 2341 1135 2408 interimque
1154 2340 1217 2395 dum
1236 2349 1416 2411 corporentur
1433 2341 1585 2412 pascendas
1605 2341 1665 2396 har·

311 2417 407 2472 moniis
425 2427 554 2491 motuum,
579 2439 612 2478 ex
637 2423 753 2493 planetis
779 2421 903 2478 omnibus
926 2421 954 2475 in
974 2421 1064 2476 Solem
1087 2419 1270 2488 illabentium,
1298 2421 1404 2476 occulte
1427 2419 1566 2478 insinuari.
1606 2419 1665 2477 Huc

312 2496 382 2550 enim
401 2497 479 2554 valde
496 2501 677 2568 plausibiliter
694 2503 849 2558 traheretur
866 2501 982 2569 hymnus
1000 2499 1046 2553 ille
1063 2499 1162 2565 Procli,
1182 2515 1216 2553 ex
1235 2499 1330 2554 eodem
1350 2516 1388 2556 sc.
1407 2519 1480 2572 penu
1497 2505 1665 2575 depromtua

313 2591 374 2630 cnm
392 2576 547 2633 Platonicus
572 2588 599 2634 et
618 2580 813 2649 Pythagoricus
831 2579 915 2634 inerit
933 2578 1126 2647 philosophus,
1151 2577 1180 2632 in
1198 2593 1253 2647 quo
1271 2579 1383 2648 hymno,
1410 2589 1556 2652 postquam
1575 2583 1664 2639 Solem

312 2655 499 2724 philosophus
510 2658 657 2714 salutasset
675 2675 767 2730 regem
783 2661 856 2732 mais
874 2659 1000 2715 ιιιιιιιιιιι
1017 2667 1045 2712 et
1063 2657 1201 2712 dominum
1218 2659 1320 2727 cioifici
1335 2660 1434 2728 fontia
1453 2661 1597 2733 eidemque
1615 2663 1665 2718 cla·

212 2739 217 2756 “
313 2749 360 2790 ιιι
379 2735 412 2790 sd
431 2723 546 2790 mundos
564 2738 732 2805 materiales,
759 2739 830 2793 vitae
849 2755 887 2794 sc.
906 2739 1022 2807 indigos,
1040 2737 1216 2803 credidisset,
1243 2735 1335 2792 subdit
1353 2737 1425 2793 huno
1448 2757 1569 2796 versum:
1594 2743 1666 2809 Tuo

312 2814 387 2868 scr*
374 2832 500 2880 agnoscar
518 2815 587 2886 ῥυμα
599 2817 723 2872 ricomer
741 2819 908 2888 ἑξοχιιιυωι,
926 2817 1091 2886 intelligens,
1111 2833 1138 2870 ιιι
1131 2816 1248 2884 'iallor,
1268 2818 1418 2872 animarum
1430 2821 1532 2874 mutilos
1544 2821 1665 2890 perham

313 2893 429 2948 moniam
455 2893 484 2949 in
506 2895 664 2952 sublunaria
687 2897 854 2964 detinentes,
879 2899 914 2954 de
936 2898 1034 2968 quihus
1054 2897 1208 2965 Virgilius,
1227 2911 1262 2951 ex
1287 2896 1382 2952 eadem
1404 2913 1442 2952 sc.
1461 2899 1557 2955 Italica
1579 2901 1664 2972 philo·

312 2971 422 3043 sophia,
440 2979 472 3028 nt
489 2973 650 3031 Aristoteles
669 2976 833 3046 appellat,

876 3095 1058 3110 .....
1094 3073 1170 3112 mens
1187 3055 1275 3126 agitat
1292 3056 1389 3129 ιιιοιιιιι

553 3133 625 3190 Inde
642 3081 782 3190 bominum
796 3135 984 3207 pecudumque
999 3151 1097 3206 pesas,
1116 3135 1240 3225 uitasque
1257 3121 1398 3189 ιοιιιιιιιιιι

554 3211 657 3282 Ignem
675 3220 714 3268 est
731 3215 787 3270 illis
803 3215 881 3285 nigor
899 3219 925 3270 ct
942 3214 1065 3269 coelestis
1083 3213 1173 3282 origo
1229 3259 1230 3266 ,

557 3288 720 3346 Semimedus.

400 3383 505 3440 Eodem
522 3383 623 3440 referet
640 3385 800 3457 Apollinem,
818 3385 932 3456 cythara
949 3386 1113 3442 mulcentem
1132 3386 1282 3441 saevientes
1300 3391 1504 3456 tempestuosae
1525 3380 1666 3458 geniturae

313 3459 422 3530 ductus,
441 3471 469 3519 et
480 3479 584 3533 paeana
597 3481 631 3520 ex
645 3464 738 3521 eodem
750 3467 855 3521 Titanis
869 3474 897 3520 et
908 3465 1012 3521 Phoebi
1025 3467 1160 3534 sodalitio,
1175 3466 1219 3535 qui
1232 3465 1332 3521 viribus
1350 3475 1378 3522 et
1390 3469 1504 3524 uictoris
1515 3471 1665 3536 exsultans,

313 3541 426 3612 impleat
442 3543 601 3600 hermonim
618 3551 726 3600 costum
743 3546 885 3602 dulcedine
903 3548 1048 3616 mandam,
1069 3563 1147 3615 quae,
1167 3547 1289 3616 quamvis
1307 3549 1423 3617 poetica
1444 3547 1558 3603 Procius
1577 3557 1666 3604 tamen

313 3619 492 3690 philosophus
516 3624 551 3679 ad
569 3624 707 3679 victoriam
726 3626 897 3702 eripiationis
921 3626 1019 3694 trahit,
1046 3641 1101 3693 qua
1118 3627 1232 3694 iactum,
1257 3633 1288 3680 ut
1311 3627 1463 3682 contumaci
1485 3629 1600 3683 materia
1618 3627 1666 3682 sub

310 3699 407 3770 jugum
425 3701 602 3758 informantis·
613 3704 718 3759 animae
736 3705 829 3775 missa,
849 3713 996 3760 concentus
1017 3706 1147 3760 existeret
1162 3705 1304 3761 suadeatis
1321 3705 1477 3771 ineffabilis,
1503 3723 1536 3760 ex
1556 3715 1666 3764 namtas

313 3780 418 3836 scilicet
435 3799 515 3838 cursu
533 3800 588 3838 non
605 3783 742 3874 impedito
780 3748 849 3839 Sndt
867 3791 958 3838 antem
977 3784 1067 3838 ornnia
1083 3784 1245 3839 Hermetica.
1281 3785 1350 3838 Nam
1363 3783 1535 3839 Poemander
1556 3787 1666 3842 eundem

315 3861 477 3916 suavitatem
495 3863 734 3930 repraesentavit'
726 3861 844 3928 imagine
862 3861 951 3926 coitus
970 3863 1068 3917 meutis
1087 3879 1148 3918 cum
1161 3871 1267 3918 natura.
1304 3863 1369 3917 Fuit
1388 3871 1416 3917 et
1429 3865 1586 3922 Aristotelis
1604 3876 1667 3922 tenr-

313 3955 380 4008 pore
398 3947 474 3994 secta
491 3940 732 4010 philosophorum,
756 3957 827 4009 quse
847 3941 962 3994 animam
982 3939 1049 3994 dixit
1067 3957 1128 3996 esse
1146 3941 1322 4011 harmoniam,
1348 3941 1479 3999 definiens
1502 3944 1667 4002 harmoniam

316 4020 593 4089 contemperationem
612 4027 639 4073 et
657 4019 880 4088 compositionem
900 4018 1111 4089 contrariorum,
1130 4025 1162 4074 ut
1181 4028 1223 4074 est
1240 4021 1310 4076 libro
1329 4023 1349 4078 l.
1369 4021 1402 4076 de
1420 4023 1525 4078 Anima.

401 4098 477 4154 llaec
500 4098 584 4166 igitur
609 4097 790 4168 Pythagorica
813 4096 989 4166 philosophia
1014 4097 1047 4151 de
1072 4100 1162 4153 anima
1186 4117 1248 4155 cum
1270 4115 1325 4154 non
1350 4099 1489 4156 videretur
1511 4101 1666 4158 Ptolemaeo

313 4176 442 4268 causalis,
470 4175 619 4231 absurdum
642 4175 694 4230 hoc
712 4174 829 4244 habens,
856 4174 930 4242 quod
952 4175 1057 4228 numeri
1080 4177 1210 4233 abstracti
1235 4185 1263 4232 et
1289 4178 1446 4234 barmoniae
1473 4179 1669 4249 subjicerentur

315 4257 422 4311 animae
439 4271 498 4326 pro
494 4255 640 4323 essentia,
659 4271 718 4310 cum
736 4261 828 4309 tamen
847 4253 989 4309 harmonia
1006 4254 1042 4308 sit
1059 4255 1120 4324 ipsa
1138 4257 1251 4314 aliorum
1270 4258 1433 4327 aliquorum,
1459 4267 1527 4328 pute
1545 4260 1667 4315 termino·

313 4349 373 4389 rum
391 4335 544 4406 quantitate
569 4335 762 4403 inaequalium,
794 4347 886 4387 eornm
905 4347 941 4387 sc
962 4333 1032 4388 inter
1049 4349 1079 4388 se
1097 4337 1308 4405 compositorum
1331 4334 1427 4391 relatio
1454 4353 1503 4392 seu
1521 4339 1666 4408 proportio,

298 4411 404 4467 *anima
430 4431 493 4469 uero
517 4429 605 4484 neque
627 4414 688 4483 ipsu
715 4411 891 4467 terminorum
916 4411 1120 4504 (elementorum
1144 4415 1283 4485 corporis)
1308 4399 1466 4485 compositio
1489 4419 1577 4487 possit
1601 4433 1667 4492 esse

314 4501 404 4556 neque
419 4490 529 4548 illorum
547 4491 695 4584 proportio,
714 4490 931 4558 essentialiter,
923 4507 1041 4561 mquam,
1061 4493 1101 4548 sic
1118 4501 1149 4548 ut
1167 4493 1323 4550 differentes
1337 4509 1381 4549 res
1399 4495 1454 4550 sint
1472 4497 1565 4552 etsb
1556 4497 1666 4552 uaricem

316 4565 460 4636 discretae,
483 4571 547 4628 hinc
564 4570 670 4626 termini
689 4571 846 4664 comparati,
864 4533 928 4624 inde
946 4569 1044 4625 anima.
1080 4572 1253 4628 Ptolemaeus
1272 4575 1355 4642 igitur
1381 4575 1537 4632 harmonias
1555 4593 1604 4647 per
1620 4593 1666 4630 nn.

317 4661 406 4702 meme
426 4611 535 4714 qdidem
554 4653 658 4720 etipse
677 4651 784 4721 format,
803 4651 842 4706 sic
859 4666 923 4706 vero
941 4650 1072 4706 formatas
1091 4665 1145 4707 non
1164 4653 1310 4707 essentiam
1328 4651 1394 4706 iacit
1412 4655 1530 4726 animae,
1550 4653 1597 4710 sed
1615 4653 1666 4708 ssl-

320 4731 375 4779 tem
394 4725 594 4782 similitudinem
615 4738 643 4784 et
660 4729 879 4785 conformationis
897 4733 1017 4785 rationes
1036 4732 1162 4801 utrinque
1180 4739 1316 4801 cognatas.

402 4803 472 4860 hiihi
491 4819 573 4860 caum
591 4807 723 4864 valentior
740 4817 783 4864 est
800 4809 983 4878 distinguendi
1000 4810 1073 4866 inter
1089 4811 1270 4868 harmonias
1262 4825 1438 4882 ipsasrerum
1457 4811 1570 4868 sensiles
1587 4809 1665 4866 inter·
