3480 5548
266 335 306 398 68
642 325 783 398 Epistulae
802 325 912 396 Kepleri
929 323 1096 394 aliorumque
1113 326 1222 378 mutuae

266 511 312 555 ant
329 509 463 567 vocantur,
482 505 616 554 admodum
635 505 735 565 dubit03
754 504 879 553 ordinaria
890 507 962 553 certe
979 503 1041 553 haec
1057 502 1157 552 lllornm
1174 501 1273 551 vooatlo
1288 495 1342 550 ἰιιιι
1359 505 1408 567 set,
1425 499 1505 549 nteit
1522 503 1607 550 extra-

266 577 405 643 ordinaria,
430 577 506 636 longa
524 577 670 640 probatione
688 581 712 624 et
728 575 835 624 fortibus
853 575 1005 634 argumentis
1030 573 1133 634 indiget.
1170 571 1253 634 indl
1277 572 1298 619 si
1315 573 1416 634 insuper
1433 571 1565 620 curiositas
1583 574 1609 619 et

266 647 395 696 cursitatio
413 647 473 695 haec
491 646 591 696 illorum
609 647 678 694 ducit
695 645 811 694 adversus
828 646 930 694 verbnm
948 645 1075 710 scriptum,
1093 643 1199 692 latenter
1216 655 1249 691 an
1260 642 1396 706 manifeste,
1413 641 1478 689 nihil
1495 642 1609 692 marest.

267 715 335 778 Quid
353 721 414 764 tnnc
431 715 581 765 dicendum?
616 716 712 764 Nonne:
736 716 778 776 ite,
796 717 839 782 ite,
857 716 920 763 latet
937 715 1024 774 anguis
1042 715 1068 762 in
1085 714 1179 762 herba?
1213 711 1360 774 Bndolphns
1376 711 1408 760 11.
1428 711 1490 773 quid
1508 711 1611 760 dicebat

265 793 311 835 aut
328 786 573 846 qnomoduahectns
591 791 644 834 erat
661 799 719 847 erga
732 783 851 851 (lrncem,
870 782 1019 845 (lolnmbas,
1039 784 1134 845 Oleam,
1152 784 1241 832 Accam
1252 781 1344 848 Nohae,
1363 779 1432 831 coelo
1445 782 1610 844 trmsscrlpta

266 869 310 919 per
328 856 471 920 Hispanos?
506 855 581 904 Tum:
599 857 686 905 rustici
703 869 785 904 nonne
802 856 897 904 habent
913 857 939 903 in
957 855 1050 915 Pegaso
1069 859 1094 901 st
1105 854 1231 916 Delphina
1248 866 1318 901 suam
1337 858 1361 901 st
1378 854 1498 914 majorem
1516 855 1542 900 et
1559 851 1609 898 mi-

266 939 351 976 norem
370 928 482 975 ornceml
517 925 570 974 Non
588 927 663 987 igitur
681 925 743 973 mihi
760 930 811 974 tam
829 926 877 975 hoc
893 930 965 973 tunm
982 923 1096 972 mirabile
1113 923 1224 980 videtur,
1242 927 1287 971 ant
1304 920 1412 971 allannm
1430 927 1455 971 ιι
1472 922 1546 982 longe
1563 934 1609 983 pe-

266 997 349 1058 titum,
366 1010 440 1057 qnam
459 995 524 1056 qnod
543 997 569 1043 in
588 996 693 1059 physica
710 999 755 1044 tna
773 993 874 1045 coelesti
891 995 1060 1058 protoplastus
1079 1007 1136 1042 cnm
1154 994 1205 1042 suis
1223 993 1314 1049 literis,
1331 993 1383 1041 siva
1401 993 1433 1042 ab
1451 991 1538 1041 mleris
1556 993 1610 1040 sive

266 1067 361 1129 superis
380 1065 471 1132 (jocari
487 1063 573 1131 liceat)
591 1067 714 1115 excitatos
732 1067 759 1114 in
777 1079 877 1114 scenam
895 1070 919 1114 et
936 1066 1062 1128 pulverem
1079 1063 1254 1126 geometricum
1272 1062 1404 1125 producas,
1429 1066 1459 1112 nt
1476 1063 1528 1110 sint
1544 1063 1609 1109 lma·

268 1139 339 1198 ginee
358 1143 453 1185 tuarum
472 1135 683 1198 primigenitorum
701 1139 726 1184 et
742 1137 937 1197 postgenitamm
953 1136 1084 1195 figurarum
1102 1139 1127 1181 et
1143 1133 1274 1184 ostendant
1290 1146 1375 1181 earnm
1393 1133 1550 1182 differentias

350 1207 408 1255 Jarn
425 1199 544 1254 Millleius
567 1208 727 1271 quaestiones
754 1207 826 1255 ailert
849 1205 879 1254 de
899 1206 1028 1266 „Epitome
1049 1206 1113 1254 hstr.
1133 1203 1208 1266 Oop.“
1235 1201 1276 1267 (de
1294 1205 1500 1265 proportionibus
1518 1201 1611 1264 Kepler

266 1275 373 1342 dubitat)
392 1275 480 1324 deinde
497 1278 533 1324 sio
551 1277 641 1338 pergit:
668 1277 751 1324 Antea
767 1289 807 1324 me
830 1277 1019 1325 lnexercitatum
1036 1274 1132 1323 fatebar
1149 1275 1197 1323 tibi
1214 1273 1241 1321 in
1259 1275 1437 1338 artemnslca,
1468 1273 1614 1336 praesertim

266 1347 347 1394 vocali
365 1350 389 1394 et
405 1346 517 1394 terminis
536 1347 603 1394 artis.
638 1347 707 1406 Rogo
725 1359 793 1406 ergo,
811 1345 933 1406 numquid
950 1358 1001 1394 non
1018 1350 1064 1394 tna
1082 1345 1187 1407 physica
1206 1342 1321 1392 coelestis
1340 1345 1414 1392 etiam
1432 1344 1485 1392 sine
1503 1344 1543 1392 hle
1563 1349 1612 1391 ter·

265 1417 339 1464 minis
357 1421 381 1464 et
399 1416 471 1477 praxi
490 1415 595 1470 emendi
617 1417 724 1476 intelligi
742 1421 818 1475 queat
839 1420 883 1465 ant
899 1416 986 1465 saltem
1008 1429 1039 1463 ex
1056 1415 1224 1463 instrumento
1248 1414 1355 1478 mnslco,
1384 1413 1451 1474 quod
1468 1414 1504 1462 ita
1522 1413 1615 1462 dicitnr

224 1505 233 1530 i
265 1481 316 1536 aas*
336 1483 431 1552 ὲεοχηι,
451 1489 522 1546 cujus
540 1486 656 1548 pulsandi
675 1485 856 1546 quodammodo
874 1499 930 1534 snm
941 1488 1050 1546 giranus?
1083 1483 1157 1546 Quod
1175 1484 1254 1548 sisic,
1272 1483 1390 1542 aqnnlam
1405 1485 1547 1546 aspersorio.
1577 1483 1615 1531 De

265 1561 378 1617 apotome
396 1568 508 1619 qnoque,
534 1556 652 1604 binomlis
671 1562 716 1604 etc.
735 1561 847 1618 optarem
864 1556 926 1604 mihi
944 1556 1038 1605 clarum
1065 1560 1089 1602 et
1107 1557 1260 1604 succinctum
1278 1557 1420 1619 ιιιιιιιιιιιι,
1446 1556 1491 1614 qni
1509 1550 1613 1602 subtili-

234 1675 235 1683 ,
264 1631 328 1674 tates
346 1624 403 1674 illas
421 1625 599 1674 demonstraret
615 1626 643 1674 in
660 1627 733 1675 rebus
751 1627 921 1688 sensibilibus,
939 1640 954 1674 s
971 1627 1062 1686 quibus
1082 1625 1229 1686 plerumque
1249 1623 1326 1672 ordiri
1337 1622 1405 1672 soleo
1423 1637 1534 1673 mearum
1554 1637 1614 1674 con·

264 1696 453 1757 templationnm
470 1696 555 1744 telam.
589 1695 743 1760 Dibusdius,
762 1694 862 1745 Olenius
879 1701 904 1745 et
921 1697 997 1745 ceteri
1015 1698 1222 1744 commentatores
1239 1707 1289 1743 non
1308 1695 1416 1756 sapiunt.

352 1765 400 1816 Sed
418 1766 478 1814 satis
496 1766 692 1824 quaestionarias
710 1767 842 1828 epistolae,
868 1765 939 1816 credo
957 1771 994 1826 te,
1018 1765 1064 1812 Vir
1081 1765 1306 1828 Excellentissime,
1332 1767 1383 1824 jam
1400 1764 1528 1826 poenitere
1546 1779 1606 1827 pro-

197 1847 200 1860 ·
264 1835 402 1884 vocationis
430 1840 454 1883 et
479 1837 602 1894 requirere
628 1837 763 1886 insnmtum
788 1837 815 1885 in
841 1835 1011 1898 percurrendis
1038 1836 1111 1895 nugis
1137 1837 1200 1884 meis
1225 1837 1331 1894 tempus.
1367 1832 1494 1895 Oogitabls
1518 1841 1609 1900 summ,

266 1907 361 1954 volantl
377 1907 494 1967 injuriam
511 1918 561 1954 non
579 1907 632 1955 lieri
651 1911 675 1955 et
691 1908 738 1955 hoc
756 1908 835 1966 magis
854 1907 953 1955 solitam
970 1911 1039 1954 tuam
1058 1907 1238 1966 benignitatem
1254 1905 1281 1951 in
1299 1917 1338 1952 me
1361 1906 1492 1968 usurpabis
1511 1917 1612 1966 quoque

222 1967 224 1980 '
266 1981 291 2025 et
308 1976 435 2036 hucusque
453 1975 566 2036 ignotum
584 1977 632 2026 tibi
649 1979 748 2026 virtutis
773 1981 797 2024 et
814 1976 935 2025 donorum
962 1981 1062 2024 tuorum
1089 1975 1212 2024 divinitus
1242 1987 1412 2024 concessorum
1438 1975 1612 2024 admiratorem

267 2051 293 2094 et
310 2059 467 2111 praeconem,
492 2051 625 2108 postquam
642 2048 745 2110 propius
763 2049 885 2111 innotuit,
905 2047 1019 2108 cupidius
1037 2043 1206 2111 amplecteris,
1225 2043 1292 2104 quod
1310 2049 1339 2091 nt
1355 2045 1442 2109 iacias,
1461 2046 1509 2094 etsi
1527 2049 1613 2094 tuate

266 2116 407 2164 hnmanitas
424 2118 504 2176 rogari
522 2130 573 2165 non
591 2123 724 2180 exspectat,
744 2124 783 2165 sat
800 2119 859 2182 scio,
877 2130 937 2177 rogo
955 2121 1045 2181 ιιιιιιιι,
1064 2121 1092 2163 nt
1110 2128 1156 2178 par
1174 2120 1218 2174 eet,
1238 2119 1263 2162 st
1280 2115 1317 2163 sic
1330 2116 1415 2163 missis
1426 2116 1490 2176 logls
1501 2116 1612 2164 ulterio-

266 2187 335 2234 ribne
359 2191 383 2235 ιι
407 2187 488 2236 valere
508 2187 584 2248 jubeo
606 2185 647 2239 im
670 2203 773 2251 μακρον
800 2192 824 2235 ιι
841 2200 967 2248 superesse
991 2187 1030 2235 his
1048 2186 1130 2234 ordini
1152 2191 1236 2233 nostro
1259 2185 1423 2244 iniquissimis
1446 2187 1612 2247 temporibus.

266 2257 333 2306 Bene
351 2254 406 2305 vale
425 2264 449 2304 ιι
466 2254 533 2306 salve
552 2271 567 2306 a
584 2256 678 2306 cultore
695 2260 733 2306 tui
750 2258 867 2317 nominis,
886 2255 999 2304 ldhllero.
1035 2256 1135 2318 Lipsiae
1153 2255 1176 2305 d.
1195 2251 1219 2306 3.
1238 2256 1301 2314 hug.
1321 2251 1396 2306 1622.

353 2335 393 2383 Ad
410 2335 472 2385 haec
494 2337 621 2398 respondit
639 2337 807 2398 Ksplerns:
835 2328 865 2388 S.
896 2327 930 2388 P.
953 2327 992 2386 D.
1041 2327 1207 2386 Clarissimo
1230 2324 1299 2384 Viri
1341 2323 1414 2385 Jovi
1436 2325 1542 2386 Phidio
1572 2323 1613 2409 (si

267 2414 446 2475 Christianos
466 2415 558 2491 decet,
586 2415 712 2493 jocundo
735 2423 847 2475 veteres
866 2411 988 2497 imitari)
1010 2414 1117 2476 bovem
1142 2415 1244 2490 opinor
1258 2411 1406 2488 debemus,
1431 2416 1480 2492 qui
1501 2431 1611 2492 pronu-

267 2503 338 2563 bum
358 2503 545 2563 conciliandis
567 2507 673 2563 nostris
696 2504 842 2563 amoribus
864 2503 942 2562 nacti
966 2519 1066 2562 sumus
1088 2501 1239 2574 sedulum,
1262 2514 1443 2562 communem
1471 2519 1511 2562 ec.
1536 2504 1611 2563 ami·

269 2607 335 2652 eum
357 2589 507 2650 Seussium
530 2597 633 2664 (curali
657 2613 682 2660 p.
699 2594 777 2664 481),
810 2591 892 2667 cujus
923 2607 1011 2666 opera
1034 2606 1086 2666 pcr
1111 2589 1185 2649 haec
1215 2590 1294 2647 invia
1324 2595 1353 2648 ιι
1370 2588 1503 2649 desolate
1531 2598 1612 2650 tuam

269 2685 367 2737 tamen
401 2678 555 2753 epistolam
586 2680 681 2753 recepi
711 2678 759 2736 13.
791 2677 976 2754 Septembris.
1021 2677 1059 2736 Et
1092 2680 1161 2753 quia
1193 2684 1220 2734 ιι
1254 2675 1428 2752 discipulum
1459 2677 1612 2754 profiteris,

269 2766 407 2840 incipiam
438 2767 664 2825 acorrectionc.
708 2764 868 2825 Dimidium
893 2763 1034 2842 epistolae
1062 2770 1130 2824 tuuc
1155 2764 1228 2822 hene
1250 2763 1356 2840 longae
1381 2763 1495 2824 duabus
1517 2765 1611 2840 lincis,

271 2859 425 2927 utramque
453 2869 494 2912 sc.
525 2855 676 2930 pagiuam,
712 2851 805 2912 deleo.
856 2851 992 2912 Nondum
1020 2847 1187 2924 menesii,
1224 2849 1250 2908 si
1280 2849 1336 2910 hoc
1364 2851 1492 2912 nondum
1523 2856 1611 2931 capis,

271 2937 310 2998 ad
344 2938 560 3000 simulationem
589 2958 636 3000 me
667 2939 986 3024 dissimulationcmque
1017 2940 1126 2999 lactum
1157 2954 1220 2998 esee
1247 2940 1373 2998 minime.
1423 2939 1489 3000 Non
1524 2939 1613 3001 dissi-

272 3026 366 3101 mulo,
398 3043 443 3086 me
471 3034 657 3088 consecutum
687 3045 751 3087 esse
780 3029 821 3087 20
845 3043 984 3088 annornm
1013 3027 1218 3086 exercitatione
1247 3027 1398 3102 continua,
1419 3025 1513 3104 *quod
1535 3027 1614 3088 haud

272 3114 358 3173 facile
385 3116 540 3191 quisquam
567 3114 642 3174 alius
671 3117 701 3173 in
733 3115 790 3174 hoc
819 3132 923 3191 genere
953 3115 1090 3191 consequi
1120 3115 1228 3192 possit3
1260 3129 1354 3190 neque
1384 3121 1481 3176 ιιιιιιιι
1511 3121 1540 3177 ιι
1573 3119 1614 3176 si-

272 3202 390 3261 mulatis
420 3203 516 3262 verbis
544 3201 681 3262 idoneum
713 3204 918 3278 pronunciavi,
955 3201 1038 3277 cujus
1068 3201 1288 3262 conversatione
1325 3204 1354 3260 in
1384 3205 1512 3264 materiis
1542 3221 1614 3265 oon·

273 3289 380 3350 linibus
402 3291 475 3350 inter
495 3290 719 3350 mathematicos
751 3299 779 3349 et
801 3287 1046 3368 metaphysicsm,
1078 3290 1183 3364 quihus
1210 3291 1369 3366 impensius
1399 3308 1453 3367 ego
1476 3289 1612 3365 delector,

274 3394 364 3453 quum
385 3379 456 3454 ipsis
478 3379 631 3438 abstractis
660 3375 900 3451 mathematihns,
924 3375 1056 3452 adeoque
1079 3385 1108 3436 ct
1130 3379 1160 3433 in
1180 3393 1212 3436 re
1234 3393 1300 3436 mea
1323 3381 1438 3454 propria
1468 3377 1529 3438 illic
1551 3397 1613 3440 me-

274 3463 332 3524 lius
354 3459 514 3540 sentiendo,
537 3464 585 3540 hic
609 3463 790 3526 emendatius
813 3471 842 3526 et
864 3463 969 3524 clarius
991 3463 1148 3540 loquendo,
1171 3463 1324 3541 plurimum
1341 3465 1480 3542 proficere
1494 3469 1613 3544 possim.

275 3551 334 3612 Eas
357 3569 426 3612 vero
448 3555 584 3613 materies
607 3555 638 3611 in
659 3551 750 3612 literis
773 3551 810 3612 ad
833 3551 999 3626 Semelam,
1023 3568 1096 3629 qnae
1111 3559 1139 3612 ιι
1161 3550 1268 3627 legisse
1290 3552 1449 3630 profiteris,
1473 3565 1509 3614 ιιι
1531 3563 1614 3633 parte

278 3643 423 3724 express13
454 3643 611 3718 praecipua
632 3647 676 3700 ιιι
698 3643 728 3698 in
750 3639 823 3700 libro
850 3639 886 3699 dc
909 3638 1000 3698 Stella
1021 3640 1107 3699 Nova
1135 3656 1153 3699 a
1180 3657 1209 3716 p.
1236 3640 1295 3701 129
1318 3641 1348 3697 in
1374 3642 1433 3700 148
1456 3649 1513 3708 (vol.
1532 3651 1565 3702 11.
1590 3637 1614 3713 ρ’.

277 3731 446 3791 iod-718).
491 3727 574 3787 'lunc
594 3729 725 3805 sequitur
751 3727 825 3788 liber
846 3727 899 3786 lv.
923 3726 1112 3787 Harmonices
1141 3735 1170 3786 ιι
1197 3726 1316 3786 mimae
1342 3731 1556 3805 propositiones
1579 3729 1616 3789 li-

277 3815 322 3875 bri
344 3813 381 3874 V.
405 3831 470 3874 cnm
491 3814 625 3892 Epilogo.
670 3815 745 3874 Nam
774 3832 849 3892 qnae
878 3813 914 3873 de
936 3817 1058 3875 materia
1080 3817 1150 3873 novi
1173 3814 1273 3874 sideris
1302 3821 1329 3874 et
1357 3823 1532 3876 cometarum
1555 3821 1616 3878 suis

276 3902 350 3963 locis
374 3902 467 3980 deque
491 3904 586 3962 causis
609 3894 776 3962 coelestium
799 3903 926 3981 physicis
947 3901 1022 3962 libro
1045 3900 1096 3961 IV.
1120 3902 1268 3978 Epitomcs
1291 3901 1454 3980 disputavi,
1487 3923 1523 3965 ea
1545 3906 1617 3965 mihi

274 3991 337 4067 jam
359 3992 457 4051 nescio
481 4007 539 4068 quo
561 3997 648 4069 pacto
671 4008 722 4067 pro
746 3990 819 4051 adeo
843 3991 917 4049 tritis
939 3989 1100 4062 habentur,
1124 3997 1156 4049 nt
1178 3997 1278 4049 contra
1299 3993 1441 4068 principia
1462 3990 1616 4068 disputan·

277 4086 338 4138 tem
359 4082 454 4138 minus
476 4079 550 4138 forte
573 4077 694 4138 moleste
711 4080 811 4153 leram,
835 4094 922 4154 quam
944 4083 1045 4137 contra
1067 4079 1132 4135 ieta.
1177 4077 1214 4136 Et
1235 4085 1304 4136 sunt
1324 4072 1376 4137 illa
1396 4079 1537 4156 pleraque
1552 4099 1616 4141 ma·

279 4166 368 4225 terias
390 4166 551 4226 rationibus
573 4165 685 4237 affinia,
716 4166 787 4225 mihi
811 4180 878 4224 vero
910 4166 1022 4224 enimus
1044 4171 1121 4224 totus
1150 4164 1299 4224 informis
1326 4165 1413 4242 ioque
1436 4169 1558 4244 animis,
1587 4172 1616 4228 in

279 4253 343 4330 ipso
367 4251 431 4313 Deo
453 4253 610 4313 architecto
633 4255 745 4333 operis,
773 4253 910 4312 lnbentiis
939 4252 1073 4312 omnihus
1104 4253 1310 4326 annuentibus,
1340 4257 1496 4332 exspatiari
1518 4260 1615 4334 gestit

279 4337 337 4397 Hic
359 4356 413 4414 ego
435 4341 589 4417 plurimum
612 4341 712 4401 laboro
736 4339 879 4401 desiderio
902 4339 1057 4413 lectorum,
1088 4341 1154 4416 qni,
1183 4343 1237 4399 etsi
1260 4339 1455 4402 mathematici
1478 4359 1537 4403 non
1559 4347 1617 4404 sint

281 4442 316 4484 ex
339 4425 484 4502 professo,
507 4431 566 4488 vim
589 4435 686 4488 tamen
710 4433 958 4506 argumentorum,
983 4443 1058 4503 quae
1081 4445 1116 4487 cx
1138 4426 1363 4488 mathematibns
1386 4433 1473 4506 texui,
1497 4449 1616 4510 persen·

280 4514 402 4584 tiscunt,
432 4521 461 4573 ιι
482 4518 532 4590 qui
554 4518 765 4595 propositiones
788 4533 807 4575 a
828 4532 873 4580 me
896 4513 1013 4591 quidem
1041 4517 1185 4594 accipiant
1213 4531 1279 4576 mea
1300 4515 1373 4590 fide,
1402 4516 1525 4578 formam
1548 4537 1615 4581 vero

281 4599 470 4662 concludendi
492 4609 522 4661 ιι
542 4620 639 4663 secum
661 4607 806 4683 pensitant
828 4609 858 4663 ιι
878 4620 991 4663 mecum
1014 4601 1182 4682 disceptent.
1227 4601 1355 4681 Coepisti
1371 4610 1403 4662 tu
1423 4606 1542 4683 quidem
1564 4607 1616 4668 de·

280 4689 386 4750 siderio
409 4707 474 4750 meo
497 4691 662 4752 satisfacere
685 4695 715 4751 in
738 4690 991 4767 condescensione,
1015 4708 1091 4768 quae
1114 4709 1149 4751 ex
1171 4691 1227 4751 hoc
1249 4707 1354 4768 genere
1377 4701 1434 4772 eet,
1458 4711 1616 4774 monesque

282 4778 442 4856 salubriter,
464 4794 501 4839 ne
523 4777 593 4855 quid
614 4780 714 4840 nimisl
759 4777 853 4840 Valde
876 4778 972 4856 velim,
996 4780 1139 4858 eopiosior
1161 4780 1190 4835 in
1213 4797 1249 4841 ea
1271 4779 1381 4840 luisses.
