3564 5540
612 282 793 348 ammonias.
828 291 912 348 urea
923 291 972 352 ιιι
988 295 1080 362 eaput
1091 295 1137 350 ιι
1191 253 1194 259 ¹
1411 333 1414 338 ,
1492 287 1555 362 ιιι

198 473 267 536 ab
258 475 447 547 inconcinnia
472 490 549 550 quae
570 471 680 532 nulllus
703 478 807 532 cantus
830 469 958 533 ordinatl
981 481 1105 534 tractum
1128 471 1343 558 ingrediuntur,
1378 457 1483 551 graece
1505 474 1552 536 tli-

199 570 301 621 euntur
323 559 431 638 ἐμμιλη
454 569 485 620 et
506 557 620 636 istrata.
1602 629 1604 638 Ι

283 647 370 724 Quod
392 657 515 708 naturae
538 647 690 722 ingenium
709 646 739 704 in
763 644 928 708 discrimine
951 649 1158 708 concinnatum
1181 652 1233 710 et
1225 652 1463 712 inconcinnorum
1486 667 1552 710 cum
1606 663 1608 670 “

197 735 330 796 riderent
358 744 489 810 veteres,
521 733 720 812 quaerendum
748 735 837 810 igitur
859 737 1077 810 existimarunt,
1110 737 1259 812 quoduam
1288 746 1367 801 esset
1399 753 1579 808 commuuio,

200 825 334 883 omnibns
358 826 507 883 concinnis
536 832 566 884 et
589 823 727 882 consonis
757 822 906 882 minimum
931 822 1125 907 elementum,
1158 843 1193 885 ax
1216 843 1275 902 quo
1305 822 1466 907 seeundum
1494 823 1552 884 ali·
1605 843 1608 850 ·

198 928 285 987 quem
307 929 459 971 numerum
482 919 578 970 sumto
601 908 754 986 quodlibet
775 927 811 970 ex
834 912 970 970 consonis
994 921 1024 971 et
1047 914 1196 972 concinnis
1212 923 1444 990 componeretur.
1488 903 1574 974 lle·¹
1643 917 1657 946 's

197 1016 277 1058 cesse
299 1002 376 1060 enim
399 997 555 1058 ridebatur
585 999 708 1058 existere
737 995 859 1072 aliquod
890 997 949 1058 tale
978 1001 1131 1060 minimum
1154 1001 1341 1061 intervallum
1373 1009 1404 1060 ut
1427 1001 1551 1077 simplex

196 1097 225 1146 et
246 1095 312 1146 ortu
336 1087 418 1164 prius
441 1088 513 1164 ipsis
536 1085 753 1158 consonantiis,
784 1101 860 1161 quae
884 1084 1062 1147 ridebantur
1084 1091 1264 1166 compositae
1286 1088 1398 1148 extali
1421 1089 1550 1158 minimo,
1575 1145 1578 1152 r

198 1181 301 1251 utpote
323 1191 389 1234 eum
411 1183 510 1234 essent
532 1171 690 1234 intervalla
713 1171 772 1234 alia
794 1172 861 1233 aliis
884 1173 1006 1249 majora.
1053 1177 1146 1251 Atqui
1167 1193 1214 1236 rea
1236 1175 1324 1250 longe
1347 1175 1434 1241 aliter
1451 1171 1550 1250 bab'et,
1602 1193 1603 1196 ¹

196 1261 275 1337 quod
305 1261 406 1322 multis
434 1261 577 1338 exemplis
607 1259 705 1320 doeeri
733 1267 841 1336 potest.
885 1259 962 1320 Nam
990 1264 1016 1320 si
1045 1265 1207 1338 specierum
1236 1265 1365 1324 omnium
1389 1261 1551 1332 individua,
1599 1274 1606 1314 ί

197 1365 274 1424 quae
297 1349 480 1426 magitudine
504 1349 649 1419 differunt,
674 1365 710 1404 ex
733 1363 792 1407 uno
816 1351 962 1408 communi
985 1349 1105 1409 minimo
1129 1359 1280 1421 constant,
1305 1352 1359 1410 erit
1382 1352 1471 1425 igitur
1493 1368 1572 1410 una·

198 1436 301 1513 aliqua
321 1437 444 1498 minima
467 1439 616 1513 quantitas
639 1435 784 1495 humanae
807 1437 930 1512 speciei,
959 1453 995 1496 ex
1019 1437 1184 1513 eujusmodi
1206 1440 1361 1514 pusionum
1392 1445 1470 1497 certo
1493 1433 1551 1496 ali·

196 1541 253 1601 quo
278 1541 398 1585 numero
420 1525 503 1584 velut
525 1541 561 1584 ex
585 1523 736 1583 elementis
760 1520 884 1598 quilibet
906 1523 994 1583 bomo
1018 1532 1225 1602 componatur,
1254 1541 1391 1603 procorus
1414 1541 1450 1584 ex
1472 1524 1551 1585 mul·

195 1613 240 1684 tls,
263 1607 453 1690 pumilus'ex
475 1613 587 1690 paucis.
632 1609 697 1668 Non
722 1611 817 1669 minus
840 1612 970 1670 enimin
994 1611 1171 1673 harmonicis
1194 1615 1323 1690 qualitas
1346 1614 1418 1682 ista,
1442 1629 1551 1672 censo·

194 1691 306 1773 nantia,
330 1700 466 1758 inlormat
489 1699 662 1758 chordarum
684 1699 903 1773 proportionem
926 1715 979 1758 seu
1002 1717 1108 1760 vocum
1127 1700 1322 1775 intervallum,
1346 1717 1433 1776 quam
1456 1699 1550 1760 torma

195 1786 322 1846 bominis
345 1785 454 1848 molem
476 1784 557 1848 illam
580 1785 720 1846 materiae
743 1785 898 1859 informet,
923 1802 998 1860 quae
1022 1787 1148 1846 beminis
1171 1795 1237 1848 cute
1259 1789 1396 1848 ambitur.
1442 1787 1478 1846 Et
1500 1803 1550 1846 cnr

196 1874 281 1934 obliti
304 1881 373 1932 sunt
395 1877 590 1949 geometriae
620 1875 651 1930 in
675 1888 734 1947 qua
761 1872 888 1948 plurima
910 1880 979 1931 sunt
1001 1875 1137 1951 exempla
1167 1877 1261 1936 omnis
1286 1877 1401 1952 generis
1431 1877 1550 1978 quanti·

196 1970 289 2021 tatum
311 1961 659 2033 incommensurabilium,
684 1975 807 2034 quarum
830 1958 960 2018 delinitio
984 1971 1038 2034 ost,
1062 1961 1145 2021 nulla
1164 1966 1280 2040 penitus
1304 1964 1449 2024 communi
1466 1979 1550 2022 men-

197 2067 280 2123 sura,
311 2067 387 2125 quae
409 2053 447 2108 sit
470 2067 506 2109 ex
529 2048 634 2110 eodem
656 2063 763 2122 genere
786 2049 1003 2132 quantitatum,
1031 2059 1171 2126 tanquam
1202 2051 1302 2127 aliquo
1329 2051 1550 2166 compositionis

198 2136 343 2196 clemente
366 2138 539 2214 quantitatis
553 2135 675 2208 ',certae
700 2133 937 2196 communicare?

282 2224 332 2284 Sic
353 2226 443 2300 igitur
465 2222 624 2284 tenendum
646 2229 705 2294 est,
736 2221 894 2282 intervalla
917 2237 1046 2282 consona
1069 2219 1291 2303 (praeterquam
1313 2240 1437 2300 quorum
1460 2240 1550 2284 unum

195 2317 239 2372 est
261 2311 384 2372 alterius
408 2307 575 2394 multiplex)
600 2327 673 2383 esse,
697 2317 730 2368 ut
748 2312 950 2386 proportiones
974 2309 1039 2370 illas
1057 2311 1146 2386 ipsas,
1170 2312 1486 2392 incommensnpabilia,
1508 2313 1551 2372 sic

195 2398 322 2473 quidem,
345 2407 378 2459 nt
401 2402 537 2476 quamvis
559 2415 660 2477 eornm
683 2395 865 2458 differentiae
888 2401 1016 2458 numeris
1039 2400 1252 2474 exprimantur,
1281 2398 1359 2476 quod
1382 2402 1412 2457 in
1433 2399 1570 2476 simpli-v,

195 2488 279 2546 cibus
303 2489 431 2548 numeris
459 2495 505 2548 est
526 2489 644 2564 signum
668 2486 973 2558 commensurationis,
994 2485 1060 2544 bae
1087 2495 1185 2546 mmen
1217 2477 1412 2559 differentiae,
1440 2489 1565 2566 quippe
1594 2483 1615 2498 ''

197 2591 253 2633 non
278 2575 428 2653 simplices
450 2577 578 2649 numeri,
608 2573 660 2632 sed
682 2572 853 2646 fractiones,
885 2589 945 2636 nou
971 2573 1030 2632 sint
1060 2571 1256 2634 differentium
1283 2593 1372 2652 pars
1382 2574 1430 2644 vel
1451 2581 1550 2650 partes

196 2660 346 2738 aliquotae
379 2661 541 2722 secundum
572 2659 699 2737 aliquem
731 2677 892 2720 numerum.
938 2659 1029 2718 Verbi
1058 2677 1148 2720 eausa
1177 2661 1252 2722 duas
1281 2663 1485 2739 proportiones
1511 2658 1549 2744 ¹J,
1593 2741 1595 2746 Ι

198 2757 226 2808 et
253 2745 291 2830 ¹s,
315 2757 384 2810 sunt
407 2752 482 2808 inter
508 2767 539 2808 se
563 2755 596 2808 nt
625 2765 761 2807 numerus
788 2749 802 2806 1
834 2745 873 2806 ad
903 2751 1113 2822 numerumss,
1141 2757 1209 2809 sunt
1231 2767 1306 2826 ergo
1329 2765 1549 2812 commensura·

195 2835 279 2910 biles,
303 2854 371 2896 nam
397 2832 438 2921 ¹]
460 2843 505 2895 est
528 2834 649 2913 dupla
641 2836 734 2912 rpsins
761 2829 806 2914 ¹l,
851 2833 948 2894 Hoc
940 2851 969 2890 ιιι
992 2834 1058 2896 sola
1073 2853 1149 2896 serre
1171 2840 1309 2898 continue
1324 2835 1478 2915 duplarum
1500 2825 1569 2898 lo-·

197 2939 262 2984 com
285 2923 384 2983 babet.
429 2923 505 2983 Nam
534 2925 565 2981 in
594 2924 668 2982 serie
696 2922 847 2999 triplarum
878 2928 907 2980 et
937 2927 1098 2982 ceterarum
1128 2924 1362 3005 multiplicium
1360 2943 1418 2984 non
1427 2923 1548 2984 “dantur
1614 2926 1617 2998 s

196 3009 271 3071 duae
295 3013 498 3088 proportiones
521 3027 682 3083 consonae,
712 3016 745 3069 ut
771 3005 809 3090 ι19
833 3017 878 3069 est
908 3008 1025 3084 quidem
1049 3010 1172 3087 tripla
1164 3015 1256 3088 ipsius
1285 3008 1337 3093 7„
1365 3021 1397 3072 at
1417 3011 1483 3074 sola
1508 3009 1546 3095 ¹l,
1589 3047 1591 3050 ·

195 3106 239 3158 est
262 3101 338 3158 inter
361 3116 519 3169 consonas,
548 3094 583 3177 ¹1,
607 3113 677 3156 voro
705 3103 750 3156 est
771 3099 845 3156 inter
869 3095 1015 3167 dissonas,
1049 3115 1101 3175 per
1123 3117 1169 3158 ax.
1194 3101 1223 3158 3.
1268 3099 1350 3160 Idem
1380 3097 1480 3160 videre
1503 3107 1565 3160 sst-

196 3188 284 3246 etiam
308 3187 337 3243 in
360 3203 419 3246 nou
442 3183 669 3262 multiplicibus,
701 3192 733 3244 nt
755 3184 784 3240 in
807 3184 1002 3258 sesquialtera
1023 3180 1078 3264 ‘¹l„
1102 3201 1248 3256 censonar
1270 3186 1357 3248 datur
1384 3204 1455 3248 sane
1483 3189 1560 3264 ejus*

196 3272 349 3351 multiplex
373 3288 403 3332 et
423 3275 467 3332 sic
489 3271 768 3345 commensurabilis,
792 3286 859 3330 nam
884 3266 926 3351 419
947 3279 994 3330 est
1015 3271 1053 3332 ad
1078 3268 1119 3354 Ω13
1141 3281 1174 3334 ut
1196 3292 1333 3336 numerus
1356 3276 1375 3332 2
1398 3274 1488 3349 adl,
1516 3282 1548 3336 at

198 3355 235 3440 ¹l,
260 3378 320 3420 non
343 3369 388 3422 est
410 3361 485 3420 inter
507 3377 662 3422 consonas.
708 3359 732 3417 E
755 3366 856 3420 eontra
878 3360 937 3416 sint
958 3357 1034 3419 aliae
1058 3360 1140 3424 duae,
1155 3377 1311 3436 consonae,
1335 3379 1422 3438 quam
1446 3355 1482 3422 'ex
1497 3379 1547 3424 sa·

196 3449 399 3508 necantibus
422 3449 592 3525 duplarum,
620 3453 655 3506 ut
680 3441 719 3529 ¹l,
742 3454 772 3506 et
795 3441 853 3526 ‘¹l,3
883 3445 940 3505 bae
968 3445 1044 3506 duae
1072 3451 1275 3526 proportiones
1303 3467 1361 3510 nen
1385 3456 1454 3510 sunt
1473 3450 1548 3511 inter
1583 3478 1587 3484 ·
1629 3515 1633 3521 ,

198 3553 228 3594 sc
253 3535 541 3611 commensurabiles,
563 3536 621 3596 boe
643 3542 769 3594 estnon
793 3540 826 3592 ut
847 3549 985 3593 numerus
1007 3533 1229 3610 adnumerum
1252 3553 1390 3598 excessus
1412 3538 1489 3597 eninr
1508 3534 1548 3618 ll,

195 3620 349 3702 ἱιιιίιιιᾸΙ4
372 3641 460 3701 super
483 3619 522 3704 ῃ18
550 3640 609 3683 non
630 3623 749 3681 metitur
780 3633 875 3696 neque
902 3615 940 3702 ¹l,
969 3637 1065 3698 neque
1089 3617 1141 3705 ²l,.
1186 3625 1324 3686 consona
1346 3626 1435 3701 igitur
1456 3625 1547 3684 inter-

196 3709 276 3771 r'alla
298 3707 403 3770 natura
425 3712 523 3787 priora
545 3718 614 3770 sunt
635 3708 797 3769 minoribns
819 3707 990 3782 intervallis,
1015 3727 1091 3785 quae
1115 3714 1257 3772 concinna
1271 3710 1470 3790 appellamus3
1493 3722 1561 3770 nec·

183 3795 248 3871 ,ille
271 3805 484 3874 componuntur
505 3815 542 3858 ex
563 3799 628 3858 istis
651 3804 792 3873 tanquam
814 3813 851 3856 ex
873 3794 1024 3857 elementis
1048 3807 1101 3858 aut
1121 3817 1157 3858 ex
1179 3802 1283 3860 minori
1306 3800 1407 3876 aliqua
1428 3799 1546 3875 quanti-

197 3892 274 3959 tate,
296 3884 349 3945 sed
372 3895 473 3946 eontra
495 3885 570 3946 baec
592 3903 628 3945 ex
651 3883 710 3944 illts
732 3891 874 3959 tanquam
896 3901 933 3943 ex
956 3888 1053 3947 causis
1077 3888 1216 3947 oriuntur.

283 3969 343 4033 Ubi
364 3972 494 4032 notanda
518 3981 562 4033 est
584 3991 643 4032 vox
666 3971 806 4047 ambigua
829 3973 1065 4048 compositionis,
1095 3991 1172 4049 quae
1202 3963 1349 4034 interdnm'
1373 3979 1470 4033 'enirm
1494 3971 1548 4034 de·

151 4069 159 4088 ⁸
195 4065 279 4120 notat
301 4063 342 4119 rei
366 4060 545 4133 naturalem,
577 4057 722 4118 interdum
750 4073 822 4118 vero
846 4057 1021 4120 divisionem
1051 4063 1092 4120 rel
1116 4064 1360 4136 quantitativum,
1390 4077 1466 4136 quae
1488 4075 1547 4121 non

196 4153 277 4206 ortus
300 4156 354 4221 est,
377 4147 429 4207 aed
453 4146 612 4206 des'tmetio
635 4137 752 4222 potiris3
783 4153 818 4204 ut
840 4161 905 4203 cnm
928 4148 1068 4208 circulum
1091 4147 1213 4208 dicimus
1240 4155 1373 4208 constare
1396 4149 1546 4208 extribus

197 4234 550 4308 trientibus,'diridentes
572 4235 653 4310 prius
677 4233 816 4293 circulum
838 4239 936 4293 mente
958 4237 986 4292 in
1012 4239 1075 4308 tria,
1099 4243 1152 4295 aut
1175 4253 1239 4296 eum
1262 4235 1421 4294 humanum
1442 4251 1546 4316 eorpus

198 4320 321 4382 dicimus
344 4339 408 4398 esse
432 4323 627 4400 compositum
649 4337 685 4379 ex
707 4319 859 4391 membris,
886 4337 944 4379 non
969 4321 1047 4398 quod
1071 4321 1178 4382 luerint
1199 4323 1329 4382 membra
1350 4329 1417 4382 ante
1441 4339 1546 4401 corpus

198 4415 227 4468 et
249 4426 355 4486 eorpus
378 4427 413 4470 cx
437 4409 496 4470 illis
520 4409 673 4469 collectum
697 4413 726 4467 et
749 4412 962 4480 constructum,
984 4416 1018 4468 nt
1041 4409 1144 4470 domus
1167 4428 1203 4470 ex
1225 4409 1373 4488 lapidibus
1396 4419 1426 4472 et
1446 4411 1544 4502 lignis,

198 4495 249 4555 sed
274 4499 347 4573 quia
377 4513 481 4575 corpus
505 4514 594 4558 causa
616 4493 739 4555 molis
730 4512 761 4552 m
782 4493 858 4553 hacc
878 4496 1023 4568 membra,
1056 4515 1132 4573 quae
1150 4498 1271 4582 singula
1297 4500 1418 4559 seorsim
1440 4516 1545 4576 corpus

200 4587 370 4660 organicum
390 4586 517 4663 amplius
540 4602 599 4644 non
621 4589 703 4656 aunt,
727 4589 772 4644 est
795 4579 956 4642 dividuum
1003 4583 1095 4643 Priori
1117 4586 1281 4661 significatu
1302 4585 1468 4666 negandum
1492 4593 1545 4660 ast,

200 4670 353 4732 intervalla
375 4689 504 4732 consona
527 4673 575 4732 vel
599 4674 634 4732 e'x
657 4671 724 4730 aliis
747 4669 883 4730 consonis
904 4668 953 4727 rel
976 4687 1012 4730 cx
1034 4674 1183 4732 concinnis
1206 4678 1361 4752 componi,
1391 4675 1546 4751 posteriori

201 4759 364 4834 significatu
387 4777 459 4821 sane
481 4767 616 4823 coustant
638 4765 668 4820 et
689 4760 732 4820 sic
755 4757 839 4836 qnasi
863 4765 1076 4840 componuntnr
1098 4754 1192 4844 (qnod
1217 4763 1304 4848 ipsi·
1296 4781 1326 4834 ιιι
1348 4762 1546 4844 superioribus
