3676 5536
362 1215 447 1282 (Brevi
465 1217 560 1268 llusols
580 1212 739 1293 semitonium
757 1211 880 1274 signatur,
898 1213 1019 1264 mediocri
1037 1219 1111 1265 tonus
1130 1217 1219 1283 minor,
1237 1217 1394 1278 longiuscula
1411 1213 1509 1282 mayor.)

345 1362 435 1420 Prima
453 1364 540 1420 forma
557 1363 585 1418 iu
674 1339 710 1449 ᾗ
727 1324 795 1455 ἀί
810 1333 847 1466 bs
856 1419 871 1458 ο
907 1367 1000 1420 Tonus
1018 1365 1111 1436 major,
1130 1363 1225 1436 minor,
1246 1356 1424 1428 semitonium.
1444 1351 1550 1436 Ξ

338 1567 471 1630 Secunda
489 1574 577 1631 forma
594 1575 623 1631 in
678 1541 698 1666 Ξ
730 1558 746 1668 ‘⁶'
779 1543 808 1682 a
834 1547 868 1685 ἕρ
905 1560 1004 1626 ΤοιιιιιΙ
1017 1571 1111 1644 minor,
1130 1574 1224 1646 major,
1243 1577 1368 1632 semiton.

838 1754 859 1878 ζ

344 1782 438 1840 Tertia
454 1782 541 1841 loma
558 1783 608 1839 ln.
905 1783 999 1838 Tenus
1016 1782 1112 1852 major,
1132 1784 1269 1854 semiton,
1288 1785 1382 1840 minor.

346 1989 449 2068 Qum?
466 1991 553 2047 f⁰f¹¹¹²
570 1993 598 2049 5¹¹
777 1998 797 2053 d
904 1975 1048 2061 somilom,
1066 1999 1149 2048 tonus
1167 1993 1261 2062 major,
1278 1993 1372 2049 minor.
1446 2026 1455 2031 -
1511 2026 1549 2032 --

831 2014 846 2052 e

833 2173 854 2315 ἕ
905 2203 999 2260 Τοιιιιι
1017 2203 1111 2275 minor,
1130 2159 1268 2274 semiton,
1286 2203 1381 2274 maior.

834 2392 854 2447 d

677 1997 692 2065 s
728 2015 742 2053 c

301 2173 306 2184 ⁸
344 2200 444 2270 Quinta
461 2187 549 2260 torma
566 2203 594 2259 iu
677 2173 705 2299 ἐ
731 2175 748 2299 2

678 2391 707 2446 Α
733 2393 750 2446 b

347 2419 431 2476 Sem
448 2419 534 2476 forma
551 2418 580 2476 in
679 2461 699 2516 α
733 2461 801 2530 Μ
834 2479 854 2533 9
906 2415 1050 2482 Sambon,
1068 2419 1150 2468 tonus
1168 2411 1262 2480 mlum,
1280 2409 1374 2478 major.
1452 2449 1538 2492 T:

351 2545 389 2605 Et
410 2545 467 2641 bae
490 2557 692 2611 suotmntum
715 2553 836 2628 perlecti
859 2547 1041 2614 diatessaron
1064 2549 1192 2625 iormae;
1220 2546 1256 2608 de
1279 2545 1456 2623 imperiectio
1479 2563 1542 2624 cap.
1571 2549 1619 2606 12.

269 2649 401 2798 ,ιο-Ἧι
425 2728 523 2782 auteur
540 2687 760 2786 dissimulemus
788 2703 979 2790 differentiam
1002 2726 1063 2784 toni
1087 2723 1206 2798 majoris
1237 2724 1424 2798 etmiuoris,
1453 2729 1493 2796 ut,
1507 2722 1620 2786 iaciunt

266 2807 411 2885 organici,
436 2816 505 2870 tuuc
528 2814 645 2873 omuino
668 2814 776 2876 similia
798 2823 866 2876 runt
889 2812 1071 2874 tetrachorda
1095 2811 1240 2887 disJuncta
1264 2811 1401 2888 deinceps
1423 2812 1494 2870 ista:
1573 2841 1577 2850 ·

654 2959 657 2966 .
715 2897 851 2958 oute
940 2897 1118 2966 etdcsuy

715 2967 853 3024 daos
940 2965 1147 3035 etdefp·

677 3035 754 3092 llaec
773 3038 827 3091 lma
941 3043 969 3092 et
985 3035 1254 3120 hlbfffflffffss-
1277 3119 1282 3132 .

349 3173 492 3254 Utrinque
514 3183 699 3242 semitonium
721 3189 765 3242 est
785 3180 851 3242 loco
875 3176 995 3254 eodem,
1026 3178 1073 3239 vel
1096 3195 1210 3238 summo
1240 3177 1290 3238 vel
1311 3178 1424 3252 medlo,
1456 3177 1619 3238 differentia

263 3263 358 3325 solum
379 3263 446 3340 ifle,
476 3267 556 3343 quod
578 3286 636 3329 uuo
660 3275 802 3330 commate
830 3265 920 3328 altius
944 3275 988 3327 est
1010 3267 1197 3326 semitonium
1228 3267 1257 3325 ln
1280 3266 1408 3326 inleriori
1431 3264 1617 3326 tetrachordo

264 3369 352 3429 quam
375 3353 404 3410 in
426 3357 588 3434 superiori3
612 3374 688 3434 quaa
711 3356 874 3417 differentia
897 3359 971 3415 inter
993 3353 1157 3414 canendum
1178 3369 1238 3414 uon
1260 3354 1347 3417 valde
1370 3356 1503 3413 sentitur.

351 3437 429 3500 Huic
452 3444 539 3519 igitur
562 3442 810 3505 tetrachordorum
834 3441 1016 3503 similitudini
1047 3449 1098 3503 est·
1114 3443 1214 3502 innixa
1243 3443 1430 3519 transpositio
1453 3449 1556 3500 cantus
1579 3438 1617 3499 de

263 3525 399 3588 clareio
422 3528 551 3606 clarem,
580 3533 690 3592 usitata
718 3523 852 3606 musicis3
882 3538 964 3592 tanto
988 3529 1166 3607 expeditior,
1200 3528 1279 3607 quod
1311 3531 1439 3608 organici
1462 3529 1615 3589 discrimen

265 3623 400 3680 tonorum
423 3617 544 3694 majoris
567 3626 597 3680 ct
618 3621 740 3680 minoris
762 3626 791 3679 et
813 3627 910 3680 catera
933 3618 1122 3684 sustulerunt.
1573 3609 1578 3617 ’

312 3729 317 3746 ·
347 3701 474 3764 Rursum
497 3703 571 3768 baec
593 3705 841 3768 tetrachordorum
864 3705 1025 3766 similitudo
1047 3713 1077 3767 et
1098 3703 1203 3782 triplex
1217 3705 1347 3774 varietas
1362 3705 1475 3782 peperit
1495 3705 1526 3761 in
1549 3719 1617 3760 mu-

171 3795 181 3812 *
262 3793 324 3860 sica
346 3794 498 3852 recentiori
522 3811 573 3854 sex
596 3795 662 3857 illas
685 3793 817 3872 syllabas
840 3802 890 3869 ut,
913 3813 960 3870 rc,
990 3797 1047 3868 mi,
1077 3794 1128 3871 fo,
1150 3793 1210 3862 sol,
1233 3792 1281 3865 lo,
1313 3793 1420 3868 quibus
1442 3789 1617 3850 sublevatur

260 3881 400 3939 memoria
423 3877 604 3940 discentium.
650 3879 764 3956 Quodsi
791 3899 851 3941 una
878 3882 942 3942 sola
965 3887 1260 3959 octavalcanerotur,
1285 3881 1447 3955 compositu
1480 3896 1515 3937 ex
1538 3876 1616 3936 duo-

243 3969 316 4026 'bus
338 3967 530 4028 'tetrachordis
552 3969 714 4043 similibus,
745 3977 913 4046 poteramus
944 3985 1008 4028 esse
1031 3969 1159 4028 contenti
1183 3964 1308 4044 quatuor
1331 3965 1401 4037 solis
1424 3965 1547 4042 syllabis
1570 3971 1615 4038 ut,

259 4071 306 4128 re,
337 4056 396 4130 mi,
428 4056 480 4133 fo,
502 4063 553 4136 ut,
575 4076 622 4132 re,
646 4060 703 4130 mi,
726 4057 779 4134 fo,
812 4055 995 4125 dissimulato
1018 4053 1183 4116 discrimine
1206 4056 1280 4113 inter
1302 4061 1397 4126 tonos,
1422 4053 1563 4127 majorem
1586 4061 1617 4111 et

260 4143 409 4201 minorem.
455 4141 513 4203 Sed
537 4147 607 4218 qrria
628 4151 696 4202 sunt
718 4146 774 4202 tria
796 4143 863 4203 loca
885 4143 1032 4203 semitonii
1055 4145 1083 4201 in
1107 4140 1300 4212 tetrachordo,
1323 4141 1471 4214 usigitur
1493 4142 1616 4208 nimium

260 4228 410 4302 generales
433 4239 530 4292 essent
553 4231 609 4292 hae
631 4231 776 4306 syllabae,
799 4233 871 4307 quin
892 4233 1006 4307 potius,
1029 4239 1062 4289 ut
1083 4247 1197 4307 semper
1219 4219 1405 4288 denotaretur
1426 4229 1616 4287 semitonium

260 4333 312 4392 per
333 4313 379 4376 Mi
395 4313 453 4388 Fa,
479 4317 525 4378 rel
550 4315 601 4380 ua
617 4315 671 4392 Mi,
695 4321 824 4394 oportuit
846 4318 920 4378 duae
943 4317 1017 4377 allas
1039 4305 1178 4378 accedere
1201 4316 1341 4393 syllabas,
1365 4317 1450 4376 utin
1473 4316 1519 4374 bis
1543 4311 1613 4396 (Ut,

259 4421 308 4476 re,
339 4407 398 4478 mi,
430 4401 482 4486 (a)
506 4413 584 4466 esset
606 4408 791 4466 semitonium
814 4406 881 4465 loco
904 4421 1049 4483 supremo,
1073 4407 1101 4463 in
1125 4405 1171 4464 luis
1195 4419 1265 4464 vero
1288 4399 1363 4484 (Re,
1386 4407 1444 4487 roi,
1471 4404 1524 4477 fo,
1553 4397 1614 4483 rol)

260 4493 445 4551 semitonium
468 4501 546 4554 esset
572 4493 639 4553 loco
662 4491 772 4566 medio,
803 4493 929 4569 denique
959 4495 989 4550 in
1012 4491 1058 4551 his
1081 4489 1157 4574 (Mi,
1186 4493 1236 4566 so,
1266 4491 1326 4560 rol,
1358 4491 1404 4564 lo)
1426 4491 1614 4550 semitonium

259 4585 337 4638 asset
357 4581 417 4638 imo
439 4579 514 4640 loco.
561 4581 658 4658 Atque
685 4581 759 4641 baec
787 4589 959 4652 causaest,
992 4597 1042 4638 cur
1064 4597 1116 4640 sex
1138 4577 1261 4657 syllabis
1291 4580 1336 4637 osi
1359 4581 1417 4638 sint
1443 4579 1614 4636 inventores

259 4668 393 4739 musices,
416 4683 475 4726 uon
498 4675 574 4728 octo.
619 4668 724 4744 Itaque
746 4667 847 4729 videat
869 4667 963 4744 Belga
986 4666 1049 4739 illa,
1074 4670 1123 4743 qui
1146 4683 1198 4744 pro
1222 4671 1424 4744 sex„·septem
1447 4664 1530 4738 iecit,
1554 4663 1612 4738 Bo,

260 4767 299 4828 ce,
323 4753 364 4828 di,
387 4771 437 4830 po,
461 4753 499 4829 lo,
522 4773 584 4829 mo,
607 4759 651 4829 oi,
675 4755 754 4832 quod
777 4773 813 4816 er
835 4755 892 4815 hoc
914 4761 1083 4830 augmento
1096 4756 1207 4814 lucrum
1230 4752 1347 4813 babeat.
1392 4748 1467 4812 Nam
1494 4753 1519 4810 si
1542 4767 1615 4811 can·

258 4843 325 4919 suit,
349 4857 439 4903 voces
461 4839 645 4922 usurpandas
667 4841 784 4923 aequali
813 4859 935 4906 uomere
958 4861 1024 4908 eum
1047 4841 1163 4904 oliordis
1192 4833 1279 4902 ιιιιίιιιΙ
1301 4849 1443 4916 octavae,
1473 4857 1532 4900 una
1554 4830 1615 4900 u’rl·
