3668 5526
833 315 972 388 Audacia·
1511 329 1574 390 455

233 493 366 554 naturali
388 497 597 574 et.conspicua
619 502 689 558 nota
712 494 879 572 dispungas,
901 493 953 571 apd
976 495 1005 551 in
1021 494 1223 575 dispungendo
1235 516 1316 561 mero
1332 501 1422 560 utaris
1438 500 1573 576 arbitrio,

235 582 307 642 mihi
329 591 427 660 partes
449 585 635 644 terminorum
664 586 738 644 intur
759 600 791 640 se
815 592 1047 660 comparatorum
1077 602 1128 662 per
1149 602 1180 643 se
1209 587 1304 662 ipsas,
1335 591 1397 647 sine
1419 589 1573 648 arbitraria

233 669 377 730 divisione
400 671 459 729 sint
482 673 666 746 conspicuae.
711 669 803 747 Igitur
826 665 881 728 boc
898 671 948 728 ‘lla
972 679 1062 742 textu,
1086 671 1154 729 dum
1176 671 1205 730 id
1219 676 1314 750 ipsum
1337 677 1444 752 incipio
1467 675 1573 756 dicere,

230 764 262 817 tu
285 756 478 818 stomacharis
501 759 594 820 veluti
616 775 703 834 super
725 759 956 834 importunitate
977 776 1059 830 mea,
1087 762 1211 836 capique
1232 767 1259 820 tc
1280 765 1324 820 ais
1347 763 1389 822 od
1410 763 1573 840 defenden-

232 843 305 904 dum
328 844 506 920 dipaitutcm
529 848 728 921 quaternarii,
774 843 838 922 Ego
863 861 947 914 vero,
980 847 1034 904 etsi
1058 864 1114 905 non
1138 864 1257 922 possum
1281 849 1377 923 aliter,
1408 868 1495 925 quam
1519 869 1572 910 vc·

189 935 194 956 ·
232 932 327 990 aerari
351 934 499 1010 mysteria,
524 950 599 1007 quae
623 943 653 991 tu
678 931 724 991 hic
747 951 783 991 ex
805 929 992 1009 philosophia
1008 931 1207 1010 Pythagorica
1230 937 1338 1014 promia
1361 954 1453 1012 exque
1469 939 1574 998 cabula

231 1017 447 1094 Hebraeorum,
481 1036 538 1077 non
562 1021 696 1082 existimo
720 1033 816 1081 tamen
841 1028 868 1077 te
892 1027 1024 1078 coactum
1048 1037 1066 1077 a
1089 1038 1135 1082 me
1159 1024 1270 1098 potius,
1299 1039 1387 1100 quam
1409 1025 1572 1099 invitatum,

229 1123 284 1164 uec
300 1108 425 1174 ,invenio
449 1105 617 1183 quidquam,
642 1105 720 1182 quod
744 1107 955 1192 comparationi
976 1123 1060 1166 meae
1083 1107 1200 1167 officiat.
1245 1109 1298 1168 Est
1326 1112 1443 1172 omnino
1466 1129 1573 1188 magna

231 1196 409 1269 quaternarii
433 1193 575 1270 dignitas,
606 1205 636 1254 at
658 1193 713 1257 bac
733 1211 794 1254 uon
817 1193 952 1253 obstante
980 1196 1068 1252 situm
1099 1203 1196 1254 tamen
1229 1195 1257 1252 in
1282 1205 1333 1256 tuo
1361 1197 1416 1256 luit
1443 1199 1573 1279 arbitrio,

230 1280 359 1341 dividere
386 1281 549 1358 subjectum
581 1279 702 1357 aliquod
730 1280 931 1342 harmonicum
963 1279 1011 1340 vel
1042 1284 1070 1339 in
1100 1291 1226 1358 quatuor
1257 1283 1303 1341 vol
1334 1287 1422 1344 ctiam
1452 1286 1481 1343 ln
1505 1287 1569 1346 tria.

232 1368 297 1428 Nou
326 1370 403 1428 enim
426 1372 515 1430 uteris
544 1369 652 1444 ubique
682 1367 825 1428 diuisione
853 1369 1054 1444 quaternaria,
1085 1368 1228 1428 interdum
1255 1371 1309 1430 tibi
1332 1371 1431 1449 placet
1459 1379 1489 1432 et
1512 1379 1572 1432 ter-

231 1459 323 1528 naria,
347 1464 379 1516 ut
401 1457 534 1532 sequenti
558 1465 638 1519 textu
663 1458 714 1518 ⁶22.
738 1455 844 1517 iudico.
890 1453 968 1529 Quid
991 1458 1016 1514 si
1040 1472 1095 1530 ego
1122 1465 1218 1516 tecum
1250 1475 1284 1515 cx
1308 1460 1366 1517 tuis
1395 1461 1486 1535 ipsius
1511 1459 1573 1518 dia-

231 1555 333 1619 putcm
355 1543 524 1622 principiis?
569 1544 615 1605 Au
640 1546 693 1602 erit
715 1542 785 1602 mibi
808 1541 925 1601 dilficile
949 1541 1080 1621 probare,
1104 1549 1132 1602 te
1155 1543 1210 1602 hac
1233 1543 1351 1619 quidem
1375 1547 1438 1606 vice
1460 1564 1574 1623 nequa-

229 1649 317 1705 quam
329 1633 491 1709 respexisse
508 1623 599 1708 primo
614 1631 651 1689 ud
672 1628 843 1708 dignitatem
860 1631 1044 1705 quaternarii,
1070 1629 1138 1688 dum
1155 1638 1281 1706 quatuor
1295 1631 1402 1706 gradus
1419 1636 1574 1712 opacitatis

228 1718 358 1792 exhibes,
382 1717 435 1778 sed
457 1717 623 1786 immediate
645 1717 682 1776 ad
706 1734 856 1776 nanterum
880 1716 1088 1778 elementorum
1109 1719 1349 1796 quaternarium?
1392 1720 1467 1780 Nam
1484 1721 1573 1796 quid-

228 1807 299 1880 quid
328 1813 372 1864 est
400 1807 429 1864 iu
457 1823 578 1866 excessu
607 1807 760 1882 opacitatis
792 1814 885 1864 terras
916 1821 1004 1880 super
1026 1807 1200 1882 opacitatem
1228 1823 1339 1884 aquae,
1370 1807 1401 1865 id
1423 1816 1494 1887 puto
1517 1809 1571 1866 tibi

230 1911 294 1952 csac
317 1891 440 1970 gradum
463 1903 609 1972 quartum,
632 1891 774 1969 quidquid
798 1889 862 1968 plus
887 1893 914 1948 in
930 1909 1008 1972 aqua
1031 1909 1118 1968 quam
1135 1895 1163 1950 in
1180 1896 1256 1964 abre,
1280 1895 1406 1968 tertium,
1430 1895 1573 1974 quidquid

228 1980 293 2056 plus
317 1983 346 2038 in
369 1985 436 2040 abre
460 1983 707 2058 meminique,
730 1977 903 2050 secundum,
935 1981 999 2055 ipsa
1020 1996 1091 2038 vcro
1114 1981 1191 2056 iguis
1215 1981 1422 2042 tenebrositate
1449 1985 1572 2060 primum

227 2067 331 2126 definis
354 2067 485 2143 gradum.
506 2053 510 2066 ’
530 2067 612 2128 Haec
636 2065 770 2142 equidem
794 2065 941 2125 distinctio
964 2073 1084 2127 naturae
1098 2067 1189 2142 ipsius
1212 2077 1264 2139 est,
1288 2069 1312 2125 si
1326 2072 1471 2144 ponimus,
1496 2086 1572 2146 qua-

228 2159 390 2216 ternionem
420 2156 501 2216 illum
532 2156 741 2216 elementorum
769 2155 822 2211 niti
852 2164 973 2212 naturae
1002 2155 1160 2236 principiis.
1206 2153 1255 2212 Sic
1277 2157 1353 2214 euim
1383 2159 1471 2218 etiam
1493 2156 1573 2234 apud

230 2261 276 2300 mo
303 2242 422 2302 diurnus
445 2243 581 2320 planetae
610 2251 707 2302 motus
730 2257 788 2299 non
811 2258 843 2298 se
866 2243 944 2318 ipso,
976 2239 1027 2299 sed
1052 2243 1269 2320 comparatione
1298 2242 1337 2301 ad
1358 2253 1468 2302 motum
1497 2244 1573 2303 alte-

226 2333 286 2388 rius
310 2337 406 2408 partes
429 2333 548 2390 sortitur
572 2339 705 2406 quatuor,
730 2337 798 2388 tunc
820 2327 947 2402 scilicet,
982 2345 1046 2388 cum
1070 2346 1207 2390 excessus
1231 2330 1316 2388 unius
1339 2348 1425 2407 super
1448 2329 1572 2390 alterum

227 2425 269 2476 ter
301 2419 464 2477 continetur
493 2419 524 2476 iu
554 2417 644 2478 altero
676 2424 787 2476 exacte,
833 2417 872 2474 At
900 2416 1028 2474 vicissim
1054 2418 1141 2476 etiam
1171 2417 1301 2497 expende
1330 2421 1458 2479 rationes
1480 2437 1571 2492 meas,

226 2505 334 2579 quibua
362 2504 438 2564 banc
467 2509 691 2581 quaternitatem
720 2503 863 2579 graduum
891 2502 1029 2562 relcllam.
1083 2501 1210 2561 Primum
1242 2503 1387 2564 clementa
1416 2522 1572 2584 corporum

226 2609 284 2650 non
308 2600 376 2651 sunt
399 2601 538 2668 quatuor,
569 2595 670 2652 nititur
693 2607 829 2650 uumerus
852 2593 907 2649 iste
931 2589 1085 2648 Platonica
1114 2590 1210 2668 potius
1237 2591 1487 2668 symbolisatione‚
1525 2592 1593 2672 vel¹

228 2678 414 2739 aristotelica
437 2679 612 2754 qualitatum
643 2679 873 2751 combinatione,
905 2679 961 2738 nisi
983 2676 1053 2752 quid
1077 2675 1156 2736 aliud
1186 2679 1284 2754 ignem
1307 2677 1452 2752 dicamus,
1484 2697 1572 2756 quam

229 2766 320 2840 illum,
345 2768 395 2844 qui
418 2763 585 2843 depascitur
607 2783 736 2846 corpora.
781 2764 843 2826 Nec
866 2782 932 2826 mea
954 2773 997 2823 est
1020 2766 1140 2824 novatio
1162 2765 1228 2836 istu,
1254 2769 1374 2840 negavit
1396 2765 1474 2826 idem
1498 2765 1581 2826 Cur:

227 2852 321 2914 mnus
348 2861 416 2914 ante
446 2872 493 2914 me
523 2852 664 2929 multique
693 2851 753 2912 alil.
807 2852 838 2911 st
869 2853 1109 2930 compositionem
1140 2853 1323 2930 respicimus,
1364 2871 1399 2914 ex
1436 2862 1513 2913 terra
1544 2863 1573 2912 et

226 2959 306 3018 aqua
329 2947 464 3001 constant
486 2941 650 3002 artificialia
677 2939 832 3016 pleraque,
862 2948 906 2998 est
928 2941 976 2998 ubl
1001 2942 1089 3000 etiam
1113 2937 1152 2998 ex‘
1171 2943 1251 3012 aire,
1283 2943 1408 3018 exigue
1434 2939 1506 3000 nibil
1529 2939 1571 3016 fit,

228 3029 280 3090 scd
308 3030 383 3104 iguis
412 3031 509 3089 omnia
536 3031 689 3088 consumit.
736 3025 934 3103 Quaecunque
964 3030 1089 3103 vestigia
1111 3028 1176 3104 quis
1206 3027 1282 3102 ignis
1313 3035 1473 3088 monstrare
1501 3029 1573 3088 velit

226 3119 258 3174 iu
280 3113 477 3190 naturalibus,
509 3134 544 3176 ea
567 3117 676 3176 formae
698 3117 797 3191 potius
820 3122 870 3173 aut
893 3117 1007 3174 animae
1030 3123 1113 3187 suut,
1145 3111 1221 3193 'quae
1245 3132 1303 3174 non
1327 3125 1371 3174 est
1396 3113 1572 3176 clementum

231 3221 403 3282 corporeum
435 3203 482 3263 vel
510 3207 707 3280 materiatum,
740 3210 773 3261 ut
801 3209 877 3265 terra
905 3201 953 3259 vel
981 3219 1067 3278 aqua.
1119 3199 1170 3260 Sin
1198 3220 1268 3262 vero
1299 3201 1336 3262 ud
1365 3195 1572 3263 resolutionem

228 3293 345 3355 venitur
372 3307 527 3367 corporum
550 3289 735 3362 naturalium,
755 3290 817 3366 jam
840 3287 948 3353 dudum
974 3289 1095 3359 Arabes,
1119 3287 1314 3364 chymicorum
1339 3296 1453 3348 tuorum
1476 3291 1572 3366 majo-

227 3397 290 3454 res,
323 3380 381 3436 trla
403 3388 586 3456 agnoverunt
607 3380 763 3455 principia:
791 3375 851 3450 sal,
881 3375 1003 3456 sulphur
1026 3384 1054 3434 et
1077 3375 1264 3456 mercurlum‚
1293 3377 1377 3455 puto,
1401 3394 1518 3434 sertsum
1542 3379 1584 3451 in⁸

230 3467 288 3526 boc
312 3474 429 3525 secutos
453 3470 624 3526 mercurium
649 3465 765 3536 dixisse,
790 3463 929 3539 quicquid
953 3461 1081 3526 exhalat,
1105 3458 1184 3535 quod
1200 3461 1351 3520 odoratum
1374 3470 1485 3535 movet;
1509 3461 1572 3522 sul·

229 3553 317 3632 phur,
341 3570 400 3628 quo
423 3557 551 3630 pascitur
574 3554 704 3626 danorum
727 3549 786 3622 sal,
815 3547 893 3623 quod
918 3555 985 3626 post
1008 3547 1263 3621 conflagrationem
1287 3547 1394 3608 residet
1416 3551 1443 3605 iu
1468 3551 1572 3607 cineri-

230 3641 294 3700 bus.
339 3639 394 3698 His
417 3643 504 3716 igitur
527 3640 695 3700 auctoribus
718 3639 795 3712 ignis
818 3643 949 3702 vastator
973 3642 1025 3706 est,
1050 3634 1160 3692 divisor
1180 3641 1232 3708 est,
1257 3635 1413 3694 dissolutor
1428 3641 1479 3706 est,
1504 3653 1571 3714 pars

230 3730 359 3805 corporis
383 3727 462 3788 baud
485 3735 538 3788 est.
584 3727 679 3786 Multa
702 3726 730 3782 in
755 3723 831 3785 banc
853 3722 1027 3782 sententiam
1051 3720 1191 3796 disputari
1213 3729 1346 3800 possent,
1376 3740 1452 3803 quaa
1475 3731 1570 3780 tamen

230 3815 319 3890 hujus
341 3814 398 3874 loci
421 3832 478 3875 non
502 3822 546 3877 est
560 3814 702 3891 prolixius
719 3809 872 3888 explicare.
917 3807 1109 3886 Quaternario
1124 3809 1212 3884 igitur
1229 3809 1437 3868 elementorum
1452 3825 1571 3868 numero

229 3903 388 3980 dissipato,
419 3901 529 3962 deletur
559 3903 647 3960 etiam
677 3899 825 3957 distinctio
856 3898 912 3954 ista
944 3894 1118 3974 qualitatum
1147 3913 1384 3973 quarumcunque
1413 3897 1442 3954 in
1465 3894 1571 3972 gradm

231 4000 367 4068 quatuor.
413 3989 526 4050 Deinde
550 3990 599 4064 qui
623 3984 731 4066 gradus
755 3985 880 4060 alicujus
903 3984 943 4042 rei
965 3989 1106 4055 numerat,
1132 3983 1157 4040 is
1179 4001 1236 4042 non
1250 3981 1349 4046 „debet
1369 3985 1399 4041 iu
1423 4001 1573 4044 numerum

231 4079 339 4138 reterre
369 4077 416 4138 vel
439 4079 624 4152 negationem
653 4075 692 4134 rei
716 4089 834 4157 puram,
864 4069 912 4129 vel
939 4070 1082 4129 inlinitum
1106 4071 1264 4148 quippiam.
1312 4071 1352 4129 At
1379 4073 1408 4128 ln
1431 4069 1476 4128 bis
1505 4073 1572 4144 tuis,

153 4210 155 4218 ,
202 4165 370 4237 'Roberte,
402 4163 542 4242 gradibus
572 4161 657 4222 rideo
687 4163 715 4219 iu
745 4169 823 4220 terra
844 4160 1029 4234 negationem
1056 4156 1130 4216 lucis
1152 4176 1272 4232 meram,
1306 4159 1490 4218 obscuritatis
1511 4161 1571 4216 vim

229 4253 372 4322 indultam
406 4261 438 4312 et
466 4249 652 4310 illimitatam.
701 4247 767 4310 Hoc
800 4245 919 4326 perinde
952 4253 1009 4320 est,
1039 4263 1075 4304 ac
1107 4247 1132 4304 si
1162 4249 1227 4322 quis
1261 4243 1383 4320 diecret,
1417 4245 1573 4322 cujuslibet

229 4341 326 4400 lineae
348 4347 408 4400 tres
431 4356 496 4398 csse
519 4346 625 4416 partes,
649 4344 788 4412 punctum
812 4335 895 4406 initii,
919 4332 1026 4394 lineam
1050 4335 1142 4410 ipsam
1165 4341 1194 4406 qt
1216 4342 1354 4411 punctum
1376 4332 1487 4392 finale..
1517 4334 1572 4392 At-

235 4447 292 4504 que
322 4425 411 4504 bujus
442 4425 572 4486 delectus
594 4425 804 4485 consessionem
834 4421 926 4482 veluti
949 4419 1096 4496 quandam
1122 4419 1263 4480 habemus
1294 4425 1322 4478 in
1346 4423 1410 4496 ipsa
1441 4423 1572 4480 oratione

232 4524 300 4590 tua,
332 4531 397 4576 cum
421 4517 464 4574 ais
487 4521 602 4574 utrum
626 4530 743 4588 purum
766 4511 813 4570 vel
834 4509 912 4568 nibil
933 4507 1041 4568 babere
1060 4507 1180 4586 formae
1208 4525 1260 4566 eeu
1282 4507 1356 4566 lucie
1384 4507 1518 4584 vivificae
1538 4511 1573 4566 iu

232 4621 270 4662 ae.
317 4601 417 4661 Tertio
449 4603 473 4660 si
508 4600 665 4680 qualitates
695 4601 962 4676 ipsas‘sumamus,
994 4597 1109 4671 ineptae
1133 4593 1201 4654 illae
1223 4596 1406 4654 invenientur
1436 4593 1573 4657 adhunc

232 4692 460 4766 quaternarium.
506 4687 537 4750 Si
569 4687 663 4746 lucem
694 4689 856 4756 intuemur,
884 4681 964 4740 nulla
986 4681 1036 4740 lux
1059 4691 1103 4741 cst
1129 4684 1159 4740 iu
1186 4685 1252 4741 ae'rc
1282 4682 1369 4742 insita
1396 4689 1425 4740 et
1446 4683 1572 4758 propria,
1624 4739 1628 4748 ,

232 4777 314 4837 uulla
336 4779 364 4834 iu
388 4793 483 4853 aqua,
512 4773 593 4834 nulla
616 4775 645 4832 in
668 4781 761 4850 tenu3
790 4774 815 4831 si
838 4767 1082 4849 pelluciditatem,
1112 4785 1148 4831 ca
1179 4770 1207 4828 in
1231 4768 1347 4834 aethera
1370 4771 1496 4832 maxima
1518 4775 1571 4846 est,
