3698 5534
673 333 715 388 oe
732 325 854 388 uoaou's
872 331 1046 386 summme
1064 287 1244 386 aemonius.

857 581 999 676 cuiun
1026 603 1079 674 ur.

287 751 323 832 lu
342 749 621 806 extremitatibus
639 753 785 818 motuum
803 747 1073 832 planetariorum
1098 759 1283 816 expressos
1305 757 1380 798 esse
1403 733 1639 812 quodammodo

717 835 834 892 modos
852 852 914 892 seu
931 844 1027 892 tonos
1046 834 1207 890 musicos.

372 999 511 1077 Sequitur
533 997 590 1063 hoe
612 1015 648 1060 ex
671 997 828 1058 antedictis
849 1014 905 1060 neo
928 1013 1003 1074 opus
1025 1011 1070 1056 ear
1091 992 1191 1056 multis
1206 991 1323 1064 ‚verbis
1347 986 1455 1064 singuli
1475 985 1552 1046 enim
1574 981 1641 1059 pla·

287 1099 372 1150 natae
394 1085 513 1163 singula
534 1084 752 1162 quodammodo
780 1073 899 1158 siquant
925 1083 992 1144 loca
1013 1083 1182 1162 systematis
1212 1086 1294 1140 motu
1317 1075 1474 1158 perihelio,
1497 1079 1642 1150 quatenus

287 1176 387 1236 datum
411 1181 465 1250 'est
486 1173 624 1250 singulis,
658 1181 958 1250 pereurrereuentum
980 1170 1101 1246 aliquod
1128 1166 1316 1228 intervallum
1347 1167 1376 1222 in
1405 1161 1487 1223 scala
1519 1161 1642 1230 musica,

287 1263 372 1322 oertis
396 1260 460 1337 ejus
484 1260 618 1320 clavibus
641 1277 694 1320 sen
718 1260 793 1320 looie
815 1259 984 1338 systematis
1000 1259 1250 1336 comprehensum,
1275 1252 1417 1328 cujusque
1439 1249 1477 1309 ab
1493 1245 1545 1305 illa
1559 1243 1643 1306 clave

287 1367 339 1412 seu
361 1343 427 1430 loeo
451 1350 616 1424 inceptum,
650 1349 700 1425 qui
724 1349 821 1424 eapite
841 1345 1028 1426 praecedenti
1055 1343 1279 1421 contigitillius
1302 1341 1395 1400 motui
1418 1333 1551 1414 aphelio,
1585 1331 1644 1391 Sa·

287 1445 372 1502 inme
403 1435 523 1514 quidem
550 1442 580 1496 et
609 1434 717 1496 Terrae
735 1433 776 1509 G,
807 1441 839 1496 at
860 1433 933 1494 Joni
954 1435 990 1508 le,
1024 1450 1099 1510 quae
1129 1433 1158 1490 in
1184 1429 1211 1492 G
1234 1428 1322 1490 altius
1354 1425 1505 1502 transponi
1536 1424 1642 1498 potest,

287 1523 377 1596 Marti
397 1525 447 1601 fp,
471 1523 581 1584 Veneri
603 1541 635 1596 s,
658 1522 802 1584 Mercurio
826 1541 847 1584 a
868 1525 899 1580 in
922 1521 1021 1582 altiori
1043 1526 1212 1602 systemate.
1257 1513 1336 1576 Vide
1358 1511 1490 1588 singulos
1513 1511 1543 1566 iu
1565 1505 1643 1565 notis

216 1628 220 1637 ·
290 1613 415 1671 usitatis.
460 1610 526 1670 Non
550 1610 676 1670 formant
697 1609 817 1687 quidem
838 1608 1026 1672 intermedios
1048 1608 1138 1680 loona,
1165 1622 1239 1682 quos
1262 1603 1310 1662 hie
1332 1599 1417 1660 vides
1438 1597 1515 1657 uotis
1539 1594 1645 1672 imple-

291 1707 345 1772 tus,
369 1698 533 1773 articulate,
556 1699 634 1758 sieut
656 1705 811 1766 extremos,
834 1699 905 1774 quia
928 1697 1036 1757 ahuuo
1053 1703 1182 1756 extremo
1205 1707 1263 1751 non
1283 1688 1407 1750 saltibus
1431 1697 1460 1745 et
1474 1679 1644 1754 intervallis,

232 1775 237 1796 '
289 1785 341 1848 sed
373 1787 513 1846 continua
541 1786 673 1846 tensione
699 1787 832 1845 nituntur
854 1783 892 1844 ad
921 1783 1106 1862 oppositum,
1138 1779 1235 1842 media
1265 1777 1363 1836 omnia
1385 1771 1515 1852 (infinita
1536 1771 1567 1826 iu
1588 1786 1645 1846 po-

289 1875 397 1952 tentia)
417 1879 601 1950 permeantes
624 1879 707 1948 autu,
737 1871 767 1932 id
789 1869 868 1948 quod
891 1871 977 1948 aliter
999 1888 1017 1929 a
1039 1886 1086 1931 me
1108 1885 1166 1929 non
1196 1867 1293 1946 potuit
1315 1863 1454 1942 septimi,
1483 1875 1570 1936 qnam
1592 1871 1645 1934 per

289 1961 457 2022 continuam
478 1963 582 2022 seriem
605 1967 741 2023 uotamm
763 1959 1010 2021 intermediarum.
1056 1957 1157 2018 Venus
1180 1955 1240 2015 lere
1262 1959 1361 2012 manet
1382 1953 1412 2009 in
1428 1948 1561 2018 unisono,
1585 1959 1645 2002 uon

288 2065 421 2126 aequans
444 2051 585 2110 taurionis
608 2045 802 2127 amplitudine
818 2045 872 2108 'vel
895 2049 1047 2108 minimum
1069 2063 1105 2106 ex
1129 2040 1279 2106 concionis
1302 2033 1477 2098 intervallis.

289 2181 929 2391 {3553}ss
939 2197 1643 2388 -eff-enffiffg

395 2417 537 2474 Semnus.
746 2415 863 2485 Jupiter.
1123 2413 1199 2469 Mars
1216 2411 1283 2468 lere.
1510 2403 1601 2459 Terra

659 2531 663 2540 ι
802 2532 806 2540 ι

290 2597 725 2806 Ψί-

374 2839 475 2898 Venus.

382 3061 473 3142 Atqui
485 3064 646 3140 'signatura
669 3061 791 3123 duarum
813 3065 843 3122 in
867 3065 1013 3123 communi
1035 3068 1195 3140 systemate
1218 3059 1346 3121 clavium
1371 3065 1400 3117 et
1421 3058 1556 3120 formatio
1579 3075 1644 3118 see·

211 3148 214 3158 '
295 3147 348 3208 leti
379 3153 500 3210 octavae
527 3159 580 3227 per
610 3151 908 3227 comprehensionem·
932 3153 1002 3210 oertl
1031 3147 1178 3210 intervalli
1209 3149 1341 3210 eoneinni
1374 3151 1419 3205 est
1450 3147 1646 3207 rudimentum

297 3231 445 3312 quoddam
474 3237 669 3297 distinctionis
701 3247 835 3298 tonorum
863 3253 916 3297 seu
944 3238 1115 3311 modorum,
1148 3245 1216 3296 aunt
1238 3250 1307 3311 ergo
1336 3231 1416 3292 modi
1438 3237 1543 3294 mustei
1571 3236 1646 3292 inter

295 3314 429 3402 planetas
452 3319 621 3410 dispertiti„
645 3324 713 3386 Seio
736 3323 880 3402 equidem,
904 3323 942 3384 ad
964 3325 1167 3384 formationem
1189 3331 1218 3383 et
1233 3322 1430 3382 definitionem
1444 3322 1646 3382 distinctorum

295 3409 448 3470 modenam
470 3413 575 3486 requiri
598 3411 690 3490 plura,
715 3429 792 3490 qnae
815 3419 918 3474 cautus
940 3411 1070 3484 humani,
1095 3413 1203 3490 quippe
1222 3409 1409 3485 intervallum,
1430 3419 1500 3470 suut
1513 3409 1646 3487 propria3

295 3499 395 3575 ltaque
419 3511 493 3557 voee
514 3499 735 3572 quodammodo
757 3518 822 3559 snm
844 3517 924 3559 usus.

383 3581 521 3644 Liberum
543 3595 639 3646 autem
653 3581 715 3647 'erit
735 3587 942 3660 harmonistae,
962 3583 1138 3647 sententiam
1161 3585 1329 3664 depromere
1343 3601 1436 3659 suam,
1460 3601 1546 3663 quem
1562 3585 1646 3660 qnis-

298 3687 355 3750 que
377 3671 496 3750 planeta
518 3671 636 3731 modum
658 3677 800 3752 exprimat
822 3677 955 3753 propius,
984 3675 1120 3734 extremis
1142 3673 1192 3733 hie
1211 3674 1266 3750 ipsi
1290 3669 1456 3750 assignatis.
1500 3672 1564 3748 Ego
1587 3671 1645 3730 Sa-

297 3767 382 3819 turno
405 3757 504 3820 darem
534 3775 570 3818 ex
591 3763 706 3821 usitatis
727 3763 882 3840 septimum
905 3762 954 3822 vel
976 3769 1129 3835 oetaeum,
1161 3763 1231 3838 quie
1262 3761 1287 3818 si
1308 3759 1466 3820 radicatam
1490 3760 1553 3836 ejus
1582 3757 1645 3817 ela-

298 3857 365 3907 vem
388 3861 481 3923 ponas
507 3843 549 3920 G,
578 3846 733 3924 perihelius
755 3857 852 3910 motus
875 3849 1006 3910 a'seendit
1028 3849 1066 3908 ud
1088 3849 1122 3923 lt3
1153 3847 1225 3909 Jori
1251 3847 1377 3923 primum
1405 3847 1454 3907 vel
1476 3845 1644 3920 seeundum,

299 3937 370 4012 qula
393 3931 509 4018 aphello
533 3933 597 4009 ejus
618 3941 700 3993 motu
720 3935 760 3997 ad
784 3935 810 3996 (i
830 3934 1069 4010 accommodato,
1098 3935 1257 4014 perihelius
1279 3933 1317 3993 ad
1341 3935 1527 4012 bparvenlt3
1557 3933 1645 3992 llarti

300 4023 433 4100 quintum
449 4019 505 4080 ‘rel
527 4027 649 4096 sextum,
673 4037 731 4080 non
754 4040 789 4083 eo
811 4021 939 4098 tantuin,
963 4027 1033 4101 quia
1054 4025 1113 4084 iere
1136 4023 1273 4100 diapente
1295 4025 1472 4098 assequitur,
1496 4019 1576 4096 quod
1598 4023 1645 4078 ln-

189 4163 195 4180 ,
299 4107 455 4170 tervallum
476 4105 628 4170 eommune
659 4117 704 4168 est
726 4111 857 4171 omnibus
879 4112 988 4185 modis,
1019 4111 1072 4170 sed
1093 4109 1160 4170 ideo
1190 4110 1388 4188 potissimum,
1419 4113 1488 4186 quia
1511 4108 1645 4168 mdaetns

301 4215 367 4258 eum
389 4197 492 4258 euteria
523 4196 561 4256 ad
584 4213 736 4256 commune
758 4197 894 4274 systeina,
917 4199 1058 4276 perihelio
1080 4203 1160 4257 motu
1184 4217 1200 4257 e
1221 4199 1402 4273 assequitur,
1433 4195 1550 4274 aphelto
1571 4195 1610 4255 ad
1630 4197 1651 4272 f

301 4281 413 4358 alludit,
438 4299 514 4362 quae
536 4283 618 4342 radix
642 4291 685 4343 eet
707 4285 769 4342 toni
791 4301 842 4343 seu
865 4286 942 4345 modi
965 4287 1058 4362 quinti
1082 4284 1129 4345 vel
1150 4287 1243 4360 eerti;
1274 4281 1384 4344 Telluri
1408 4284 1505 4343 darem
1528 4286 1644 4344 tertium

301 4371 351 4429 rel
373 4379 523 4448 quartum,
557 4372 627 4447 quia
649 4374 725 4431 iutra
747 4373 931 4431 semitonium
962 4373 1025 4449 ejus
1046 4381 1142 4433 motus
1171 4379 1339 4445 vertuntur,
1369 4379 1398 4432 et
1421 4389 1491 4431 vero
1520 4373 1645 4449 primum

302 4455 417 4516 illorum
439 4467 573 4518 tonorum
595 4455 780 4518 intervallum
803 4465 847 4517 est
868 4459 1066 4536 semitonium3
1088 4459 1235 4520 ‘Mereurlo
1258 4475 1328 4520 vero
1359 4460 1397 4520 ob
1424 4457 1645 4536 amplitudinem

303 4543 448 4603 intervalli
474 4547 639 4622 promiscue
668 4561 769 4606 omues
795 4545 874 4605 modi
903 4547 950 4607 vel
973 4549 1034 4607 toul
1056 4549 1246 4622 convenient,
1278 4547 1386 4606 Veneri
1418 4547 1457 4606 ob
1478 4547 1645 4623 angustiam

304 4628 450 4690 intervalli
471 4631 557 4707 plane
579 4632 685 4707 nullus,
709 4639 741 4692 at
763 4633 801 4694 ob
823 4649 974 4695 eornmune
996 4641 1124 4712 systema
1145 4637 1232 4693 etiam
1253 4637 1357 4694 tertius
1379 4641 1409 4694 et
1423 4641 1552 4711 quartus,
1575 4635 1646 4710 quia

183 4747 185 4752 ·
304 4721 369 4797 lpsa
390 4728 521 4793 respectu
544 4727 702 4781 ceterorum
725 4722 838 4781 obtinet
860 4741 883 4781 e.
922 4723 1247 4794 (Telluseunitfflfflrl,
1259 4725 1452 4794 ffl,utvelex
1465 4723 1568 4797 syllaba
1581 4739 1645 4778 oon-

302 4811 389 4892 jieiaa,
406 4809 434 4866 iu
452 4810 504 4870 hoo
520 4821 614 4874 poetro
632 4811 766 4872 domieilio
783 4813 933 4876 dilueriam
951 4819 979 4872 et
996 4811 1120 4870 Famem
1138 4813 1285 4887 obtinere.)
