3480 5548
291 406 331 466 70
368 386 370 394 ’
667 394 810 466 Epistolae
827 394 939 465 Kepleri
955 393 1121 462 aliorumque
1138 399 1248 450 mutuae

289 581 428 642 terminos
452 577 603 658 explicem.
632 577 679 637 Tu
702 576 838 649 vicissim,
861 573 913 634 ubi
935 588 985 634 eos
1008 588 1074 632 mea
1096 587 1184 650 opera
1205 571 1349 645 didiceris,
1371 587 1484 632 mecum
1504 571 1537 628 in
1559 585 1634 631 con-

290 666 509 746 templationem
532 666 682 727 incumbes
703 662 947 742 metaphysicam,
978 661 1024 720 cui
1045 661 1220 734 geometrica
1241 661 1298 719 ista
1319 659 1485 719 famulatur.
1528 655 1635 718 Nodos

289 755 403 816 solutus
426 761 472 814 est
492 752 681 814 Harmonioes
709 750 783 811 libro
806 749 843 809 V.
866 751 896 807 in
918 764 1009 824 marg.
1038 745 1101 805 tolii
1124 746 1196 805 218.
1213 757 1275 814 (cap.
1295 753 1338 803 ili.
1355 765 1439 815 propr.
1461 748 1511 818 ιιι.
1555 744 1635 804 liam

290 845 365 902 inter
387 857 577 919 quascunque
600 839 672 899 duas
694 839 874 914 quantitates
896 842 940 897 eat
962 835 1120 913 proportio,
1144 835 1206 892 sire
1229 831 1350 892 ιιιιιιιι
1373 832 1420 893 ιιι
1444 833 1544 908 quasi,
1566 833 1634 891 sire

289 930 448 1004 mentalea;
472 927 537 989 dico
559 925 608 989 rel
629 927 722 1003 quasi,
744 932 777 985 ut
800 922 874 984 duas
895 923 997 996 lineas,
1022 920 1095 981 dues
1117 919 1291 1000 superficies,
1316 917 1374 979 duo
1398 935 1533 996 corpora,
1557 917 1635 978 dnos

291 1021 380 1079 ettam
402 1033 549 1089 numeros,
582 1017 652 1091 quia
675 1016 704 1071 in
727 1021 867 1090 quantum
889 1013 911 1070 ii
933 1015 1136 1087 comparantur
1162 1008 1301 1080 invicem,
1331 1009 1458 1067 unitates
1484 1012 1636 1085 ponuntur

289 1106 397 1167 habere
418 1107 491 1164 inter
513 1120 545 1162 ae
560 1101 708 1178 aequales,
731 1106 765 1160 ut
786 1099 887 1160 lineas
917 1097 1086 1175 Hicigitur,
1109 1111 1175 1156 cnm
1192 1095 1257 1154 dico
1273 1097 1487 1174 proportionem
1502 1092 1634 1173 duplam,

290 1193 415 1273 triplam,
438 1189 629 1270 sesquiplam,
656 1204 714 1249 vox
736 1173 884 1267 proportio
913 1185 1002 1246 habet
1024 1199 1140 1244 sensum
1161 1181 1327 1243 absolutum
1356 1188 1385 1243 et
1406 1181 1445 1242 nr
1457 1181 1520 1259 jam
1543 1183 1635 1242 etiam

290 1283 355 1360 ipsa
377 1279 525 1356 quantitas
547 1278 649 1353 aliqua
671 1279 700 1334 in
723 1274 865 1335 inlinitum
888 1273 1021 1348 dividua,
1044 1271 1095 1333 sed
1117 1270 1192 1331 haec
1214 1271 1361 1347 quantitas
1383 1277 1429 1350 est
1450 1269 1515 1329 sole
1535 1275 1636 1330 mente

291 1364 566 1445 comprehensibilis,
597 1381 748 1441 nunquam
769 1379 873 1435 sensu,
902 1377 940 1421 ne
969 1363 998 1418 in
1017 1359 1143 1420 materia
1165 1357 1292 1435 quidem,
1337 1357 1411 1417 Cum
1434 1359 1520 1434 igitur
1543 1358 1634 1417 etiam

290 1454 362 1516 baec
384 1453 521 1514 absoluta
552 1453 700 1531 proportio
728 1453 766 1510 ιιι
794 1449 894 1526 alique
923 1449 1088 1525 quantitas,
1117 1447 1264 1525 accipiens
1287 1444 1381 1522 maJus
1404 1451 1434 1506 et
1455 1447 1566 1503 minua:
1590 1443 1635 1512 tit,

290 1548 323 1604 ut
344 1542 432 1603 etiam
454 1538 530 1600 dnae
553 1537 626 1600 tales
648 1539 850 1618 proportiones
872 1538 946 1595 inter
967 1553 999 1596 se
1021 1535 1133 1614 possint
1155 1534 1332 1613 comparari3
1354 1532 1422 1593 hine
1444 1532 1540 1592 existit
1562 1547 1636 1609 pro·

290 1630 385 1709 portio
406 1629 626 1707 proportionum
649 1632 679 1686 et
700 1624 736 1686 de
756 1623 813 1685 hac
833 1623 938 1699 loquor
961 1639 1016 1700 ego
1038 1623 1104 1682 loco
1127 1619 1265 1698 allegato.
1299 1623 1381 1688 (Quae
1406 1629 1543 1691 sequuntur
1566 1627 1634 1674 reta-

290 1725 368 1776 renda
385 1727 444 1772 aunt
460 1721 494 1770 ad
512 1721 659 1783 llpitomcu.)
1184 1763 1188 1778 Ι

378 1797 413 1883 3)
437 1800 552 1860 Musica
566 1797 774 1859 coelestia'non
789 1815 826 1858 ex
840 1797 920 1876 praxi
936 1796 1058 1856 canendi
1072 1797 1191 1873 agnosci
1207 1794 1301 1874 debet,
1325 1793 1375 1855 sed
1391 1810 1427 1854 ax
1441 1792 1561 1868 theoria,
1584 1796 1635 1856 oui

290 1889 392 1950 musici
415 1889 479 1948 soni
508 1893 538 1946 et
565 1885 711 1946 distinctio
733 1901 871 1962 generum
894 1891 996 1945 cantos
1027 1882 1090 1943 duri
1119 1889 1148 1945 et
1169 1881 1267 1943 mollis
1289 1884 1450 1942 innituntur
1471 1887 1501 1941 et
1523 1881 1634 1942 sufficit

290 1973 518 2038 monochordum
539 1975 582 2033 aio
604 1971 746 2051 divisum,
777 1978 810 2031 ut
829 1972 905 2032 libro
928 1971 983 2031 111.
1006 1970 1145 2031 dividitur
1166 1970 1256 2030 semel
1278 1971 1307 2029 in
1331 1973 1368 2039 2,
1397 1967 1526 2030 meando
1547 1970 1577 2028 in
1602 1970 1634 2040 3,

291 2065 376 2123 tertio
398 2065 428 2121 in
451 2063 480 2136 4,
504 2069 608 2138 quarto
631 2063 659 2118 in
684 2063 712 2135 5,
735 2062 837 2135 quinto
859 2062 888 2118 in
914 2061 942 2132 6,
966 2058 995 2118 id
1016 2065 1062 2119 est
1085 2076 1136 2138 pro
1159 2058 1328 2118 ornrribuab
1352 2056 1466 2118 vicibus
1487 2055 1578 2117 semel
1601 2059 1634 2116 in

294 2153 348 2212 60:
374 2157 405 2210 ut
427 2147 537 2209 scilicet
559 2166 596 2208 cx
617 2147 782 2226 pulsatione
805 2149 896 2207 totius
918 2153 948 2208 at
962 2150 1088 2223 partium
1110 2144 1288 2224 singularum
1310 2145 1479 2206 harmonica
1500 2151 1634 2207 mntem-

292 2241 402 2318 peratio
425 2238 539 2297 aurium
558 2234 670 2313 judicio
694 2235 875 2314 comprobari
898 2237 999 2313 possit.

381 2325 541 2403 Apotomaa
557 2316 586 2384 et
600 2324 738 2396 binomia,
762 2339 779 2382 o
801 2323 887 2398 bone,
909 2323 1016 2382 bostra
1037 2323 1066 2381 in
1089 2321 1176 2382 rebus
1198 2321 1352 2381 sensilibus
1366 2336 1524 2398 agnoscere
1544 2319 1634 2382 labo-

292 2431 354 2486 ras3
377 2413 434 2472 hoo
459 2413 535 2474 enirn
557 2410 675 2489 perinde
698 2417 751 2483 est,
774 2427 809 2470 ec
832 2411 857 2468 ai
880 2427 1047 2470 enumerare
1062 2410 1202 2482 nitereris,
1226 2425 1300 2484 quae
1316 2415 1384 2467 sunt
1398 2407 1632 2470 innumerabilia

293 2499 369 2560 Sane
392 2501 498 2559 sentire
522 2495 597 2567 ridor,-
618 2499 803 2574 quantitatis,
833 2504 878 2558 eat
900 2497 963 2574 ejus
985 2499 1111 2557 unitates
1133 2493 1347 2573 quodammodo
1370 2512 1550 2570 enumerare,
1581 2505 1635 2558 aut

292 2603 351 2648 non
375 2588 514 2647 sentietur
537 2607 570 2646 ao
594 2584 683 2657 elion,
713 2583 766 2645 aad
795 2583 890 2644 solum
921 2584 1069 2645 materiale
1100 2585 1279 2660 quantitatis.
1324 2583 1488 2662 Apotomae
1511 2591 1541 2645 et
1560 2583 1634 2644 talia
1734 2577 1735 2644 j

203 2723 208 2734 ,
294 2680 362 2734 sunt
383 2670 552 2745 ineffabilia,
576 2668 684 2751 ἄλογα,
712 2681 796 2731 muta
817 2688 911 2748 eoque
934 2683 963 2732 et
986 2671 1133 2732 insensilia
1156 2671 1277 2746 solaque
1299 2681 1394 2730 mente
1416 2671 1633 2752 comprehensi-

294 2758 365 2820 bilia
386 2769 415 2820 ιι
436 2759 492 2820 hoo
514 2761 630 2819 nornine
654 2761 770 2819 omnino
794 2761 907 2838 inpono,
932 2766 1141 2834 contraquam
1164 2758 1242 2819 latus
1265 2759 1430 2836 septanguli
1454 2766 1527 2834 eta,
1550 2759 1633 2836 qnod

294 2863 351 2908 nou
374 2853 486 2906 tantum
509 2863 567 2905 non
590 2849 752 2916 enunciari,
782 2844 833 2906 sed
856 2864 893 2907 ne
916 2852 1012 2907 mente
1033 2845 1150 2924 quidem
1172 2845 1376 2925 comprehendi
1398 2853 1512 2927 potest,
1543 2865 1630 2925 quam

293 2933 413 3010 longum
435 2936 474 2993 sit
496 2949 572 2993 nexu
594 2933 693 3012 aliquo
717 2951 753 2995 ex
775 2933 917 2994 diametro
941 2934 1039 2994 circuli
1062 2932 1199 3012 pendens.
1245 2933 1364 2993 Rectius
1388 2933 1526 3008 dixisses,
1553 2935 1631 2995 latus

198 3034 201 3043 ’
294 3021 457 3098 septanguli
480 3037 624 3082 essenon
647 3027 759 3081 tantum
781 3019 1070 3081 incommensurabile
1091 3019 1249 3096 diametro,
1281 3021 1332 3081 sed
1355 3024 1382 3081 ci
1411 3019 1496 3100 plane
1519 3025 1632 3084 incont-

293 3107 483 3177 municabile‚
512 3124 608 3184 neque
639 3099 726 3168 effatu
755 3125 850 3186 neque
879 3107 1045 3169 delinitione
1074 3108 1204 3170 mentali.
1248 3108 1310 3168 Etsi
1332 3125 1448 3188 propos.
1473 3110 1524 3172 to.
1549 3112 1633 3190 primi

294 3194 485 3256 Harmonices
508 3196 646 3274 probavi,
677 3213 715 3256 ne
742 3195 823 3256 illam
845 3195 964 3273 quidem
987 3197 1291 3266 communicationem,
1321 3213 1397 3272 quae
1425 3203 1471 3257 ιιι
1490 3197 1633 3258 linearum

293 3283 528 3360 septangulnrnm
551 3285 671 3348 seorsim
692 3285 768 3343 inter
790 3301 838 3352 ιι,
862 3281 993 3344 ιιιιιιιι
1016 3282 1053 3342 ad
1076 3281 1301 3344 construendum
1324 3284 1529 3362 septangulnm
1552 3293 1634 3346 extra
1732 3321 1733 3346 t

294 3370 445 3431 circulum:
476 3377 509 3429 nt
535 3372 577 3430 ιιι
606 3368 687 3431 nulle
715 3370 767 3430 hat
789 3371 894 3448 injurie
915 3369 1106 3449 septanguto,
1137 3373 1163 3430 si
1191 3387 1249 3430 non
1277 3377 1389 3431 tanturn
1418 3371 1564 3434 adimatur
1593 3373 1635 3432 illi

295 3459 516 3519 communicatio
540 3475 605 3517 curn
628 3456 780 3530 diametro,
803 3456 855 3518 sed
877 3459 966 3518 etiarn
987 3461 1080 3520 omnis
1103 3460 1220 3518 omnino
1238 3461 1331 3537 ioyaaq
1353 3477 1406 3519 scu
1427 3461 1565 3521 mentalis
1586 3479 1634 3520 ea·

294 3547 397 3616 santia,
421 3553 502 3606 extra
517 3544 653 3616 circulum
669 3544 860 3620 considerata,
883 3552 916 3604 nt
931 3549 1022 3626 ipsius
1044 3563 1102 3606 aare
1116 3545 1317 3622 qualecunque
1339 3553 1452 3606 tantum
1473 3549 1513 3606 ιιι
1533 3550 1634 3621 inesse,

293 3631 381 3712 idque
403 3631 590 3692 materialiter
612 3639 733 3706 tentum,
756 3649 814 3692 uon
827 3633 994 3694 formaliter.
1024 3633 1142 3694 Infinita
1164 3641 1208 3695 ιιι
1230 3633 1432 3712 symboliaatio
1455 3636 1545 3696 totius
1568 3635 1634 3712 pbi-
1731 3653 1732 3657 ¹

292 3719 443 3800 loaophiae
467 3721 497 3779 in
518 3719 563 3778 bis
586 3719 814 3796 mathematicis,
845 3738 920 3797 quae
948 3722 1003 3782 tibi
1025 3728 1155 3782 occurret
1177 3737 1284 3798 magna
1307 3723 1405 3802 copta,
1428 3722 1489 3783 ubi
1511 3723 1634 3802 primurn

294 3807 405 3869 aditum
432 3808 609 3886 perruperia,
638 3806 677 3867 ad
706 3807 878 3886 capiendum
904 3808 953 3868 lib.
978 3809 1003 3870 1.
1025 3807 1226 3869 Harmonicea.
1272 3807 1425 3884 Quomodo
1455 3827 1525 3872 vero
1548 3819 1634 3872 uotae
1730 3831 1731 3834 ¹

275 3887 378 3957 ‘nobis
408 3895 520 3973 speeies
547 3892 699 3972 planorum
727 3896 925 3956 ordinatorum
954 3900 982 3955 in
1014 3898 1122 3958 circulo
1151 3895 1238 3975 (qnae
1264 3904 1334 3956 aunt
1360 3896 1505 3974 quaedam
1528 3897 1634 3961 sidoia

293 3986 398 4044 mentis
421 3981 506 4043 oculo
528 3977 658 4062 sensilia)
681 3981 837 4044 exhibeant
858 3985 941 4044 varia
963 3983 1095 4062 exempla
1115 3984 1217 4044 horum
1241 3984 1444 4058 ineffabilium,
1468 4001 1565 4062 eaque
1587 4003 1634 4065 per

241 4099 244 4107 r
294 4072 373 4148 ipsas
396 4087 500 4130 causas
522 4085 664 4147 geneseos
686 4087 772 4144 auae,
796 4070 826 4130 td
848 4079 919 4149 puto
942 4073 984 4132 sio
999 4089 1063 4132 ease
1080 4071 1255 4150 explicatum
1276 4071 1328 4132 lib.
1344 4070 1634 4146 themanorum,

297 4165 330 4216 ιι
352 4175 387 4218 ex
410 4158 469 4219 alio
492 4159 698 4218 commentario
721 4161 851 4236 conquiri
874 4177 928 4219 nec
950 4158 1076 4220 debeant
1097 4176 1151 4220 nec
1174 4159 1294 4237 possint.
1328 4159 1365 4220 Et
1387 4161 1456 4237 qnia
1477 4159 1526 4221 hic
1548 4161 1634 4224 limen

293 4245 434 4320 locusque
457 4243 738 4306 characterisationis
760 4249 864 4306 mentis
886 4245 1030 4307 humanae
1059 4249 1207 4323 totiusque
1234 4253 1355 4309 naturae
1383 4248 1498 4308 animae
1526 4247 1634 4311 sonna-

295 4346 416 4406 runrque
443 4349 461 4391 a
491 4339 588 4393 mente
617 4332 731 4392 divina:
764 4331 901 4393 adhortor
927 4342 969 4410 te,
1001 4342 1034 4395 ut
1064 4337 1181 4395 enitaris
1210 4333 1248 4394 ad
1276 4334 1327 4396 illa
1356 4335 1633 4414 comprehendenda

293 4417 483 4479 Numerornm
506 4427 616 4481 attactu
639 4419 686 4482 rel
709 4422 878 4498 parcissimo
903 4421 949 4482 vel
971 4420 1057 4502 plene
1079 4422 1159 4483 nullo
1182 4427 1227 4484 est
1254 4437 1345 4501 opus,
1375 4425 1545 4503 praesertim
1574 4425 1633 4496 illo,

295 4521 354 4581 qno
377 4508 515 4568 cossistae
537 4513 664 4568 utuntur.
709 4508 824 4582 Precor,
848 4509 930 4570 Deus
953 4518 1023 4571 rote
1045 4527 1111 4571 mea
1132 4517 1245 4572 tantum
1267 4510 1416 4586 secundet,
1439 4517 1471 4570 nt
1494 4519 1633 4588 quantum

295 4593 432 4670 temporis
455 4595 484 4650 in
507 4597 626 4657 cosaicia
649 4603 694 4657 eat
715 4596 858 4675 perditum
881 4615 899 4657 a
919 4596 1061 4677 plurimis,
1084 4605 1196 4659 ιιιιιιιι
1219 4600 1247 4656 ιι
1262 4600 1477 4678 perceptionem
1499 4601 1633 4662 mentalis

293 4679 407 4742 illarum
429 4697 522 4742 rernm
545 4686 688 4745 aasentias
710 4683 900 4764 impendatur.
937 4685 987 4747 Sic
1009 4688 1086 4748 enirn
1099 4682 1301 4768 philosophiae
1322 4686 1465 4748 culturam
1486 4687 1632 4766 publicam

295 4777 411 4836 anctum
433 4770 467 4829 iri
490 4786 634 4848 sperarem
657 4775 822 4834 accessione
844 4790 901 4833 non
924 4773 1142 4838 contemnanda.
1166 4805 1207 4822 -··
