3698 5534
294 372 358 436 336
584 314 588 326 ν
720 433 722 439 Ι
774 357 922 416 Ptolemaei
940 359 1161 416 Harmonicornm

254 592 256 600 .
292 540 340 597 illo
359 555 409 596 suo
427 537 551 607 subiecto
569 535 730 604 definiatur,
757 549 847 604 neque
875 533 1028 602 subjectum
1054 535 1090 589 ab
1116 533 1258 588 hmmcnia
1275 533 1458 591 essentialiter
1473 537 1646 610 informetur,

293 621 342 676 sed
360 626 466 674 tautum
483 615 692 672 accidentaliter.
728 613 789 683 Ego
807 612 890 681 igitur
907 613 996 681 capite
1014 613 1037 665 l.
1055 611 1118 666 libri
1136 612 1188 666 mei
1206 612 1251 666 IV.
1270 613 1384 682 ostendi,
1411 613 1566 672 harmonias
1585 633 1646 676 ease

294 696 491 768 proportiones,
510 695 700 765 proportiones
718 708 781 746 vero
801 691 977 747 casamentis
996 689 1219 783 comparationes,
1239 697 1267 746 et
1285 692 1324 746 sic
1341 707 1389 746 ens
1408 693 1535 750 rationis:
1553 695 1646 766 itaque

293 777 446 833 harmonias
472 781 504 831 ut
519 772 701 830 harmoniae
693 789 721 826 ιι
740 771 829 826 anima
847 779 1020 844 comparante
1039 770 1142 838 inesse,
1167 771 1206 826 sic
1225 778 1255 825 ut
1272 771 1362 826 anima
1381 771 1489 828 sublata
1506 775 1647 832 harmonia

293 863 395 928 pereat.
431 853 544 910 Ostendi
562 852 689 922 amplius,
716 868 779 906 cum
798 850 938 920 proportio
957 847 993 903 sit
1010 849 1038 902 in
1062 848 1280 917 praedicamento
1299 851 1450 922 relationis,
1479 853 1547 908 duos
1564 855 1648 924 igitur

293 933 393 1002 requiri
411 933 538 988 terminos
554 933 588 989 ad
607 930 754 1002 quamlibet
771 930 948 996 harmoniam,
967 929 1012 997 qui
1031 927 1075 982 vel
1093 936 1157 984 sunt
1173 945 1217 984 res
1236 931 1357 1000 sensiles,
1377 931 1476 1000 quibus
1494 935 1647 991 continetur

294 1011 435 1066 harmonia
453 1011 569 1082 sensilia,
588 1010 631 1066 vol
648 1008 787 1078 mentales,
816 1008 915 1076 qulbus
934 1005 1125 1061 intellectualis
1144 1013 1172 1062 et
1190 1008 1364 1078 archetypica
1382 1011 1521 1065 harmonia
1539 1027 1647 1083 reprae-

294 1097 427 1146 sentatur.
464 1089 560 1158 Capite
578 1089 602 1143 2.
621 1089 731 1158 respexi
748 1089 833 1155 magis
853 1087 886 1141 ad
906 1101 986 1139 voces
1004 1085 1052 1139 vis
1072 1101 1121 1139 seu
1147 1086 1320 1144 facultas.
1347 1103 1488 1156 enarrans,
1515 1108 1647 1160 quaenam

295 1177 323 1224 et
341 1175 408 1237 quot
426 1168 481 1222 sint
498 1167 644 1224 facultates
662 1167 767 1222 animae
786 1166 884 1236 agendi
902 1164 944 1219 vel
962 1163 1084 1236 patiendi
1102 1165 1251 1220 secundum
1269 1166 1432 1221 harmonias.
1461 1169 1586 1237 Denique
1603 1187 1647 1226 ca-

293 1247 350 1318 pite
369 1249 393 1303 3.
412 1245 547 1317 quaesivi,
575 1245 673 1316 quibus
700 1246 728 1300 in
745 1244 826 1300 rebus
845 1256 991 1318 expressae
1007 1241 1065 1297 sint
1082 1243 1165 1297 totius
1183 1243 1302 1299 universi
1320 1244 1478 1301 harmoniae
1497 1261 1545 1304 seu
1563 1265 1647 1319 quan-

293 1327 386 1382 titates
404 1332 484 1394 aptae
502 1324 536 1380 ad
555 1323 761 1380 constituendos
778 1321 908 1378 terminos
927 1322 1145 1390 propositionum
1162 1322 1387 1380 harmonicorum.

382 1420 531 1489 Postquam
556 1421 639 1492 igitur
664 1421 734 1476 libro
762 1435 822 1474 meo
840 1419 886 1474 IV.
903 1419 931 1472 in
959 1419 1033 1477 huuc
1060 1420 1170 1476 modum
1188 1421 1223 1476 ad
1250 1422 1435 1491 quaestionem
1455 1437 1471 1475 a
1488 1423 1647 1480 Ptolemaeo

294 1500 463 1570 propositam
481 1514 515 1552 ex
533 1499 644 1569 propria
661 1499 712 1553 mei
731 1498 813 1555 animi
831 1496 964 1554 ιἰιιιιιιιιι
981 1495 1127 1570 respondi,
1149 1493 1289 1556 'nimirum'
1308 1508 1336 1556 et
1354 1501 1420 1568 quid
1443 1501 1479 1555 sit
1497 1509 1648 1573 utrumque,

294 1583 351 1632 tam
368 1578 508 1647 proportio
526 1576 694 1641 harmonica,
722 1593 802 1647 quam
820 1575 936 1634 facultas
955 1576 1125 1649 harmonica,
1148 1587 1176 1634 et
1194 1593 1326 1648 quaenam
1344 1594 1389 1634 rea
1407 1593 1469 1634 essa
1486 1581 1593 1650 possint
1609 1582 1648 1636 al·

295 1655 426 1712 tarutriua
443 1655 604 1725 participes:
629 1655 685 1724 J'am
702 1655 784 1710 etiam
801 1653 951 1711 Ptolemaei
978 1655 1161 1712 resolutiones
1190 1657 1361 1721 examinabo,
1387 1657 1415 1712 irr
1438 1658 1537 1726 quibua
1556 1659 1648 1728 aliqua

294 1736 468 1792 inveniuntur
486 1735 552 1790 meis
571 1735 793 1804 responsionibus
816 1740 1012 1804 consentanea,
1030 1751 1085 1790 ιιι
1103 1751 1191 1804 pauca
1208 1737 1242 1792 ab
1260 1737 1294 1792 iis
1312 1737 1433 1806 (ιιιιιιι,Ι
1450 1751 1521 1806 quaa
1539 1737 1583 1792 rel
1601 1755 1647 1793 ex·

296 1815 443 1884 plicatione
461 1811 504 1867 vel
522 1813 690 1870 correctione
707 1813 837 1883 indigent,
856 1811 900 1868 vel
919 1813 1007 1882 ιιιιιιι,
1026 1821 1056 1868 nt
1075 1814 1181 1869 veritati
1194 1816 1373 1883 adversantia,
1392 1815 1519 1886 redargui
1538 1818 1647 1874 debent.

382 1911 455 1966 Nota
472 1909 506 1964 ll.
542 1908 620 1977 Quod
639 1909 692 1963 vim
710 1910 807 1966 attinet
824 1908 1032 1978 vocabulorum,
1051 1927 1103 1965 ror
1122 1917 1245 1967 natura
1262 1911 1461 1968 harmonica
1478 1929 1528 1968 seu
1546 1912 1649 1970 facul·

297 1995 351 2043 tas
376 1986 585 2043 harmonica
602 1987 688 2058 magis
706 1988 819 2042 inclinat
837 1985 871 2041 ad
890 1985 1054 2042 efficientem
1082 1987 1296 2060 harmoniarum,
1324 1999 1467 2048 atroxve
1485 1993 1650 2063 {procustes

296 2067 383 2136 magis
401 2065 435 2121 ad
454 2065 606 2135 subjectum
623 2066 787 2122 harmonicis
804 2065 1026 2135 proportionibus
1044 2073 1210 2122 exornatum.
1229 2062 1349 2139 Utraque
1368 2088 1441 2142 vero,
1459 2077 1515 2126 tam
1533 2069 1650 2126 facultas

296 2144 453 2200 harmonica
480 2159 561 2213 quam
588 2144 741 2214 subjectum
772 2144 881 2214 aliquod
906 2137 1062 2200 harmonic'c
1081 2154 1330 2216 contemperatam,
1357 2149 1437 2218 plura
1454 2149 1650 2218 complectitur,

298 2241 403 2295 quam
396 2239 485 2279 meras
502 2223 672 2294 harmonias,
692 2222 797 2280 scilicet
814 2224 893 2278 etiam
913 2222 967 2278 alia
984 2225 1127 2278 intervalla
1144 2225 1178 2279 ab
1197 2227 1346 2285 harmoniis
1365 2228 1560 2298 dependentia,
1580 2242 1651 2297 quse

297 2291 457 2374 generaliori
475 2317 539 2358 soce
558 2305 725 2359 concinna
743 2303 836 2359 dicunt
825 2311 877 2358 t.ur
903 2303 963 2358 Hoc
980 2301 1062 2370 igitur
1080 2301 1146 2358 dicit
1163 2302 1347 2368 Ptolemaeus,
1366 2307 1456 2360 omnia
1474 2321 1528 2360 nou
1546 2311 1652 2360 tantum

297 2399 426 2453 consona,
445 2382 493 2437 sed
512 2383 593 2436 etiam
611 2383 751 2451 concinna,
771 2382 870 2451 quibus
889 2387 997 2436 constat
1015 2382 1133 2437 musicus
1153 2383 1378 2452 rariushabere
1398 2399 1462 2440 suas
1481 2391 1569 2440 certas
1586 2401 1652 2454 pro-

299 2463 451 2532 portiones:
479 2467 562 2529 atque
581 2459 609 2514 id
626 2475 680 2515 non
699 2467 806 2516 tantum
822 2469 917 2530 petere
935 2477 970 2516 ex
989 2461 1165 2516 demonstrat
1145 2471 1219 2518 trone
1238 2462 1355 2518 deducta
1383 2479 1416 2516 ex
1434 2464 1652 2533 praesuppositis

298 2542 491 2612 probabilibus,
510 2539 559 2596 sed
577 2539 658 2594 etiam
677 2555 710 2595 ex
729 2540 848 2596 sectione
861 2539 991 2597 canonica
1003 2555 1052 2595 acu
1069 2541 1189 2609 regulari
1206 2541 1382 2598 monochordi
1400 2549 1428 2597 et
1445 2541 1484 2596 sic
1502 2557 1537 2598 ex
1549 2541 1653 2600 auditu.

299 2623 327 2679 Si
347 2624 419 2678 enim
436 2621 539 2677 chorda
556 2619 638 2676 fuerit
655 2627 731 2678 sacta
748 2621 820 2678 sicut
836 2621 895 2678 vult
912 2621 1124 2690 demonstratio,
1152 2627 1218 2678 tune
1233 2625 1325 2691 partes
1343 2619 1462 2677 chordae
1480 2627 1572 2696 sectae
1590 2635 1654 2676 con·

299 2715 404 2770 souare,
420 2698 512 2769 judice
531 2698 634 2755 auditu.

387 2795 461 2852 Nota
479 2796 527 2851 Ill
564 2793 766 2852 Probabilis
793 2797 974 2866 supposita
1000 2793 1152 2862 dicithla,
1179 2796 1252 2888 quod
1271 2799 1424 2856 anrmsrt
1416 2817 1445 2855 ru
1468 2813 1555 2872 prrmo
1572 2797 1651 2864 lrbro

223 2881 227 2892 “
299 2875 362 2932 illaa
380 2871 497 2930 chordas
516 2889 673 2946 consonare,
693 2891 763 2944 quae
775 2876 987 2932 determinentur
998 2875 1125 2941 numeria,
1146 2882 1174 2930 et
1185 2876 1277 2945 primis
1291 2879 1435 2948 speciebus
1447 2878 1652 2948 proportionum

300 2952 496 3017 numeralium,
514 2953 618 3009 scilicet
634 2953 796 3024 multiplici,
813 2955 1056 3026 superparticulari
1073 2963 1101 3010 et
1119 2958 1343 3025 superpartiente.
1380 2957 1417 3012 Αι
1436 2971 1485 3024 ego
1504 2955 1572 3010 haec
1590 2971 1653 3048 sup·

300 3033 390 3102 posita
407 3031 523 3088 refutavi
541 3032 609 3088 libro
627 3033 680 3087 mci
699 3033 788 3102 operia
807 3033 897 3100 tertio,
915 3039 943 3088 et
962 3039 1057 3089 contra
1074 3035 1175 3102 protuli
1195 3035 1248 3089 alia
1266 3036 1408 3105 supposita
1425 3033 1583 3103 probabilia,
1602 3035 1652 3088 sci-

300 3110 365 3166 licet
381 3109 441 3166 illas
460 3109 589 3182 chordas,
616 3125 686 3180 quae
706 3125 735 3166 se
753 3110 855 3167 habent
872 3117 903 3166 ut
920 3119 1013 3181 partes
1031 3111 1139 3180 circuli,
1158 3129 1207 3182 per
1223 3113 1337 3183 figuram
1357 3112 1597 3169 demonstrabilem
1616 3112 1655 3168 di·

300 3188 358 3245 visi.
394 3189 470 3258 Quae
488 3190 570 3259 igitur
595 3191 639 3245 hic
656 3190 830 3246 Ptolemaeus
849 3191 882 3246 de
909 3190 1073 3247 sectionibus
1101 3193 1157 3247 suis
1185 3194 1321 3248 canonicis
1349 3191 1504 3262 semiplenis
1529 3191 1656 3260 affirmat,

263 3283 271 3293 ·
302 3267 397 3322 eadem
425 3282 475 3336 ego
494 3275 522 3323 at
540 3267 625 3323 multo
642 3271 743 3324 rectms
762 3269 796 3324 de
814 3283 875 3324 rnea
892 3268 1037 3341 septuplici
1056 3271 1177 3328 sectione
1199 3285 1311 3341 possum
1330 3271 1479 3340 affirmare,
1507 3270 1572 3340 quia
1588 3268 1654 3324 mihi

301 3343 430 3401 ιιιιιιιιιι
447 3345 523 3400 nulla
536 3352 632 3417 potest
649 3345 750 3404 afferri.

389 3453 578 3533 Consequens
603 3465 647 3519 ιιι
669 3467 776 3535 autem,
799 3425 831 3519 ιιι
850 3459 876 3520 ιι
891 3461 958 3536 quis
980 3461 1038 3520 ista
1060 3460 1289 3521 consideraverit
1310 3469 1432 3537 attente,
1456 3463 1554 3524 statim
1579 3462 1604 3520 ιι
1626 3463 1654 3518 ιι

306 3542 528 3606 admirationem
549 3546 637 3608 fuerit
658 3555 773 3626 raptus,
807 3550 832 3607 si
856 3548 1030 3625 cujusquam
1053 3565 1089 3608 ex
1111 3549 1199 3609 rebus
1222 3549 1438 3625 pulcherrimis,
1471 3557 1548 3610 certe
1571 3565 1655 3608 cunr·

305 3634 405 3708 primis
429 3635 518 3693 etiam
539 3633 628 3710 hujus
651 3635 835 3706 harmonicae
858 3635 1022 3698 facultatiat
1045 3637 1154 3713 quippe
1170 3655 1258 3712 quam
1283 3637 1473 3714 deprehendit
1494 3636 1583 3711 louge
1606 3653 1655 3694 ra·

160 3703 172 3718 '
206 3739 209 3744 ¹
302 3719 525 3781 tionalissimam
547 3719 609 3803 IV),
645 3725 840 3784 invenientem
870 3732 898 3782 ιι
921 3726 1147 3783 constituentem
1179 3727 1340 3801 specierum
1362 3727 1545 3802 propriarum
1570 3723 1654 3784 dide·

303 3811 412 3867 ιιιιιιι
445 3825 534 3884 quam
568 3813 786 3872 accuratissime
800 3807 846 3891 v):
876 3823 938 3886 quo
961 3811 1126 3884 intellecto,
1158 3809 1249 3870 veluti
1281 3812 1373 3870 tllvlnl
1398 3811 1536 3872 incensus
1557 3827 1655 3871 amora

303 3898 482 3974 concupiscit
504 3899 610 3958 intueri
633 3905 662 3958 et
684 3897 807 3958 lustrare
829 3915 922 3974 genus
945 3898 1017 3958 illud
1040 3915 1143 3971 rernm,
1167 3899 1222 3958 sub
1252 3899 1329 3974 quod
1353 3900 1477 3960 ιιιιιιιι
1499 3901 1557 3958 ista
1579 3898 1655 3957 refe-

302 3991 390 4068 ιιιιι,
415 3991 445 4043 et
466 4001 536 4046 num
552 4001 611 4060 qna
626 3988 684 4044 sint
706 3985 766 4046 alla
780 3988 817 4043 in
841 3986 1110 4046 hoc'nnicersitatls
1127 3987 1238 4045 ambitu
1258 3989 1419 4064 cognitioni
1441 3996 1560 4048 nostran
1581 3986 1654 4046 sub·

299 4071 396 4146 J'acta,
420 4073 528 4147 quibus
551 4073 602 4132 illa
624 4088 756 4132 connexa
777 4074 817 4132 ιιι
838 4081 928 4148 atquc
951 4071 1171 4154 cognata·V¹).„

389 4189 462 4245 Nota
479 4189 527 4245 IV.
563 4189 780 4245 Facultatem
806 4189 1041 4246 harmonicam
1062 4193 1100 4248 ait
1126 4189 1450 4248 rationallssimam.
1493 4189 1546 4245 Hic
1573 4185 1654 4264 mani·

303 4266 373 4323 feste
392 4268 515 4339 disputat
532 4267 566 4323 de
584 4267 715 4324 facultate
732 4269 845 4336 animae,
865 4277 895 4324 ut
915 4269 958 4325 cui
970 4269 1110 4342 rationem,
1129 4272 1310 4325 inventionem
1330 4269 1592 4338 dispositionemque
1606 4279 1654 4320 aen

304 4347 523 4420 constitutionem
541 4345 643 4402 tribuit
680 4349 725 4404 Sic
742 4357 832 4404 ιιιιιι
851 4365 881 4404 se
899 4357 1054 4420 comparat,
1081 4365 1113 4405 ac
1132 4353 1154 4406 si
1172 4351 1330 4421 loqueretur
1348 4348 1381 4403 de
1399 4363 1430 4403 re
1447 4347 1538 4417 aliqua
1556 4361 1606 4415 per
1623 4359 1653 4399 ιι

305 4424 478 4497 subsistente,
496 4427 609 4484 radonis
621 4435 753 4498 compote,
772 4443 906 4499 suspensa
920 4429 977 4498 jum
989 4429 1036 4484 illa
1048 4430 1216 4498 quaestione,
1234 4427 1306 4482 sitne
1317 4427 1364 4482 illa
1381 4426 1455 4480 idem
1466 4424 1540 4495 quod
1557 4425 1654 4492 anima,

305 4515 340 4554 au
359 4501 432 4558 alind
450 4505 553 4575 aliquid
570 4512 679 4576 practer
696 4508 813 4563 animum
839 4514 868 4563 et
884 4509 990 4564 ratione
1006 4523 1064 4562 rem
1082 4509 1117 4564 ab
1136 4523 1169 4562 aa
1186 4506 1347 4562 distinctam
1385 4505 1424 4560 Et
1439 4519 1490 4559 uos
1508 4519 1567 4572 cap.
1584 4502 1608 4556 2
1626 4507 1655 4554 et

305 4580 330 4638 7.
349 4578 414 4636 libri
430 4583 476 4637 IV.
495 4591 524 4638 et
540 4583 568 4639 ιι
595 4585 702 4654 epilogo
720 4585 832 4642 libriV.
851 4586 984 4656 (ιιιιιιιιι,
1010 4586 1084 4641 ιιιιιι
1102 4601 1164 4642 ease
1192 4593 1220 4640 et
1237 4585 1312 4652 ipsas
1330 4582 1433 4638 animas
1450 4583 1601 4646 humanas,
1627 4585 1655 4632 ct

305 4659 421 4714 terimam
438 4659 518 4716 aliam
534 4671 643 4732 praeter
659 4663 809 4736 hammes,
836 4665 976 4722 sublunari
992 4666 1093 4722 mundo
1119 4665 1287 4758 praefectam
1304 4667 1333 4716 et
1350 4661 1467 4717 ιιιιιιιιιι
1484 4659 1536 4715 toti
1553 4657 1654 4713 mundo

304 4741 479 4810 numeriam,
497 4742 576 4811 cajus
592 4743 621 4800 iu
639 4743 808 4817 Solanades,
827 4750 858 4802 ut
874 4752 918 4801 ιιι
933 4745 1068 4801 humanae
1085 4745 1190 4800 ιιιιιιιιι
1207 4744 1235 4800 ιι
1253 4741 1343 4812 eorde,
1361 4747 1390 4797 et
1407 4739 1529 4809 deniqne.
1542 4737 1655 4794 Deum

304 4816 436 4889 ipsum.
