3732 5528
287 311 289 318 ’
324 297 387 358 406
525 312 528 324 ·
573 263 576 276 ’
833 281 983 338 Ptolemaei
1001 281 1157 338 Harmonia.

232 465 237 476 '
323 464 435 523 divisset
451 461 563 534 primam
582 459 700 517 omniurn
720 459 748 514 in
760 456 931 528 planetarum
949 459 1095 528 systemate
1107 454 1245 511 ludentem
1258 454 1421 510 cantilenam
1434 461 1461 509 et
1473 453 1500 509 in
1518 471 1567 510 suo
1586 461 1664 512 cantu

323 544 481 599 imitaretur.
879 575 881 580 ,

409 629 507 697 Neque
524 641 588 683 vero
605 625 746 694 miremur,
771 631 827 678 tam
851 631 925 678 arcte
950 639 1094 693 expressas
1119 639 1180 680 asae
1198 621 1352 678 harmonias
1370 622 1400 680 iu
1416 593 1535 678 donans
1553 623 1666 680 siderum

323 710 445 780 easdem,
464 723 534 780 qaae
552 705 706 761 luchardis
724 703 895 771 audiuntur,
908 718 969 756 cnm
988 701 1138 770 videamus,
1163 717 1245 770 quam
1264 707 1396 772 cognatae
1414 703 1469 756 sint
1483 702 1666 769 subjectorum

322 797 498 857 utrorumque
516 784 693 840 conditiones.
713 784 796 839 Stella
814 788 915 838 motum
934 781 1019 835 habet
1037 787 1064 834 et
1082 779 1299 852 martanorum
1317 779 1413 834 habet:
1431 782 1570 850 proportio
1589 797 1666 850 quae

321 869 391 922 ritur
409 867 479 920 inter
498 863 651 918 celeritates
669 861 789 917 diversas
809 869 929 920 motuum
947 859 1114 922 coelestium,
1136 859 1274 926 quaeritur
1293 868 1320 912 et
1337 861 1408 913 inter
1425 859 1532 915 diversa
1549 861 1667 918 acumina

322 944 522 1016 gravitatesque
541 939 712 1008 chordarum,
731 957 792 995 cunr
811 946 908 996 acutus
927 955 1010 993 sonos
1029 955 1062 992 ex
1082 939 1184 993 chorda
1203 939 1329 996 celeriter
1346 947 1420 994 mota
1437 938 1563 1010 prodeat,
1582 939 1667 1007 gravis

321 1041 356 1080 ex
374 1021 459 1077 tarda.
498 1019 535 1074 Et
552 1018 667 1074 chordas
686 1019 794 1088 quidem
813 1019 962 1094 aequaliter
979 1025 1071 1072 tensas
1090 1017 1231 1086 longitudo
1253 1018 1346 1074 tardas
1365 1017 1440 1088 iacit,
1466 1018 1583 1074 brevitas
1601 1019 1667 1074 cele·

321 1118 377 1170 res;
399 1103 502 1156 motuni
520 1096 648 1166 planetae
667 1103 761 1152 contra
778 1097 893 1152 tarditas
911 1097 1020 1151 brevem
1038 1094 1115 1166 iacit,
1142 1097 1266 1152 celeritas
1293 1098 1404 1166 longum
1426 1101 1453 1152 et
1471 1097 1618 1166 prolixum,
1642 1107 1668 1154 et

321 1182 379 1237 vice
397 1193 486 1247 versa,
514 1177 538 1231 si
557 1188 649 1231 sumas
676 1175 789 1230 eandem
807 1183 927 1230 motuum
951 1175 1160 1244 longitudinem,
1188 1176 1216 1229 in
1234 1193 1267 1230 ea
1289 1175 1414 1230 celeritas
1432 1173 1516 1230 efficit
1534 1175 1667 1244 planetam

321 1259 396 1317 brevi
419 1263 540 1326 tempore
566 1255 682 1322 morari,
709 1253 824 1310 tarditas
842 1256 933 1323 longo.
969 1255 1043 1311 Nihil
1061 1255 1143 1322 igitur
1161 1255 1274 1324 impedit
1291 1270 1452 1324 responsum
1469 1257 1667 1324 proportionem

322 1346 452 1403 motuum,
471 1333 544 1405 quod
563 1334 622 1388 soni
639 1333 747 1402 quidem
766 1332 922 1402 audiuntur,
941 1341 1030 1388 motus
1050 1347 1113 1386 vero
1132 1334 1174 1388 rel
1193 1335 1318 1388 videntur
1336 1337 1376 1402 (ut
1396 1350 1430 1386 ex
1443 1333 1514 1390 Solet
1534 1333 1577 1387 vel
1593 1335 1668 1388 intel-

321 1427 439 1488 guntur:
459 1415 523 1484 quia
539 1427 629 1481 neque
647 1412 701 1467 illis
720 1419 832 1482 propter
849 1411 971 1467 auditam
989 1413 1083 1467 insunt
1100 1412 1266 1480 harmoniae,
1286 1428 1374 1480 neque
1391 1411 1435 1466 lris
1452 1417 1565 1480 propter
1576 1412 1668 1482 visum,

321 1497 369 1552 sed
386 1493 510 1562 utrisque
528 1499 641 1562 propter
658 1491 852 1558 longitudinem
871 1497 899 1545 et
916 1491 1088 1560 brevitatem,
1115 1497 1142 1545 et
1164 1495 1277 1559 propter
1299 1489 1468 1552 affectiones,
1493 1505 1563 1562 qnae
1582 1501 1668 1548 motus

320 1579 530 1646 consequuntur.
548 1577 659 1638 propter
669 1568 773 1624 scilicet
785 1568 1013 1638 comparationem
1027 1569 1132 1636 horum,
1151 1576 1182 1623 ut
1198 1569 1381 1636 terminorum,
1401 1585 1455 1637 qua
1465 1569 1497 1623 fit
1507 1568 1669 1626 intellectus.

320 1653 375 1710 Sed
387 1651 447 1706 vide
460 1649 598 1716 originem,
617 1647 804 1702 distinctiones
816 1653 959 1716 totamque*
977 1649 1122 1703 essentiam
1134 1648 1351 1702 harmonicorum
1368 1649 1573 1716 proportionum
1587 1650 1671 1702 nostri

320 1733 410 1802 operis
428 1728 498 1782 libro
517 1727 562 1780 IV.
580 1727 683 1794 capel,
703 1725 728 1794 2,
748 1727 772 1792 3,
791 1733 819 1780 et
837 1741 896 1795 cap.
911 1728 935 1795 l,
955 1726 979 1781 6.
998 1725 1141 1780 discrimen
1159 1727 1231 1780 inter
1247 1725 1329 1794 hujus
1347 1725 1399 1780 loci
1418 1726 1549 1781 coelestes
1566 1728 1669 1782 harmo-

322 1813 382 1868 nias
401 1817 429 1864 et
445 1807 517 1862 inter
533 1805 595 1861 lllas
612 1805 710 1874 capitis
728 1807 753 1862 9.
771 1805 933 1876 Ptolemaei,
953 1819 1024 1874 quac
1041 1805 1115 1860 hisce
1137 1806 1164 1859 in
1183 1805 1362 1875 perfectione,
1389 1805 1530 1860 nobilitate
1542 1814 1578 1861 et
1595 1823 1669 1876 prae

324 1887 426 1944 stantia
442 1899 614 1953 nequaquam
631 1889 697 1938 sunt
713 1886 920 1954 comparandae.

352 1989 356 1996 “
408 1981 461 2042 Est
487 1979 571 2052 igitur
596 1979 667 2033 inter
692 1977 743 2035 lros
761 1981 895 2050 cujusque
921 1979 1048 2050 planetae
1076 1980 1154 2035 binos
1172 1986 1309 2036 extremos
1335 1989 1425 2036 motus
1448 1984 1671 2040 commensuratio

320 2061 450 2133 perfecta,
468 2063 500 2113 ut
518 2057 603 2128 probo
620 2065 679 2112 toto
697 2057 766 2114 libro
785 2059 816 2112 V.
836 2059 889 2112 mci
908 2059 1016 2128 operis;
1038 2065 1080 2113 est
1097 2059 1205 2112 illorum
1217 2065 1319 2114 certum
1338 2059 1446 2129 aliquod
1466 2070 1593 2132 systema,
1612 2079 1671 2118 corr·

320 2149 396 2198 stans
415 2155 449 2193 ex
469 2139 601 2210 diapason
620 2141 724 2205 septem
743 2145 770 2194 et
787 2137 916 2208 amplius;
936 2137 964 2191 in
983 2151 1015 2190 eo
1034 2145 1098 2192 sunt
1116 2152 1247 2204 expressa
1260 2139 1348 2193 omnia
1367 2141 1467 2194 usitata
1485 2141 1596 2196 musicis
1614 2140 1672 2196 locs

320 2237 370 2276 seu
387 2220 485 2284 clares,
505 2224 535 2271 nt
553 2208 628 2271 rides
648 2217 736 2286 capite
755 2217 779 2286 5,
797 2215 826 2270 in
845 2215 939 2270 eodem
958 2230 1088 2283 expressa
1106 2223 1169 2270 sunt
1187 2225 1214 2269 et
1233 2215 1285 2270 duo
1299 2227 1393 2272 cantus
1412 2235 1513 2286 genera
1529 2219 1672 2286 naturalia,

321 2298 418 2354 durum
441 2304 469 2353 et
491 2295 588 2364 molle,
611 2295 706 2350 eodem
730 2297 818 2364 capite
836 2297 861 2366 5,
880 2303 908 2350 et
928 2294 1103 2351 subtilissima
1125 2294 1233 2363 quidem
1256 2297 1429 2364 omniumque
1452 2297 1673 2352 artificiosissime

320 2378 439 2444 ratioue;
460 2376 548 2444 capito
567 2375 591 2430 9.
609 2389 626 2428 a
643 2391 720 2444 prop.
731 2375 774 2430 20.
793 2374 821 2428 in
839 2375 881 2430 27.
901 2381 966 2430 suut
984 2374 1150 2443 singulorum
1169 2374 1340 2442 planetarum
1359 2376 1456 2444 singuli
1475 2377 1672 2446 quodammodo

320 2457 393 2524 toni,
420 2457 509 2526 capite
528 2456 553 2511 t.
572 2461 636 2509 sunt
653 2453 810 2508 harmoniae
827 2453 1005 2523 particulares
1023 2453 1161 2522 binorum,
1182 2454 1312 2508 trinorum
1331 2463 1395 2522 etc,
1423 2465 1487 2511 suut
1506 2457 1672 2512 universales

272 2591 276 2600 ,
321 2535 439 2590 omnium
457 2551 506 2590 sex
536 2534 624 2602 capite
643 2539 674 2602 7,
701 2540 766 2588 sunt
787 2549 869 2587 voees
892 2534 972 2588 etism
995 2532 1117 2587 diversae
1140 2533 1229 2601 capite
1248 2535 1272 2588 e.
1311 2535 1347 2588 aa
1364 2534 1432 2590 haec
1451 2535 1594 2604 dispositio
1612 2535 1671 2589 har·

320 2615 428 2668 monica
455 2619 498 2668 est
520 2609 568 2666 ille
592 2611 770 2680 archetypus,
795 2610 830 2665 ad
854 2627 934 2680 quem
958 2609 1162 2678 exprimendum
1187 2611 1356 2680 planetarum
1375 2611 1591 2668 eccentricitates
1610 2627 1671 2667 suas

322 2691 444 2762 singulae
462 2703 604 2746 mensuras
620 2695 788 2758 acceperunt
804 2689 895 2757 capite
913 2689 937 2744 9.
973 2688 1098 2757 Denique
1125 2687 1271 2757 concludo,
1295 2690 1397 2745 nullom
1415 2697 1519 2759 partem
1537 2690 1671 2746 harmoni-

321 2785 379 2838 ces,
407 2775 437 2824 ut
455 2783 487 2823 aa
504 2768 584 2824 nobis
602 2777 629 2824 st
647 2779 713 2824 nota
730 2777 758 2824 ct
775 2770 876 2824 usitata
893 2776 950 2836 est,
977 2769 1004 2822 in
1023 2769 1065 2822 his
1088 2768 1159 2823 binis
1178 2775 1206 2823 et
1230 2769 1300 2822 binis
1319 2768 1482 2837 singulorum
1501 2769 1671 2838 planetarum

218 2844 221 2856 '
321 2855 349 2901 et
371 2847 496 2902 binorum
521 2846 633 2914 siugulis
665 2848 783 2902 motibus
818 2847 946 2901 extremis
970 2847 1119 2916 mediisque
1149 2847 1298 2915 interjectis
1326 2847 1429 2902 deesse.
1479 2849 1670 2914 Veruntamen,

243 2927 248 2940 '
322 2924 386 2994 quala
402 2941 487 2994 supra
505 2926 573 2995 (cap.
589 2925 614 2980 6.
634 2935 700 2981 nota
712 2927 747 2995 2.)
766 2924 926 2980 Ptolemaeo
953 2925 1115 2995 exprobrari
1142 2932 1247 2982 textum
1266 2941 1314 2980 sen
1332 2925 1519 2995 arg'orneutnm
1538 2926 1671 2981 melodiae

320 3003 462 3149 3³:812?ss
463 3018 589 3135 ndlgtednde
607 3002 680 3060 icrte
698 3012 725 3060 et
742 3006 771 3059 iu
789 3019 849 3060 meo
869 3021 951 3073 opere
969 3005 1021 3060 lroc
1038 3005 1147 3060 unicum
1166 3005 1349 3074 desideretur,
1368 3005 1510 3060 audiamus
1528 3012 1557 3061 et
1572 3007 1608 3061 de
1625 3007 1670 3061 illo

409 3169 483 3226 coeto·
507 3175 642 3224 manant
666 3170 785 3240 gloriata
802 3169 858 3224 Dei
881 3176 906 3224 et
935 3185 1019 3240 opera
1041 3185 1172 3224 marcam
1199 3170 1259 3237 ejas
1285 3169 1437 3224 annunciat
1461 3171 1669 3239 firmamentum.

320 3250 388 3306 Dra
416 3248 471 3304 diei
496 3255 602 3303 eructat
627 3249 738 3302 verbam
765 3255 790 3303 et
813 3265 870 3302 aaa
892 3249 967 3303 nocti
983 3249 1257 3303 indicatecieats'am.
1293 3248 1397 3314 (motus
1415 3265 1481 3304 sanc
1499 3251 1669 3319 planetarum

319 3328 382 3384 illos
401 3325 582 3395 considerari,
607 3326 655 3396 qai
673 3327 752 3381 nnius
770 3325 824 3380 dlei
847 3327 989 3394 noctisque
1007 3326 1096 3395 spatio
1115 3326 1278 3395 proveniunt
1297 3327 1430 3397 singulis.)
1466 3331 1533 3385 Noa
1551 3339 1618 3388 sant
1634 3335 1670 3388 lo

320 3408 416 3478 gualae
431 3419 517 3476 aegas
533 3421 677 3476 semones,
696 3422 812 3476 gamm
829 3421 885 3460 aaa
902 3407 1056 3460 aadtaatcr
1072 3421 1150 3460 occec
1168 3419 1269 3462 eoram.
1305 3407 1344 3461 In
1362 3423 1466 3462 omaem
1487 3409 1601 3464 Terram
1617 3413 1670 3466 ear'·

319 3487 359 3542 rit
376 3501 461 3541 scaea
478 3499 578 3552 eoram,
597 3491 623 3540 et
639 3484 670 3539 a‘rr
686 3486 754 3552 fieres
771 3485 846 3540 orbis
864 3491 953 3540 terrae
971 3485 1053 3538 verba
1071 3501 1171 3539 cortem.
1207 3483 1322 3540 Noucst
1335 3485 1471 3554 credibile,
1490 3487 1581 3542 locum
1600 3489 1670 3544 bunc

318 3563 347 3618 iu
369 3577 450 3618 sensu
474 3560 575 3618 literali
596 3561 678 3632 plane
701 3579 762 3618 esse
785 3563 885 3617 nullius
909 3563 1053 3628 momenti,
1081 3565 1127 3632 qui
1150 3565 1177 3618 in
1203 3579 1286 3618 sensu
1311 3563 1457 3632 allegorico
1481 3565 1572 3621 diviua
1595 3568 1672 3622 nobis

319 3641 461 3711 Evangelii
478 3643 575 3711 pandit
592 3645 728 3712 mysteria.
765 3643 1011 3698 Aaaaaca'aoerrmt
1035 3645 1103 3697 coeli
1123 3643 1265 3711 justitiam
1288 3643 1362 3711 ejas,
1388 3651 1415 3698 et
1437 3645 1564 3699 videncet
1582 3663 1672 3701 oasam

314 3724 415 3793 papale*
429 3723 548 3793 gloriam
566 3721 631 3789 eiua
668 3721 796 3776 Laedute
813 3722 892 3787 coeli,
918 3722 1048 3789 gavamm
1070 3722 1287 3776 miscricordiam
1308 3723 1373 3790 fecit
1396 3724 1534 3790 dominas,
1553 3723 1672 3790 jabilate

319 3809 424 3857 areatas
441 3801 608 3866 laudatione,
620 3801 759 3869 psalmam
776 3799 857 3854 dicite
874 3800 982 3854 aomar·
999 3797 1067 3867 ejece
1085 3799 1150 3854 dote
1165 3801 1283 3869 plattam
1301 3800 1380 3854 laudi
1397 3799 1463 3867 ejas.
1498 3801 1592 3857 Dicite
1603 3804 1670 3868 Deo,

319 3895 401 3950 gaam
417 3879 551 3934 tenuata
568 3885 734 3948 sumopere
757 3884 807 3933 tao
825 3879 940 3933 domine.
978 3878 1130 3933 laetentur
1150 3881 1260 3934 coellet
1277 3879 1392 3934 maudei
1414 3886 1496 3934 terra.
1533 3879 1670 3936 Paratum

318 3973 366 4013 cor
382 3973 470 4012 metm
487 3955 576 4022 Deae,
597 3963 729 4024 paratam
747 3972 794 4012 cor
818 3973 920 4024 meam,
945 3959 1109 4013 cantabant
1126 3960 1264 4028 psalmam
1282 3959 1371 4013 dicam
1389 3959 1507 4015 domino.
1543 3961 1671 4032 Exsurge

316 4037 415 4109 gloria,
434 4035 718 4104 cesargepootreeam
729 4051 817 4090 meam
835 4043 861 4091 et
878 4037 1004 4106 cythara,
1023 4051 1167 4106 casargam
1185 4035 1312 4090 diluculo.
1337 4035 1415 4103 Quod
1431 4052 1497 4092 sane
1514 4037 1565 4092 luit
1584 4055 1669 4106 manc,

318 4117 345 4170 8.
361 4113 453 4168 Martii
471 4113 548 4167 1618.
587 4111 741 4180 Confitebor
762 4115 813 4168 titi
838 4115 870 4167 t'rt
892 4115 1005 4184 populis
1027 4113 1215 4180 (literatorum)
1238 4115 1347 4168 domine
1371 4120 1396 4168 et
1418 4117 1557 4185 psalmata
1582 4119 1670 4172 dicare

317 4195 369 4248 etas
385 4194 417 4246 s'a
431 4192 556 4261 pratitas
583 4191 691 4258 (librum
711 4191 835 4256 scribam,
855 4194 900 4259 qai
920 4193 955 4246 sit
973 4193 1057 4247 veluti
1075 4208 1152 4247 sacer
1170 4194 1285 4262 hymnus
1306 4191 1420 4264 Galesi),
1447 4199 1579 4264 guonem
1596 4213 1668 4268 err-ao

317 4271 432 4339 velficata
449 4275 488 4325 eat
504 4285 588 4339 sagae
605 4269 644 4326 ad
660 4271 748 4326 coelos
764 4273 953 4328 misericordia
976 4279 1026 4327 tao
1048 4279 1074 4328 et
1091 4287 1175 4342 repes
1193 4274 1230 4327 ad
1247 4273 1331 4328 actes
1347 4275 1449 4328 oerttm
1465 4281 1522 4328 tao.
1550 4276 1669 4329 'Bosara

275 4393 278 4404 .
318 4355 357 4404 est
375 4349 498 4416 confiteri
515 4348 626 4404 domm
646 4355 671 4403 et
685 4349 805 4417 psaltere
822 4351 929 4405 nomini
946 4357 994 4406 tao
1013 4351 1154 4419 altissimo,
1173 4351 1211 4406 ad
1229 4353 1453 4408 annunciandam
1470 4367 1549 4408 arone
1565 4355 1667 4409 misem-

319 4427 442 4482 cordc'am
463 4434 540 4482 taam
562 4434 588 4482 et
609 4430 750 4484 veritatem
776 4436 854 4484 mam
872 4446 926 4498 per
946 4436 1057 4486 noctem
1093 4429 1132 4486 Ia
1157 4430 1325 4487 decachordo
1344 4429 1528 4498 (hexachordo
1547 4433 1666 4496 coelestii

319 4511 344 4558 et
356 4506 491 4573 psalterio
508 4523 569 4560 cam
587 4507 695 4562 canica
713 4508 743 4562 ta
761 4509 885 4578 cythara.
911 4507 984 4577 Quia
1002 4509 1141 4564 delectasti
1158 4525 1200 4563 nte
1217 4510 1327 4564 danim
1342 4511 1373 4563 in
1389 4510 1501 4577 [actara
1518 4516 1575 4577 toa,
1595 4517 1620 4564 et
1637 4511 1667 4564 tn

319 4583 444 4652 opertas
461 4600 591 4639 maenam
601 4592 713 4641 taceam
730 4589 880 4643 marato.
907 4587 995 4658 Quam
1012 4589 1190 4657 magnificata
1205 4595 1271 4644 seat
1283 4605 1368 4658 opera
1384 4596 1433 4644 tera
1451 4587 1567 4656 domine,
1586 4590 1667 4642 nimis

314 4661 472 4728 profundae
488 4671 552 4718 suat
567 4665 659 4732 factae
675 4669 854 4735 coadunarem
871 4673 942 4722 tane.
967 4667 1017 4722 Vir
1028 4669 1161 4737 dampierre
1178 4685 1235 4724 aaa
1252 4675 1401 4736 cognoscet,
1420 4673 1446 4722 et
1462 4669 1561 4722 madar
1581 4668 1665 4736 (igne

317 4753 381 4806 rans
399 4745 428 4794 et
445 4737 560 4795 turno
578 4741 652 4802 insta
675 4751 851 4804 ocnoemuens
876 4745 980 4814 meras]
1006 4763 1064 4802 aaa
1087 4747 1218 4816 taullc'pct
1241 4747 1316 4801 lraea
1355 4745 1422 4802 Gara
1448 4749 1537 4802 caera
1561 4747 1666 4815 memet
