3732 5528
804 307 954 367 Ptolemaei
971 307 1128 366 Harmonia

771 638 773 651 ¹
835 615 977 688 CAPUT
1005 605 1096 686 vill

294 759 466 832 Quomodo
485 729 696 818 mutationes
714 763 747 816 in
767 751 1083 832 contemperatione
1100 762 1304 819 harmonica
1322 767 1560 832 comparantur
1577 775 1646 816 cum

579 849 826 919 dispositionis
851 852 1036 907 animorum
1060 849 1357 907 mutationibusssl

385 1011 432 1070 Ad
456 1011 580 1072 eundem
601 1029 694 1088 prope
716 1014 836 1074 modum
859 1022 890 1074 ιι
912 1015 1090 1073 mutationes
1114 1011 1150 1072 de
1173 1019 1243 1072 tono
1267 1014 1295 1070 lu
1317 1020 1420 1072 tonum
1449 1013 1478 1068 ιιι
1501 1017 1648 1088 systema-

299 1100 378 1160 tibus
402 1099 531 1160 coulerre
559 1116 717 1176 possumus
747 1119 813 1161 cum
836 1103 1048 1161 mutationibus
1072 1100 1299 1178 dispositionum
1325 1102 1502 1172 animorum,
1534 1101 1563 1155 in
1588 1101 1649 1156 vita

298 1187 444 1248 communi
469 1190 681 1247 occurrentium
691 1185 747 1262 1¹¹).
793 1190 868 1249 Nam
891 1192 967 1249 sicut
981 1190 1032 1263 ibi,
1055 1191 1179 1248 servatis
1195 1188 1298 1248 iisdem
1313 1189 1478 1266 generibus,
1501 1185 1534 1246 fit
1549 1185 1650 1262 aliqua

298 1272 328 1334 iu
351 1281 438 1334 cantu
467 1276 659 1349 permutatio,
691 1293 726 1335 so
749 1277 829 1353 quod
858 1278 930 1353 loci,
962 1293 1014 1354 per
1038 1293 1112 1354 quos
1142 1275 1310 1352 adsciscunt
1340 1277 1399 1334 vim
1430 1283 1459 1336 ιι
1490 1273 1650 1334 efficaciam

299 1377 392 1435 suam,
417 1360 525 1420 diversi
547 1363 605 1420 siut
635 1371 664 1421 ιι
687 1365 762 1422 serie
786 1363 913 1442 quadam
935 1363 1109 1424 succedente
1132 1370 1286 1426 consuetas
1315 1365 1473 1424 sortiantur
1500 1368 1651 1438 permute-

299 1451 395 1512 ιιιιιιι
404 1443 463 1528 1l),
488 1449 530 1508 sic
553 1451 640 1508 etism
664 1451 693 1508 in
718 1453 936 1525 mutationibus,
963 1469 1037 1528 quas
1060 1453 1122 1510 vita
1144 1453 1306 1512 eommunis
1327 1451 1419 1524 siisrt,
1443 1449 1651 1526 dispositiones

301 1537 464 1597 animorum
488 1537 585 1613 specie
609 1535 713 1597 cadem
735 1539 890 1601 flectuntur
909 1556 964 1600 seu
988 1545 1197 1601 convertuntur
1212 1537 1429 1614 quodammodo
1451 1540 1480 1594 ιιι
1496 1535 1652 1596 dissimiles

302 1623 465 1684 studiorum
485 1625 622 1683 rationes
645 1625 834 1702 creduntque
863 1645 922 1688 uua
952 1643 1018 1686 eum
1050 1626 1149 1686 lormis
1180 1632 1276 1686 etaim
1308 1626 1416 1703 publici
1440 1621 1561 1706 (quales
1584 1623 1653 1681 iliae

303 1713 431 1773 existunt
454 1727 505 1788 per
527 1709 659 1788 singulas
681 1721 843 1791 temporum
867 1715 1037 1774 amasiones
1067 1713 1107 1772 ad
1131 1712 1358 1789 compositiones
1386 1713 1442 1774 sibi
1471 1713 1653 1770 convenicu-

304 1793 428 1880 tiores);
452 1797 539 1875 quale
562 1799 633 1875 quid
657 1808 687 1860 ct
708 1802 737 1858 iu
761 1801 876 1878 legibus
899 1801 1025 1862 iereudts
1047 1817 1101 1860 usu
1123 1803 1220 1874 ιιιιιι,
1249 1800 1318 1859 dum
1340 1817 1431 1876 saepe
1453 1799 1533 1875 leges
1558 1808 1654 1856 usus·

301 1887 466 1970 ,formantur
496 1887 525 1944 in
554 1885 643 1946 talem
667 1887 743 1964 juris
767 1889 1065 1962 administrationem,
1098 1890 1235 1964 quaesit
1263 1885 1484 1948 accommodata
1506 1885 1655 1964 praesenti

305 1973 467 2034 conditioni
496 1981 669 2049 temporum.
715 1975 762 2035 Ita
791 1993 861 2037 cum.
887 1972 1010 2055 pacifica
1038 1981 1105 2035 sunt
1136 1983 1284 2052 tempora,
1317 1977 1425 2035 civium
1449 1975 1538 2033 culmi
1561 1975 1655 2048 magis

272 2095 276 2103 ,
306 2060 345 2122 ad
368 2063 496 2136 quietem
519 2069 549 2120 et
569 2065 747 2136 aequitatem
771 2063 955 2135 inclinantur,
980 2080 1045 2124 cum
1068 2077 1138 2123 vero
1162 2062 1278 2138 bellica,
1303 2063 1484 2122 econtrario
1508 2060 1546 2123 ad
1561 2060 1657 2120 euda-

307 2151 383 2209 clam
406 2156 436 2207 ιι
458 2155 645 2208 contemtum.
690 2147 818 2210 Rursum
840 2153 962 2231 penuria
983 2150 1102 2228 publica
1125 2159 1154 2210 et
1177 2170 1272 2212 rerum
1294 2152 1524 2212 necessariarum
1550 2151 1657 2208 caritas

308 2237 531 2312 temperantiam
554 2243 584 2295 et
605 2235 814 2314 humilitatem,
847 2239 1004 2300 earrrudcm
1028 2257 1096 2300 vero
1130 2239 1226 2300 uilitas
1258 2247 1288 2299 ιι
1309 2239 1492 2298 abundantia
1520 2237 1658 2296 ferociam

309 2331 338 2384 et
361 2322 437 2408 altos
468 2321 586 2402 spiritus
614 2323 711 2399 affert,
744 2336 773 2386 ιι
799 2329 845 2387 ιιι
867 2331 959 2392 ,etiam
989 2326 1026 2387 de
1057 2327 1159 2386 ceteris
1187 2343 1239 2404 pro
1260 2343 1291 2386 rc
1315 2336 1384 2386 uste
1414 2326 1471 2384 dici
1505 2319 1657 2403 passati).

309 2409 357 2472 sd
380 2409 504 2472 eundern
527 2413 616 2488 igitur
639 2411 758 2474 modom
781 2423 810 2476 ιι
832 2418 862 2472 iu
884 2415 1096 2476 mutationibus
1119 2413 1287 2474 barmoniae
1310 2420 1413 2474 mutus
1434 2413 1510 2472 idern
1534 2415 1564 2468 in
1588 2427 1660 2469 acu·
1705 2423 1706 2426 ’

309 2499 433 2560 tioribus
463 2497 582 2575 quidem
611 2503 687 2560 tonis
717 2502 812 2562 induit
839 2510 973 2563 usturam
1003 2503 1291 2578 magisexcitstam,
1322 2501 1559 2577 ingratioribus
1590 2513 1660 2557 eon·

271 2617 277 2626 ·
311 2587 473 2660 tinentiam,
498 2586 723 2650 submissionem
753 2598 782 2650 et
805 2590 979 2670 modestiam
1000 2592 1100 2672 spirat
1145 2583 1228 2648 Nam
1249 2591 1330 2649 etin
1356 2591 1435 2647 souis
1465 2604 1524 2664 quo
1548 2587 1662 2645 acutior

312 2672 445 2750 quilibet,
468 2671 526 2734 hoo
548 2675 695 2749 intensior,
720 2694 779 2753 quo
801 2682 933 2756 greum,
958 2679 1014 2737 hoc
1036 2677 1183 2736 remissior
1205 2673 1310 2756 estvl).
1356 2675 1461 2735 Merito
1489 2675 1591 2750 itaque
1616 2671 1661 2732 ιιι

195 2826 198 2843 Ι
312 2761 361 2819 hic
383 2762 472 2820 ctiam
494 2763 557 2820 toni
579 2764 742 2823 intermedii
766 2769 868 2842 etqui
892 2765 1005 2824 dorium
1028 2767 1217 2825 circumstant
1242 2765 1487 2866 comparabuntur
1510 2777 1576 2820 cum
1601 2777 1662 2818 me-

315 2847 462 2908 diocribus
485 2856 516 2907 at
537 2849 612 2910 bone
635 2855 804 2930 compositis
827 2856 907 2914 vitae
929 2855 1067 2926 moribus,
1092 2855 1237 2912 acutiores
1261 2869 1329 2912 vcro
1362 2861 1391 2911 ιι
1414 2852 1465 2928 qui
1496 2857 1566 2908 ιιιιι
1590 2851 1663 2910 circs

316 2933 524 3012 mixolydium,
554 2953 620 2996 curn
642 2940 843 3015 inquietudine
867 2950 896 3000 ιι
919 2939 1043 3001 audacis
1064 2939 1199 3017 publica,
1230 2941 1380 3018 graviores
1403 2937 1528 3014 denique
1562 2945 1592 2997 et
1615 2935 1662 3013 qui

316 3029 385 3082 suut
407 3023 484 3082 circa
504 3023 708 3102 hypodorium,
733 3043 798 3088 cum
821 3029 953 3104 ignavia.
964 3037 994 3088 ιι
1015 3026 1150 3088 ιοιοιιιι
1174 3028 1251 3086 ritae
1275 3027 1310 3087 de
1333 3021 1512 3104 generem).

338 3132 340 3140 ’
404 3109 488 3170 Adeo
512 3115 600 3170 etiarn
623 3131 688 3173 cum
709 3117 782 3193 ipsis
805 3115 949 3176 melodiae
972 3115 1160 3177 facultatibus
1187 3122 1216 3174 et
1239 3114 1369 3176 efficacia
1399 3113 1615 3191 compatiuntur
1637 3115 1665 3170 et

318 3178 407 3258 animi
423 3201 514 3257 nostri
531 3217 546 3258 e
563 3202 695 3277 uestigio,
721 3205 827 3282 quippe
851 3205 900 3280 qui
918 3212 947 3264 et
963 3206 1165 3281 cognationem
1188 3219 1254 3262 cum
1275 3203 1511 3280 proportionibus
1533 3201 1666 3276 propriae

319 3286 518 3361 suiipsorum
541 3286 777 3350 conformationis
801 3300 1029 3368 recognoscunt,
1058 3299 1087 3350 et
1109 3289 1350 3350 transformentur
1380 3293 1407 3347 in
1435 3295 1529 3348 certos
1558 3294 1664 3356 motus,

318 3369 559 3452 respondentes
552 3377 623 3452 ipsis
645 3377 835 3438 melodiarum
859 3381 1099 3457 proprietatibus,
1129 3383 1163 3436 ut
1183 3377 1362 3453 quaudoque
1385 3377 1423 3435 ad
1447 3375 1615 3450 voluptates
1639 3380 1666 3431 et

320 3457 465 3520 luxuriam
496 3464 685 3538 instigentur,
717 3483 830 3529 rursum
862 3467 898 3527 ad
933 3468 1215 3526 commiserationem
1250 3473 1279 3525 et
1308 3467 1454 3524 tristitiam
1485 3467 1665 3530 revocentur,

321 3564 399 3619 nunc
422 3547 516 3609 veluti
537 3549 721 3614 obvallantur
744 3563 773 3612 et
794 3558 824 3613 in
847 3571 980 3632 soporem
1005 3555 1124 3627 deutur,
1154 3569 1231 3612 nunc
1254 3561 1406 3630 erumpant
1434 3559 1463 3610 et
1486 3549 1666 3610 exsusciten-

322 3645 378 3708 tur,
402 3633 476 3695 alias
500 3653 568 3696 vero
592 3637 724 3699 adirem
747 3649 842 3702 oestro
866 3643 968 3721 perciti
992 3651 1027 3702 ct·
1043 3640 1150 3700 divinis
1172 3641 1316 3700 furoribus
1340 3642 1450 3714 ιιιιιιιι,
1475 3635 1541 3698 dum
1567 3645 1668 3696 cantus

324 3723 403 3784 sbas·
421 3721 506 3782 aliter
528 3732 703 3786 transmutet
725 3731 944 3806 animorumque
975 3729 1057 3790 velut
1078 3746 1182 3805 agmen
1212 3727 1310 3789 educit
1340 3723 1516 3801 ordinatque
1543 3723 1668 3801 disposi-

324 3810 454 3870 tionibus
477 3812 522 3884 iis,
547 3830 624 3889 quae
646 3813 835 3876 similitudine
851 3820 1069 3897 proportionum
1084 3815 1240 3877 earundem
1263 3820 1398 3882 ceretani
1408 3811 1483 3890 Vffl).
1528 3812 1667 3871 Existimo

325 3904 425 3958 autem
448 3898 506 3957 huc
529 3907 559 3958 ct
580 3899 781 3980 Pythagoram
804 3909 974 3980 respexisse,
998 3905 1068 3964 dum
1086 3903 1172 3982 jubet
1188 3921 1254 3962 curn
1269 3919 1373 3964 aurore
1391 3907 1551 3981 surgentes,
1576 3901 1672 3975 prius-

326 4003 415 4064 quam
438 3987 534 4066 operis
557 3987 670 4065 aliquid
692 3991 911 4068 aggrediamur,
942 3997 1053 4055 musica
1075 3995 1117 4052 uti
1141 4000 1287 4068 cantuque
1315 3991 1379 4048 miti
1401 3995 1431 4047 et
1453 3989 1553 4058 suani,
1578 3993 1623 4055 ιι,
1645 3983 1668 4040 si

326 4091 403 4180 quse
426 4073 456 4132 in
479 4075 583 4134 animis
607 4079 854 4140 exsuscitandbus
877 4099 893 4140 e
916 4097 1018 4142 somno
1041 4081 1158 4143 residua
1180 4081 1317 4140 meuserit
1331 4077 1518 4145 turbulentia,
1542 4091 1578 4134 ea
1594 4073 1668 4150 prius

327 4164 523 4222 insincerum
548 4163 679 4224 ordinem
710 4171 739 4226 ιι
760 4169 1000 4244 tranquillitatem
1029 4168 1180 4241 traducta,
1213 4167 1288 4227 bene
1311 4164 1519 4241 contemperati
1550 4169 1580 4221 et
1601 4175 1669 4218 eon·

328 4251 393 4310 soni
416 4249 509 4310 ιιιιιι
533 4251 695 4311 eiiiciautur
717 4255 755 4314 ad
773 4255 925 4316 diuturnas
947 4259 1086 4316 actiones.
1133 4253 1245 4332 Opiuor
1267 4261 1363 4314 autern
1387 4253 1474 4310 etiarn
1497 4250 1572 4323 hoc,
1595 4243 1668 4322 quod

330 4335 401 4396 deos
429 4353 495 4400 cum
517 4342 630 4400 musica
651 4343 823 4403 invocamus
852 4353 881 4405 ιι
904 4353 1007 4416 cautu,
1038 4360 1078 4403 se.
1102 4343 1275 4420 hymnorum
1298 4339 1414 4417 (organi
1445 4337 1552 4413 genus)
1584 4345 1612 4394 et
1633 4334 1668 4389 ti-

290 4455 292 4466 =
330 4425 443 4488 biarum
465 4437 495 4489 et
516 4428 727 4506 triangulorum
752 4433 978 4511 Aegyptiorum,
1003 4433 1074 4491 satis
1097 4429 1239 4502 iudicare,
1267 4425 1346 4506 quod
1368 4440 1587 4504 praesumemus
1609 4421 1669 4479 ani·

331 4513 401 4589 mis,
423 4517 503 4596 ipsos
528 4535 593 4579 cum
615 4522 679 4579 miti
702 4528 731 4581 ιι
753 4520 899 4581 benevola
921 4517 1144 4580 mausuetudine
1165 4533 1267 4597 preces
1288 4523 1403 4574 nostras
1425 4518 1605 4589 accepturos.

418 4624 529 4682 Notai.
564 4629 644 4683 Duo
645 4636 709 4685 suut
726 4629 821 4699 capitis
839 4629 968 4698 membra,
986 4627 1076 4698 specie
1094 4628 1121 4682 iu
1123 4633 1166 4682 ter
1183 4641 1213 4682 se
1231 4631 1361 4695 cognata,
1379 4637 1409 4678 re
1426 4621 1486 4692 ipsa
1503 4627 1531 4675 ιι
1548 4619 1669 4686 respectu

333 4707 502 4764 harmonicen
519 4709 664 4777 plurimum
681 4709 741 4766 ab'
733 4710 847 4765 ιιιιιιιιι
866 4709 987 4765 diremta
1020 4709 1100 4763 Prior
1117 4707 1187 4762 enim
1199 4721 1262 4776 pars
1273 4703 1341 4760 nibil
1360 4703 1431 4758 ultra
1442 4699 1592 4756 institutam
1605 4707 1670 4751 com-

334 4787 482 4862 parationis
506 4779 714 4847 concinnitatem
731 4789 827 4860 ιιιιιιις
853 4790 988 4862 posterior
1012 4789 1048 4845 de
1064 4794 1140 4843 motu
1158 4785 1308 4844 animorum
1330 4781 1369 4840 ita
1386 4779 1515 4839 cohaeret
1538 4773 1668 4834 ιιιιιιιιιι
