3676 5536
285 305 345 416 las
817 346 858 402 De
878 343 1100 415 Propertiouihus

281 525 447 589 Aristotelis
460 533 590 604 tempere
605 527 648 586 sic
662 533 848 585 numerarunt
868 523 1009 585 chordas:
1033 524 1153 602 hypate,
1176 523 1349 602 parhypate,
1372 523 1515 598 liehanos,
1539 531 1627 598 mese,

279 631 445 695 paramese,
476 617 557 688 trite,
589 619 743 692 paranete,
766 619 843 672 nete.
887 612 1022 690 Hypatae
1046 630 1103 673 vox
1125 619 1187 672 erat
1208 615 1395 687 gravissima,
1426 612 1562 688 dietaque
1584 614 1627 670 sic

282 721 347 766 esse
371 701 484 763 videtur
514 720 532 763 a
554 704 612 762 situ
635 717 689 760 sue
718 702 748 759 in
771 701 961 760 instrumento
983 706 1081 773 tense,
1112 717 1178 759 eum
1207 698 1246 758 ad
1266 699 1427 760 ludendum
1449 699 1628 778 applicatur;

281 789 405 852 eundem
427 790 612 850 animalium
635 785 794 849 hbdiedum
817 789 931 848 obtinet
951 791 980 846 iu
1004 788 1098 864 chely,
1122 785 1255 864 pandura
1277 794 1306 847 et
1321 788 1450 866 cythara.
1497 787 1628 863 Cumque

280 877 403 940 afirmat
435 877 624 950 Aristoteles,
653 877 727 936 inter
753 876 883 953 hypaten
914 881 943 935 et
973 875 1154 953 parhypaten
1187 874 1351 935 interfuisse
1379 875 1472 936 diesin
1495 873 1562 954 (hoe
1585 883 1630 934 est

280 965 463 1025 Platonicum
495 965 694 1038 semitonium,
726 965 791 1039 qui,
824 962 938 1028 duobus
971 965 1048 1022 tonis
1076 962 1236 1038 majoribus
1258 962 1366 1040 ablatis
1396 962 1628 1036 adiatessaron‚
1663 963 1673 982 ”

280 1053 461 1129 relinquebat
484 1047 597 1132 ΝΛΜ,
631 1050 710 1126 qued
732 1049 894 1128 appellarit
922 1046 1039 1125 diesin),
1072 1066 1141 1126 erge
1169 1049 1277 1127 hypate
1306 1049 1408 1110 eadem
1430 1059 1507 1122 erat,
1541 1068 1630 1126 quem

280 1143 431 1216 signamus
451 1139 536 1198 litera
559 1139 596 1212 A,
619 1137 790 1215 perhypate,
814 1155 903 1213 quam
925 1137 1049 1196 literah
1078 1139 1184 1213 signat.
1232 1137 1309 1212 Ergo
1330 1137 1462 1197 lichenes
1485 1136 1514 1218 (a
1536 1136 1630 1212 digito

280 1228 375 1288 indice
396 1228 440 1287 sie
461 1221 551 1306 dieta)
573 1231 617 1286 est
640 1244 663 1297 c,
687 1242 858 1285 messuere
881 1231 926 1286 est
947 1224 976 1298 d,
1000 1223 1136 1301 dictaque
1160 1230 1205 1284 est
1227 1224 1283 1283 hoe
1304 1227 1430 1300 nominc,
1454 1225 1533 1300 quod
1556 1227 1631 1286 inter

280 1322 393 1393 septem
415 1321 477 1374 erat
498 1311 610 1386 media,
640 1329 699 1389 que
721 1321 851 1389 tempore
879 1320 993 1390 septem
1015 1311 1097 1372 solae
1119 1319 1202 1371 erant
1225 1311 1349 1372 chordae
1379 1313 1409 1369 in
1432 1313 1571 1389 psalterio
1601 1320 1631 1374 ct

280 1418 332 1479 pro
355 1408 461 1462 octava
482 1401 655 1478 pulsabatur
676 1402 778 1476 prima.
822 1400 979 1460 Paramese
1001 1399 1092 1459 hebet
1118 1399 1232 1459 literam
1253 1399 1292 1476 dp
1317 1399 1364 1460 rel
1385 1419 1415 1474 c;
1444 1399 1521 1460 hanc
1543 1405 1631 1460 retu·

240 1487 242 1490 ’
280 1491 384 1550 stiores
407 1490 596 1564 omittebant3
626 1489 692 1548 trite
713 1486 828 1548 literam
849 1488 879 1565 ἡ
911 1486 990 1547 dicta
1012 1489 1136 1562 siccat,
1166 1484 1245 1563 quod
1267 1494 1345 1546 esset
1367 1488 1453 1546 tertia
1476 1490 1506 1546 in
1529 1487 1630 1548 ordine

280 1577 318 1636 ah
340 1581 441 1652 acuto,
469 1578 544 1636 sieut
565 1591 619 1635 noa
642 1579 756 1634 sextam
785 1575 909 1636 dicimus
940 1575 1064 1650 agrevi
1086 1577 1124 1634 A.
1170 1573 1314 1634 Peranete
1336 1577 1467 1651 signatur
1493 1575 1579 1635 litera
1600 1595 1628 1652 9.

280 1664 318 1724 Et
339 1672 421 1740 nete,
445 1665 531 1739 quasi
553 1679 628 1738 quae
651 1661 754 1722 ultima
775 1669 912 1738 tangatur
934 1680 953 1722 a
974 1661 1085 1740 plectro
1109 1661 1244 1722 deorsum
1273 1669 1380 1736 tracto,
1404 1662 1479 1722 redit
1501 1661 1538 1724 ad
1560 1663 1631 1724 lite·

279 1769 342 1811 ram
363 1770 392 1811 a.
438 1749 597 1810 Confirmat
625 1749 700 1809 hanc
728 1749 959 1810 distributionem
990 1755 1020 1810 et
1049 1749 1119 1823 hee,
1151 1748 1230 1825 quod
1263 1751 1337 1810 inter
1358 1757 1445 1810 ueteu
1474 1757 1504 1810 et
1530 1767 1631 1810 mesen

282 1837 419 1914 diapente
441 1838 604 1898 interfuisse
627 1836 739 1897 dicitur.

367 1924 440 1984 Tale
469 1933 568 1984 autem
594 1931 725 2001 systema
750 1922 935 1984 chordarum.
951 1930 1017 1983 ceto
1046 1940 1105 1983 uon
1132 1930 1248 2001 peterat
1273 1921 1357 1982 aliter
1390 1925 1504 2000 utrique
1528 1926 1631 2000 generi

281 2017 384 2072 cantu's
407 2015 555 2087 inservire,
578 2013 635 2071 nisi
658 2011 705 2070 rel
729 2018 809 2071 tactu
830 2010 915 2088 digiti
938 2011 1177 2071 abbreviarentur
1198 2010 1361 2087 parhypate
1384 2011 1401 2070 b
1422 2017 1456 2070 'et
1476 2028 1631 2087 paramese

281 2099 329 2176 dp,
353 2106 385 2159 ut
406 2097 507 2158 fierent
529 2099 562 2181 h,
590 2117 623 2172 c,
647 2098 696 2160 vel
719 2098 869 2159 verticillis
891 2099 1108 2158 intenderentur
1130 2100 1160 2156 ln
1183 2096 1270 2166 duro,
1301 2106 1351 2156 eut
1366 2101 1578 2158 remitterentur
1603 2102 1632 2156 in

279 2186 362 2245 melli
383 2195 479 2246 cantu.
525 2187 563 2246 Et
584 2186 640 2246 hac
663 2189 817 2246 occasione
839 2193 910 2247 uate
932 2193 977 2246 est
999 2184 1147 2245 distinctio
1170 2184 1386 2261 phthongorum
1409 2185 1581 2264 instabiles
1605 2195 1637 2247 et

280 2273 412 2347 mobiles,
436 2276 557 2352 ipsaque
580 2274 740 2350 appellatio
763 2280 918 2342 dreoema‘e
940 2273 1113 2332 remissione
1136 2271 1309 2332 chordarum
1332 2274 1492 2336 mobilium.

366 2361 399 2420 ln
422 2364 631 2438 compositione
651 2361 779 2438 plurium
802 2367 994 2439 systematum
1016 2359 1158 2436 diapason
1181 2362 1255 2420 ratio
1281 2369 1409 2420 ueterum
1434 2361 1490 2420 luit
1511 2363 1633 2421 intrica-

281 2449 351 2524 tlcr3
383 2448 455 2508 illud
478 2458 574 2510 tamen
599 2447 830 2522 observandum,
857 2447 936 2526 quod
959 2455 1159 2508 assumserunt
1183 2465 1272 2506 uuam
1294 2450 1463 2520 praviorem
1486 2450 1551 2525 ipsa
1574 2449 1634 2526 hy·

281 2542 368 2612 pate,
400 2553 475 2612 quae
507 2538 544 2596 ab
575 2534 632 2595 hee
654 2538 719 2612 ipse
748 2536 1057 2612 proslambanomenos
1086 2541 1132 2596 est
1159 2535 1248 2594 dicte.
1292 2534 1389 2612 Hujus
1411 2538 1454 2595 rei
1475 2538 1634 2610 vestigium

281 2625 414 2708 superest
434 2625 463 2680 in
486 2622 567 2683 scala
588 2624 708 2698 musica,
734 2640 822 2698 quam
844 2621 977 2684 ediscunt
998 2625 1089 2682 nestri
1110 2624 1202 2700 pueri,
1227 2639 1303 2698 quae
1322 2625 1446 2682 assumit
1467 2623 1542 2684 inira
1563 2622 1634 2684 lite-

280 2726 342 2768 ram
364 2709 484 2769 latinam
507 2712 535 2769 A
557 2709 701 2785 aliquam,
736 2727 811 2786 quae
842 2709 987 2787 significat
1015 2727 1119 2769 sonum
1141 2711 1320 2785 grauiorem,
1351 2728 1418 2770 eum
1440 2713 1519 2771 enim
1550 2721 1634 2772 extra

193 2851 195 2858 ,
283 2796 413 2856 ordinem
435 2799 532 2873 signat
554 2813 661 2872 graeca
681 2797 768 2859 litera
791 2801 819 2860 Γ
820 2817 829 2873 3
851 2801 894 2858 sic
916 2801 992 2858 enim
1015 2799 1116 2875 incipit
1137 2797 1234 2859 scalae
1261 2795 1425 2871 damnarat,
1449 2800 1509 2858 Are
1533 2807 1589 2859 etc.

368 2883 451 2944 Haec
473 2884 510 2945 de
532 2885 698 2944 nominibus
720 2884 892 2946 chordarum
915 2886 1063 2946 veteribus
1086 2885 1212 2946 suificiat
1227 2887 1358 2962 tetigisse
1373 2885 1430 2946 hec
1445 2886 1520 2946 lece.
1557 2886 1633 2946 Nem

281 2970 356 3029 inire
379 2974 474 3048 capite
500 2975 548 3030 ll.
573 2987 673 3032 omnes
697 2972 822 3033 chordae
849 2973 886 3032 15
911 2976 1078 3051 systematis
1102 2974 1255 3050 compositi
1272 2973 1494 3049 explicabuntur
1509 2976 1634 3034 vocibus

282 3059 426 3134 audonis,
449 3057 502 3118 sed
525 3061 717 3134 posteriorum
739 3062 924 3120 musicorum.

368 3144 437 3206 dam
471 3146 588 3206 tandem
619 3145 657 3206 ad
684 3151 819 3207 nostrum'
843 3155 975 3224 systema
1008 3144 1140 3206 naturale
1173 3147 1259 3206 unius
1287 3154 1410 3208 octavae
1446 3147 1633 3224 accedamus,

281 3233 366 3310 eique
388 3232 487 3294 literas
509 3233 690 3310 applicemus
713 3251 750 3294 ex
771 3237 884 3296 musica
905 3237 1023 3294 usitata.

224 3397 227 3402 Ι
366 3319 472 3381 Statue
500 3323 590 3398 igitur
616 3325 785 3398 systematis
807 3323 895 3400 hujus
917 3321 1058 3383 naturalis
1087 3327 1116 3381 at
1138 3319 1358 3382 demonstrativi
1392 3337 1494 3382 rocem
1515 3326 1633 3400 grauis·

280 3409 384 3468 simam
407 3426 471 3469 eam
493 3425 573 3482 esse,
601 3427 689 3486 quam
712 3418 826 3471 veteres
854 3408 1181 3486 proslambanomenon,
1205 3408 1286 3470 scala
1313 3409 1459 3470 musicalis
1486 3408 1635 3470 Gammat

280 3495 356 3556 soler
377 3495 540 3573 appellare,
568 3499 596 3556 el
624 3499 759 3557 nimbum
792 3497 974 3558 tribuendam
1004 3497 1118 3556 literam
1143 3494 1179 3556 G.
1224 3496 1338 3556 Causae
1369 3496 1425 3557 hae
1448 3506 1531 3572 sunt,
1563 3501 1642 3576 quia,

281 3601 378 3656 voces,
402 3585 577 3645 constitutae
599 3603 651 3660 per
673 3585 1020 3659 sectionesharmonicas,
1044 3585 1118 3644 inira
1140 3582 1257 3660 quidem
1282 3591 1417 3644 aeteram
1442 3584 1512 3645 talia
1535 3585 1634 3645 deter-

280 3673 392 3731 minant
407 3671 568 3732 intervalla
591 3689 656 3731 cum
679 3689 752 3734 voce
776 3672 901 3734 chordae
924 3675 1022 3746 totius,
1046 3670 1146 3746 qualia
1167 3673 1271 3736 musici
1294 3671 1437 3733 ordinarie
1453 3677 1635 3734 constituunt

281 3761 356 3818 inter
381 3755 457 3819 Get
479 3760 513 3832 h,
537 3757 569 3839 h,
593 3777 624 3834 c,
647 3759 679 3835 d,
702 3761 757 3837 dp,
779 3778 803 3821 c.
962 3755 965 3763 '
1352 3748 1359 3766 ¹

366 3845 481 3906 Dixerit
504 3845 628 3922 aliquis,
656 3846 759 3908 eadem
780 3847 937 3908 intervalla
959 3844 1084 3922 intelligi
1104 3863 1193 3923 posse
1217 3848 1290 3906 inter
1311 3847 1344 3905 D
1367 3853 1397 3907 et
1420 3845 1461 3920 F,
1494 3845 1559 3924 Fe,
1597 3845 1632 3921 G,

280 3935 317 4005 A,
340 3933 367 4006 h,
390 3930 417 4016 ly,
440 3935 484 3992 sic
506 3935 595 3994 etiam
617 3936 691 3993 inter
713 3952 729 3994 c
751 3941 780 3995 et
802 3937 850 4011 dp,
874 3955 897 4009 c,
919 3936 942 4013 f,
965 3954 1000 4010 9,
1022 3953 1076 4010 pp,
1100 3953 1129 3992 e.
1175 3933 1236 3993 Nec
1259 3933 1385 3994 diffiteor
1407 3952 1478 4012 ego,
1502 3938 1633 3995 musicos

281 4023 435 4096 organicos
455 4020 555 4081 literas
577 4021 632 4081 has
654 4038 792 4098 usurpare
814 4020 1005 4098 generaliter.
1020 4037 1072 4080 nec
1095 4019 1272 4096 distinguere
1300 4025 1330 4080 iu
1359 4023 1396 4080 iis
1426 4029 1512 4081 tonos
1536 4024 1638 4100 majo··

280 4125 341 4168 rem
370 4115 399 4168 et
428 4111 577 4168 minorem.
622 4107 697 4167 llam
727 4108 797 4185 quid
826 4109 893 4170 illos
923 4107 1065 4185 impediet
1095 4127 1113 4166 a
1139 4107 1166 4169 G
1188 4110 1261 4168 ind
1290 4117 1479 4186 haneponere
1504 4119 1630 4185 emtum,

282 4195 331 4270 qui
353 4197 384 4252 in
406 4199 523 4271 organis
545 4197 606 4255 suis
628 4201 714 4255 tonos
738 4195 820 4270 dues,
843 4187 1473 4279 majerem3i9etminercmi‘10.conflatos
1497 4199 1526 4256 irr
1542 4215 1632 4257 uuum

283 4281 468 4342 intervallum
498 4279 554 4362 415,
586 4290 692 4359 postea
720 4285 852 4361 praecise
874 4284 1005 4343 hisecant
1026 4285 1056 4340 in
1080 4282 1154 4344 duos
1179 4291 1266 4344 tonos
1295 4285 1431 4359 rrsuales,
1464 4287 1538 4344 iuter
1568 4302 1632 4347 sese

282 4367 445 4443 aequales?
490 4371 552 4429 hesi
582 4363 748 4430 'accuratior
770 4377 815 4430 est
843 4373 872 4428 in
896 4371 952 4430 h'ae
980 4375 1247 4449 contemperatione
1270 4369 1433 4433 Galilaeae.
1477 4373 1539 4432 Nos
1562 4391 1631 4433 vero

282 4461 448 4530 spectamus
470 4455 599 4518 hicnon
622 4454 759 4536 dispares
781 4459 997 4536 empiricorum,
1027 4458 1079 4519 sed
1101 4467 1222 4521 naturae
1246 4457 1412 4540 depellere-r,
1442 4477 1531 4536 quare
1564 4463 1636 4521 imis

283 4541 338 4601 tari
368 4539 434 4602 illos
464 4561 521 4602 nen
552 4561 717 4622 possumus.
763 4545 800 4606 lit
830 4547 944 4607 literam
976 4547 1092 4623 quidem
1115 4565 1144 4622 c,
1176 4550 1331 4624 quominus
1362 4549 1400 4607 eb
1423 4548 1475 4607 illa
1502 4557 1632 4626 systema

283 4635 407 4689 cumeae
435 4631 569 4692 naturale
599 4639 772 4712 consurgat,
806 4634 855 4696 vel
885 4635 941 4711 ipsi
970 4636 1129 4711 abjecerint
1156 4635 1213 4695 hoe
1245 4644 1435 4711 argumente:
1466 4653 1534 4694 nam
1556 4638 1632 4696 inter

282 4717 411 4791 ipserum
431 4735 480 4794 op,
504 4737 525 4777 o
546 4726 591 4778 cst
612 4722 806 4797 semitonium,
830 4731 860 4782 et
882 4722 938 4782 hoe
959 4722 1154 4784 interuallum¹
1169 4729 1213 4782 est
1235 4721 1300 4782 loce
1316 4726 1439 4799 quinto,
1453 4725 1523 4799 quia
1545 4743 1566 4781 c
1586 4731 1633 4782 eat

284 4815 366 4898 scuta
388 4823 406 4866 a
428 4821 452 4877 a
499 4805 539 4869 lit
561 4809 590 4866 iu
612 4815 772 4898 systemate
796 4811 922 4872 naturali
945 4818 1013 4882 aute
1035 4818 1148 4875 sextam
1170 4811 1255 4872 nohis
1277 4809 1351 4872 diesi
1375 4827 1450 4892 opus
1464 4817 1516 4872 est
1556 4810 1632 4874 llis·
