<?xml version="1.0" encoding="UTF-8"?>
<!DOCTYPE html PUBLIC "-//W3C//DTD XHTML 1.0 Transitional//EN"
    "http://www.w3.org/TR/xhtml1/DTD/xhtml1-transitional.dtd">
<html xmlns="http://www.w3.org/1999/xhtml" xml:lang="en" lang="en">
 <head>
  <title>
</title>
<meta http-equiv="Content-Type" content="text/html;charset=utf-8" />
  <meta name='ocr-system' content='tesseract 3.04.00' />
  <meta name='ocr-capabilities' content='ocr_page ocr_carea ocr_par ocr_line ocrx_word'/>
</head>
<body>
  <div class='ocr_page' id='page_1' title='image "./joanniskepleria26frisgoog_0104.png"; bbox 0 0 3564 5540; ppageno 0'>
   <div class='ocr_carea' id='block_1_1' title="bbox 725 335 1466 447">
    <p class='ocr_par' dir='ltr' id='par_1_1' title="bbox 725 335 1466 447">
     <span class='ocr_line' id='line_1_1' title="bbox 725 335 1466 447; baseline 0.013 -10"><span class='ocrx_word' id='word_1_1' title='bbox 725 335 873 440; x_wconf 72' lang='lat' dir='ltr'><strong>Dedicatio.</strong></span> <span class='ocrx_word' id='word_1_2' title='bbox 1427 386 1466 447; x_wconf 79' lang='lat' dir='ltr'><strong>te</strong></span> 
     </span>
    </p>
   </div>
   <div class='ocr_carea' id='block_1_2' title="bbox 124 557 1470 991">
    <p class='ocr_par' dir='ltr' id='par_1_2' title="bbox 124 557 1470 991">
     <span class='ocr_line' id='line_1_2' title="bbox 127 557 1468 638; baseline 0.003 -20"><span class='ocrx_word' id='word_1_3' title='bbox 127 557 294 636; x_wconf 84' lang='lat' dir='ltr'><strong>exemplum</strong></span> <span class='ocrx_word' id='word_1_4' title='bbox 317 557 458 638; x_wconf 72' lang='lat' dir='ltr'><strong>revenar)</strong></span> <span class='ocrx_word' id='word_1_5' title='bbox 488 561 519 620; x_wconf 90' lang='lat' dir='ltr'><strong>iu</strong></span> <span class='ocrx_word' id='word_1_6' title='bbox 548 572 657 624; x_wconf 89' lang='lat' dir='ltr'><strong>meram</strong></span> <span class='ocrx_word' id='word_1_7' title='bbox 686 567 715 624; x_wconf 88' lang='lat' dir='ltr'><strong>et</strong></span> <span class='ocrx_word' id='word_1_8' title='bbox 743 561 906 624; x_wconf 80' lang='lat' dir='ltr'>durabilem</span> <span class='ocrx_word' id='word_1_9' title='bbox 932 561 1110 624; x_wconf 74' lang='lat' dir='ltr'><strong>harmoniam</strong></span> <span class='ocrx_word' id='word_1_10' title='bbox 1132 563 1307 623; x_wconf 76' lang='lat' dir='ltr'>terminetur.</span> <span class='ocrx_word' id='word_1_11' title='bbox 1351 559 1417 638; x_wconf 83' lang='lat' dir='ltr'><strong>Qua</strong></span> <span class='ocrx_word' id='word_1_12' title='bbox 1438 561 1468 622; x_wconf 94' lang='lat' dir='ltr'><strong>iu</strong></span> 
     </span>
     <span class='ocr_line' id='line_1_3' title="bbox 125 641 1467 728; baseline 0.002 -23"><span class='ocrx_word' id='word_1_13' title='bbox 125 663 176 724; x_wconf 87' lang='lat' dir='ltr'><strong>spe</strong></span> <span class='ocrx_word' id='word_1_14' title='bbox 198 647 290 706; x_wconf 86' lang='lat' dir='ltr'><strong>etiam</strong></span> <span class='ocrx_word' id='word_1_15' title='bbox 316 656 418 709; x_wconf 89' lang='lat' dir='ltr'><strong>contra</strong></span> <span class='ocrx_word' id='word_1_16' title='bbox 438 665 519 727; x_wconf 88' lang='lat' dir='ltr'><strong>spem</strong></span> <span class='ocrx_word' id='word_1_17' title='bbox 542 648 692 710; x_wconf 84' lang='lat' dir='ltr'><strong>confirmor</strong></span> <span class='ocrx_word' id='word_1_18' title='bbox 712 665 772 710; x_wconf 87' lang='lat' dir='ltr'><strong>uon</strong></span> <span class='ocrx_word' id='word_1_19' title='bbox 793 658 907 710; x_wconf 86' lang='lat' dir='ltr'><strong>tautum</strong></span> <span class='ocrx_word' id='word_1_20' title='bbox 927 641 1065 711; x_wconf 85' lang='lat' dir='ltr'><strong>successu</strong></span> <span class='ocrx_word' id='word_1_21' title='bbox 1085 667 1212 710; x_wconf 88' lang='lat' dir='ltr'><strong>mearum</strong></span> <span class='ocrx_word' id='word_1_22' title='bbox 1236 647 1467 728; x_wconf 75' lang='lat' dir='ltr'><strong>speculationum</strong></span> 
     </span>
     <span class='ocr_line' id='line_1_4' title="bbox 125 733 1467 820; baseline 0.004 -29"><span class='ocrx_word' id='word_1_23' title='bbox 125 733 379 820; x_wconf 81' lang='lat' dir='ltr'><strong>harmonicasurp,</strong></span> <span class='ocrx_word' id='word_1_24' title='bbox 410 742 442 795; x_wconf 93' lang='lat' dir='ltr'><strong>ut</strong></span> <span class='ocrx_word' id='word_1_25' title='bbox 469 735 552 812; x_wconf 87' lang='lat' dir='ltr'><strong>cujus</strong></span> <span class='ocrx_word' id='word_1_26' title='bbox 579 736 703 798; x_wconf 78' lang='lat' dir='ltr'><strong>felicitas</strong></span> <span class='ocrx_word' id='word_1_27' title='bbox 731 735 885 799; x_wconf 76' lang='lat' dir='ltr'><strong>audaciam</strong></span> <span class='ocrx_word' id='word_1_28' title='bbox 906 739 935 796; x_wconf 89' lang='lat' dir='ltr'><strong>iu</strong></span> <span class='ocrx_word' id='word_1_29' title='bbox 960 737 1122 814; x_wconf 87' lang='lat' dir='ltr'><strong>quaerendo</strong></span> <span class='ocrx_word' id='word_1_30' title='bbox 1144 737 1312 816; x_wconf 77' lang='lat' dir='ltr'><strong>longissime</strong></span> <span class='ocrx_word' id='word_1_31' title='bbox 1335 743 1467 816; x_wconf 86' lang='lat' dir='ltr'><strong>superat:</strong></span> 
     </span>
     <span class='ocr_line' id='line_1_5' title="bbox 124 821 1469 904; baseline 0.003 -25"><span class='ocrx_word' id='word_1_32' title='bbox 124 821 174 880; x_wconf 87' lang='lat' dir='ltr'><strong>sed</strong></span> <span class='ocrx_word' id='word_1_33' title='bbox 197 822 291 882; x_wconf 89' lang='lat' dir='ltr'><strong>etiam</strong></span> <span class='ocrx_word' id='word_1_34' title='bbox 315 823 374 884; x_wconf 92' lang='lat' dir='ltr'><strong>boc</strong></span> <span class='ocrx_word' id='word_1_35' title='bbox 395 823 470 904; x_wconf 86' lang='lat' dir='ltr'><strong>ipso,</strong></span> <span class='ocrx_word' id='word_1_36' title='bbox 492 824 570 900; x_wconf 86' lang='lat' dir='ltr'><strong>quod</strong></span> <span class='ocrx_word' id='word_1_37' title='bbox 585 826 657 884; x_wconf 86' lang='lat' dir='ltr'><strong>inter</strong></span> <span class='ocrx_word' id='word_1_38' title='bbox 672 831 777 897; x_wconf 90' lang='lat' dir='ltr'><strong>cetera,</strong></span> <span class='ocrx_word' id='word_1_39' title='bbox 800 841 886 904; x_wconf 88' lang='lat' dir='ltr'><strong>quae,</strong></span> <span class='ocrx_word' id='word_1_40' title='bbox 908 824 945 884; x_wconf 92' lang='lat' dir='ltr'><strong>ad</strong></span> <span class='ocrx_word' id='word_1_41' title='bbox 968 825 1063 904; x_wconf 87' lang='lat' dir='ltr'><strong>operis</strong></span> <span class='ocrx_word' id='word_1_42' title='bbox 1079 824 1283 903; x_wconf 85' lang='lat' dir='ltr'><strong>perlectionem</strong></span> <span class='ocrx_word' id='word_1_43' title='bbox 1297 827 1469 900; x_wconf 88' lang='lat' dir='ltr'><strong>necessaria,</strong></span> 
     </span>
     <span class='ocr_line' id='line_1_6' title="bbox 124 909 1470 991; baseline 0.004 -25"><span class='ocrx_word' id='word_1_44' title='bbox 124 923 173 985; x_wconf 88' lang='lat' dir='ltr'><strong>per</strong></span> <span class='ocrx_word' id='word_1_45' title='bbox 194 916 240 968; x_wconf 90' lang='lat' dir='ltr'><strong>tot</strong></span> <span class='ocrx_word' id='word_1_46' title='bbox 258 909 328 985; x_wconf 86' lang='lat' dir='ltr'><strong>jam</strong></span> <span class='ocrx_word' id='word_1_47' title='bbox 351 928 443 972; x_wconf 89' lang='lat' dir='ltr'><strong>annos</strong></span> <span class='ocrx_word' id='word_1_48' title='bbox 461 911 580 971; x_wconf 83' lang='lat' dir='ltr'><strong>luerunt</strong></span> <span class='ocrx_word' id='word_1_49' title='bbox 601 912 666 972; x_wconf 91' lang='lat' dir='ltr'><strong>loco</strong></span> <span class='ocrx_word' id='word_1_50' title='bbox 689 914 819 991; x_wconf 90' lang='lat' dir='ltr'><strong>pristino,</strong></span> <span class='ocrx_word' id='word_1_51' title='bbox 843 912 1029 989; x_wconf 87' lang='lat' dir='ltr'><strong>Majeststem</strong></span> <span class='ocrx_word' id='word_1_52' title='bbox 1050 914 1138 972; x_wconf 88' lang='lat' dir='ltr'><strong>etiam</strong></span> <span class='ocrx_word' id='word_1_53' title='bbox 1152 911 1246 972; x_wconf 83' lang='lat' dir='ltr'><strong>Tuam</strong></span> <span class='ocrx_word' id='word_1_54' title='bbox 1267 912 1399 990; x_wconf 77' lang='lat' dir='ltr'><strong>Regiam,</strong></span> <span class='ocrx_word' id='word_1_55' title='bbox 1422 913 1470 972; x_wconf 91' lang='lat' dir='ltr'><strong>cui</strong></span> 
     </span>
    </p>
   </div>
   <div class='ocr_carea' id='block_1_3' title="bbox 123 997 1580 1081">
    <p class='ocr_par' dir='ltr' id='par_1_3' title="bbox 123 997 1580 1081">
     <span class='ocr_line' id='line_1_7' title="bbox 123 997 1580 1081; baseline 0.001 -25"><span class='ocrx_word' id='word_1_56' title='bbox 123 997 323 1073; x_wconf 77' lang='lat' dir='ltr'><strong>patrocinium</strong></span> <span class='ocrx_word' id='word_1_57' title='bbox 348 1001 458 1077; x_wconf 88' lang='lat' dir='ltr'><strong>operis,</strong></span> <span class='ocrx_word' id='word_1_58' title='bbox 489 1006 646 1076; x_wconf 83' lang='lat' dir='ltr'><strong>autequam</strong></span> <span class='ocrx_word' id='word_1_59' title='bbox 668 1001 856 1081; x_wconf 77' lang='lat' dir='ltr'><strong>inciperetur,</strong></span> <span class='ocrx_word' id='word_1_60' title='bbox 879 999 1101 1077; x_wconf 77' lang='lat' dir='ltr'><strong>destinaveram,</strong></span> <span class='ocrx_word' id='word_1_61' title='bbox 1123 999 1273 1076; x_wconf 90' lang='lat' dir='ltr'><strong>bucusque</strong></span> <span class='ocrx_word' id='word_1_62' title='bbox 1297 998 1468 1060; x_wconf 90' lang='lat' dir='ltr'><strong>ineolumem</strong></span> <span class='ocrx_word' id='word_1_63' title='bbox 1578 1065 1580 1076; x_wconf 35' lang='grc' dir='ltr'>Ι</span> 
     </span>
    </p>
   </div>
   <div class='ocr_carea' id='block_1_4' title="bbox 118 1082 1471 2122">
    <p class='ocr_par' dir='ltr' id='par_1_4' title="bbox 122 1082 1470 1323">
     <span class='ocr_line' id='line_1_8' title="bbox 123 1082 1470 1163; baseline 0.004 -22"><span class='ocrx_word' id='word_1_64' title='bbox 123 1089 151 1142; x_wconf 91' lang='lat' dir='ltr'><strong>st</strong></span> <span class='ocrx_word' id='word_1_65' title='bbox 172 1082 334 1146; x_wconf 90' lang='lat' dir='ltr'><strong>florentem</strong></span> <span class='ocrx_word' id='word_1_66' title='bbox 348 1085 425 1145; x_wconf 82' lang='lat' dir='ltr'><strong>vidi:</strong></span> <span class='ocrx_word' id='word_1_67' title='bbox 447 1103 500 1147; x_wconf 92' lang='lat' dir='ltr'><strong>uec</strong></span> <span class='ocrx_word' id='word_1_68' title='bbox 522 1086 653 1147; x_wconf 89' lang='lat' dir='ltr'><strong>desinam</strong></span> <span class='ocrx_word' id='word_1_69' title='bbox 675 1087 784 1163; x_wconf 82' lang='lat' dir='ltr'><strong>alico,</strong></span> <span class='ocrx_word' id='word_1_70' title='bbox 799 1087 885 1148; x_wconf 88' lang='lat' dir='ltr'><strong>Pacis</strong></span> <span class='ocrx_word' id='word_1_71' title='bbox 907 1093 937 1148; x_wconf 91' lang='lat' dir='ltr'><strong>et</strong></span> <span class='ocrx_word' id='word_1_72' title='bbox 951 1086 1130 1149; x_wconf 76' lang='lat' dir='ltr'><strong>Concordiae</strong></span> <span class='ocrx_word' id='word_1_73' title='bbox 1146 1093 1272 1161; x_wconf 84' lang='lat' dir='ltr'><strong>auctore,</strong></span> <span class='ocrx_word' id='word_1_74' title='bbox 1297 1084 1470 1148; x_wconf 87' lang='lat' dir='ltr'><strong>contendere</strong></span> 
     </span>
     <span class='ocr_line' id='line_1_9' title="bbox 123 1168 1469 1253; baseline 0.003 -23"><span class='ocrx_word' id='word_1_75' title='bbox 123 1168 237 1231; x_wconf 80' lang='lat' dir='ltr'><strong>devotis</strong></span> <span class='ocrx_word' id='word_1_76' title='bbox 261 1172 416 1252; x_wconf 84' lang='lat' dir='ltr'><strong>precibus,</strong></span> <span class='ocrx_word' id='word_1_77' title='bbox 448 1175 490 1234; x_wconf 90' lang='lat' dir='ltr'><strong>uti</strong></span> <span class='ocrx_word' id='word_1_78' title='bbox 519 1175 572 1234; x_wconf 92' lang='lat' dir='ltr'><strong>tibi</strong></span> <span class='ocrx_word' id='word_1_79' title='bbox 595 1181 624 1236; x_wconf 89' lang='lat' dir='ltr'><strong>et</strong></span> <span class='ocrx_word' id='word_1_80' title='bbox 648 1177 738 1236; x_wconf 84' lang='lat' dir='ltr'><strong>vitam</strong></span> <span class='ocrx_word' id='word_1_81' title='bbox 761 1183 789 1236; x_wconf 92' lang='lat' dir='ltr'><strong>et</strong></span> <span class='ocrx_word' id='word_1_82' title='bbox 811 1174 996 1253; x_wconf 76' lang='lat' dir='ltr'><strong>Maiestatem</strong></span> <span class='ocrx_word' id='word_1_83' title='bbox 1019 1174 1141 1251; x_wconf 79' lang='lat' dir='ltr'><strong>Regiam</strong></span> <span class='ocrx_word' id='word_1_84' title='bbox 1163 1190 1254 1250; x_wconf 90' lang='lat' dir='ltr'><strong>usque</strong></span> <span class='ocrx_word' id='word_1_85' title='bbox 1279 1174 1469 1253; x_wconf 87' lang='lat' dir='ltr'><strong>adoptatum</strong></span> 
     </span>
     <span class='ocr_line' id='line_1_10' title="bbox 122 1257 716 1323; baseline 0.008 -7"><span class='ocrx_word' id='word_1_86' title='bbox 122 1257 204 1318; x_wconf 92' lang='lat' dir='ltr'><strong>illum</strong></span> <span class='ocrx_word' id='word_1_87' title='bbox 227 1266 375 1320; x_wconf 85' lang='lat' dir='ltr'><strong>eventum</strong></span> <span class='ocrx_word' id='word_1_88' title='bbox 397 1261 571 1323; x_wconf 87' lang='lat' dir='ltr'><strong>incolumem</strong></span> <span class='ocrx_word' id='word_1_89' title='bbox 592 1268 716 1323; x_wconf 88' lang='lat' dir='ltr'><strong>tucatur.</strong></span> 
     </span>
    </p>

    <p class='ocr_par' dir='ltr' id='par_1_5' title="bbox 118 1345 1471 2122">
     <span class='ocr_line' id='line_1_11' title="bbox 204 1345 1470 1428; baseline 0.002 -24"><span class='ocrx_word' id='word_1_90' title='bbox 204 1345 336 1408; x_wconf 81' lang='lat' dir='ltr'><strong>Interim</strong></span> <span class='ocrx_word' id='word_1_91' title='bbox 357 1347 473 1426; x_wconf 86' lang='lat' dir='ltr'><strong>Majest.</strong></span> <span class='ocrx_word' id='word_1_92' title='bbox 496 1349 591 1410; x_wconf 85' lang='lat' dir='ltr'><strong>Tuam</strong></span> <span class='ocrx_word' id='word_1_93' title='bbox 616 1348 899 1411; x_wconf 85' lang='lat' dir='ltr'><strong>Reverendiasimam</strong></span> <span class='ocrx_word' id='word_1_94' title='bbox 928 1347 1051 1428; x_wconf 80' lang='lat' dir='ltr'><strong>supplex</strong></span> <span class='ocrx_word' id='word_1_95' title='bbox 1077 1365 1166 1428; x_wconf 79' lang='lat' dir='ltr'><strong>rogo,</strong></span> <span class='ocrx_word' id='word_1_96' title='bbox 1196 1356 1229 1407; x_wconf 91' lang='lat' dir='ltr'><strong>ut</strong></span> <span class='ocrx_word' id='word_1_97' title='bbox 1258 1354 1287 1408; x_wconf 91' lang='lat' dir='ltr'><strong>et</strong></span> <span class='ocrx_word' id='word_1_98' title='bbox 1314 1347 1370 1407; x_wconf 89' lang='lat' dir='ltr'><strong>hoc</strong></span> <span class='ocrx_word' id='word_1_99' title='bbox 1396 1362 1470 1424; x_wconf 90' lang='lat' dir='ltr'><strong>opus</strong></span> 
     </span>
     <span class='ocr_line' id='line_1_12' title="bbox 121 1432 1471 1517; baseline 0.001 -25"><span class='ocrx_word' id='word_1_100' title='bbox 121 1432 332 1514; x_wconf 71' lang='lat' dir='ltr'><strong>Harmoniam,</strong></span> <span class='ocrx_word' id='word_1_101' title='bbox 357 1435 472 1496; x_wconf 86' lang='lat' dir='ltr'><strong>Nemini</strong></span> <span class='ocrx_word' id='word_1_102' title='bbox 494 1454 548 1497; x_wconf 89' lang='lat' dir='ltr'><strong>suo</strong></span> <span class='ocrx_word' id='word_1_103' title='bbox 571 1434 745 1517; x_wconf 88' lang='lat' dir='ltr'><strong>dedicatum,</strong></span> <span class='ocrx_word' id='word_1_104' title='bbox 767 1454 869 1502; x_wconf 75' lang='lat' dir='ltr'><strong>sueno</strong></span> <span class='ocrx_word' id='word_1_105' title='bbox 893 1437 977 1498; x_wconf 85' lang='lat' dir='ltr'><strong>vultu</strong></span> <span class='ocrx_word' id='word_1_106' title='bbox 993 1436 1135 1514; x_wconf 90' lang='lat' dir='ltr'><strong>adspiciat</strong></span> <span class='ocrx_word' id='word_1_107' title='bbox 1158 1442 1187 1496; x_wconf 90' lang='lat' dir='ltr'><strong>et</strong></span> <span class='ocrx_word' id='word_1_108' title='bbox 1207 1436 1284 1495; x_wconf 90' lang='lat' dir='ltr'><strong>bano</strong></span> <span class='ocrx_word' id='word_1_109' title='bbox 1305 1435 1363 1493; x_wconf 91' lang='lat' dir='ltr'><strong>mei</strong></span> <span class='ocrx_word' id='word_1_110' title='bbox 1378 1433 1471 1494; x_wconf 82' lang='lat' dir='ltr'><strong>devo·</strong></span> 
     </span>
     <span class='ocr_line' id='line_1_13' title="bbox 121 1519 1470 1602; baseline 0 -23"><span class='ocrx_word' id='word_1_111' title='bbox 121 1521 224 1580; x_wconf 90' lang='lat' dir='ltr'><strong>tissimi</strong></span> <span class='ocrx_word' id='word_1_112' title='bbox 248 1522 379 1586; x_wconf 83' lang='lat' dir='ltr'><strong>affectus</strong></span> <span class='ocrx_word' id='word_1_113' title='bbox 412 1527 440 1582; x_wconf 87' lang='lat' dir='ltr'><strong>ia</strong></span> <span class='ocrx_word' id='word_1_114' title='bbox 465 1523 503 1585; x_wconf 88' lang='lat' dir='ltr'><strong>Se</strong></span> <span class='ocrx_word' id='word_1_115' title='bbox 525 1525 764 1601; x_wconf 80' lang='lat' dir='ltr'><strong>significationem</strong></span> <span class='ocrx_word' id='word_1_116' title='bbox 786 1525 1020 1602; x_wconf 85' lang='lat' dir='ltr'><strong>aequibonique</strong></span> <span class='ocrx_word' id='word_1_117' title='bbox 1049 1523 1200 1601; x_wconf 88' lang='lat' dir='ltr'><strong>consulat,</strong></span> <span class='ocrx_word' id='word_1_118' title='bbox 1228 1519 1470 1600; x_wconf 76' lang='lat' dir='ltr'><strong>contemplatione</strong></span> 
     </span>
     <span class='ocr_line' id='line_1_14' title="bbox 121 1607 1471 1690; baseline -0.003 -22"><span class='ocrx_word' id='word_1_119' title='bbox 121 1625 189 1669; x_wconf 80' lang='lat' dir='ltr'><strong>aero</strong></span> <span class='ocrx_word' id='word_1_120' title='bbox 212 1607 354 1688; x_wconf 88' lang='lat' dir='ltr'><strong>Operum</strong></span> <span class='ocrx_word' id='word_1_121' title='bbox 378 1612 433 1673; x_wconf 89' lang='lat' dir='ltr'><strong>Dei</strong></span> <span class='ocrx_word' id='word_1_122' title='bbox 454 1611 579 1690; x_wconf 59' lang='lat' dir='ltr'><strong>&amp;mum</strong></span> <span class='ocrx_word' id='word_1_123' title='bbox 609 1611 734 1675; x_wconf 87' lang='lat' dir='ltr'><strong>oblectet</strong></span> <span class='ocrx_word' id='word_1_124' title='bbox 762 1613 904 1688; x_wconf 90' lang='lat' dir='ltr'><strong>animum,</strong></span> <span class='ocrx_word' id='word_1_125' title='bbox 934 1618 1074 1690; x_wconf 87' lang='lat' dir='ltr'><strong>quantum</strong></span> <span class='ocrx_word' id='word_1_126' title='bbox 1103 1627 1155 1689; x_wconf 85' lang='lat' dir='ltr'><strong>per</strong></span> <span class='ocrx_word' id='word_1_127' title='bbox 1176 1609 1354 1670; x_wconf 88' lang='lat' dir='ltr'><strong>necessarias</strong></span> <span class='ocrx_word' id='word_1_128' title='bbox 1376 1607 1471 1684; x_wconf 78' lang='lat' dir='ltr'><strong>Regni</strong></span> 
     </span>
     <span class='ocr_line' id='line_1_15' title="bbox 121 1694 1470 1779; baseline -0.001 -24"><span class='ocrx_word' id='word_1_129' title='bbox 121 1699 338 1775; x_wconf 73' lang='lat' dir='ltr'><strong>occupationes</strong></span> <span class='ocrx_word' id='word_1_130' title='bbox 360 1699 471 1761; x_wconf 87' lang='lat' dir='ltr'><strong>licebit:</strong></span> <span class='ocrx_word' id='word_1_131' title='bbox 501 1706 531 1761; x_wconf 87' lang='lat' dir='ltr'><strong>et</strong></span> <span class='ocrx_word' id='word_1_132' title='bbox 552 1699 692 1779; x_wconf 86' lang='lat' dir='ltr'><strong>exemplis</strong></span> <span class='ocrx_word' id='word_1_133' title='bbox 716 1699 893 1761; x_wconf 81' lang='lat' dir='ltr'><strong>Concordiae</strong></span> <span class='ocrx_word' id='word_1_134' title='bbox 915 1697 1175 1778; x_wconf 85' lang='lat' dir='ltr'><strong>resplendescentis</strong></span> <span class='ocrx_word' id='word_1_135' title='bbox 1198 1696 1392 1775; x_wconf 84' lang='lat' dir='ltr'><strong>exoperibus</strong></span> <span class='ocrx_word' id='word_1_136' title='bbox 1415 1694 1470 1754; x_wconf 91' lang='lat' dir='ltr'><strong>Dei</strong></span> 
     </span>
     <span class='ocr_line' id='line_1_16' title="bbox 121 1783 1470 1866; baseline -0.003 -22"><span class='ocrx_word' id='word_1_137' title='bbox 121 1783 290 1844; x_wconf 82' lang='lat' dir='ltr'><strong>visibilibus</strong></span> <span class='ocrx_word' id='word_1_138' title='bbox 323 1785 454 1846; x_wconf 84' lang='lat' dir='ltr'><strong>studium</strong></span> <span class='ocrx_word' id='word_1_139' title='bbox 484 1787 513 1846; x_wconf 90' lang='lat' dir='ltr'><strong>in</strong></span> <span class='ocrx_word' id='word_1_140' title='bbox 543 1806 574 1848; x_wconf 86' lang='lat' dir='ltr'><strong>se</strong></span> <span class='ocrx_word' id='word_1_141' title='bbox 597 1789 768 1848; x_wconf 89' lang='lat' dir='ltr'><strong>concordiae</strong></span> <span class='ocrx_word' id='word_1_142' title='bbox 799 1795 829 1849; x_wconf 91' lang='lat' dir='ltr'><strong>et</strong></span> <span class='ocrx_word' id='word_1_143' title='bbox 851 1788 931 1866; x_wconf 91' lang='lat' dir='ltr'><strong>pacis</strong></span> <span class='ocrx_word' id='word_1_144' title='bbox 955 1786 1168 1847; x_wconf 89' lang='lat' dir='ltr'><strong>ecclesiasticae</strong></span> <span class='ocrx_word' id='word_1_145' title='bbox 1189 1791 1219 1844; x_wconf 88' lang='lat' dir='ltr'><strong>et</strong></span> <span class='ocrx_word' id='word_1_146' title='bbox 1241 1783 1376 1861; x_wconf 90' lang='lat' dir='ltr'><strong>politicae</strong></span> <span class='ocrx_word' id='word_1_147' title='bbox 1398 1799 1470 1842; x_wconf 92' lang='lat' dir='ltr'><strong>con·</strong></span> 
     </span>
     <span class='ocr_line' id='line_1_17' title="bbox 119 1869 1470 1954; baseline 0 -26"><span class='ocrx_word' id='word_1_148' title='bbox 119 1869 210 1931; x_wconf 84' lang='lat' dir='ltr'><strong>firmet</strong></span> <span class='ocrx_word' id='word_1_149' title='bbox 234 1873 423 1951; x_wconf 78' lang='lat' dir='ltr'><strong>excitetque:</strong></span> <span class='ocrx_word' id='word_1_150' title='bbox 447 1873 570 1952; x_wconf 88' lang='lat' dir='ltr'><strong>denique</strong></span> <span class='ocrx_word' id='word_1_151' title='bbox 595 1892 645 1935; x_wconf 88' lang='lat' dir='ltr'><strong>me</strong></span> <span class='ocrx_word' id='word_1_152' title='bbox 662 1891 784 1951; x_wconf 88' lang='lat' dir='ltr'><strong>meaque</strong></span> <span class='ocrx_word' id='word_1_153' title='bbox 806 1874 904 1934; x_wconf 89' lang='lat' dir='ltr'><strong>studia</strong></span> <span class='ocrx_word' id='word_1_154' title='bbox 917 1873 1011 1954; x_wconf 82' lang='lat' dir='ltr'><strong>Regio</strong></span> <span class='ocrx_word' id='word_1_155' title='bbox 1039 1889 1093 1933; x_wconf 90' lang='lat' dir='ltr'><strong>suo</strong></span> <span class='ocrx_word' id='word_1_156' title='bbox 1120 1871 1282 1950; x_wconf 90' lang='lat' dir='ltr'><strong>patrocinio</strong></span> <span class='ocrx_word' id='word_1_157' title='bbox 1306 1869 1470 1930; x_wconf 87' lang='lat' dir='ltr'><strong>elementis·</strong></span> 
     </span>
     <span class='ocr_line' id='line_1_18' title="bbox 118 1956 1471 2043; baseline -0.001 -26"><span class='ocrx_word' id='word_1_158' title='bbox 118 1961 190 2019; x_wconf 84' lang='lat' dir='ltr'><strong>simo</strong></span> <span class='ocrx_word' id='word_1_159' title='bbox 215 1957 370 2036; x_wconf 81' lang='lat' dir='ltr'><strong>dignetur.</strong></span> <span class='ocrx_word' id='word_1_160' title='bbox 385 1956 411 2043; x_wconf 88' lang='lat'><strong>¹)</strong></span> <span class='ocrx_word' id='word_1_161' title='bbox 455 1961 570 2023; x_wconf 89' lang='lat' dir='ltr'><strong>Dabam</strong></span> <span class='ocrx_word' id='word_1_162' title='bbox 593 1961 703 2022; x_wconf 88' lang='lat' dir='ltr'><strong>Lentiis</strong></span> <span class='ocrx_word' id='word_1_163' title='bbox 724 1962 838 2024; x_wconf 86' lang='lat' dir='ltr'><strong>Noricis</strong></span> <span class='ocrx_word' id='word_1_164' title='bbox 860 1961 898 2022; x_wconf 91' lang='lat' dir='ltr'><strong>ad</strong></span> <span class='ocrx_word' id='word_1_165' title='bbox 919 1960 1026 2040; x_wconf 88' lang='lat' dir='ltr'><strong>Ripam</strong></span> <span class='ocrx_word' id='word_1_166' title='bbox 1046 1959 1193 2040; x_wconf 87' lang='lat' dir='ltr'><strong>Danubii,</strong></span> <span class='ocrx_word' id='word_1_167' title='bbox 1214 1957 1316 2018; x_wconf 92' lang='lat' dir='ltr'><strong>Ididus</strong></span> <span class='ocrx_word' id='word_1_168' title='bbox 1338 1957 1471 2017; x_wconf 82' lang='lat' dir='ltr'><strong>Februa-</strong></span> 
     </span>
     <span class='ocr_line' id='line_1_19' title="bbox 118 2046 777 2122; baseline 0.006 -18"><span class='ocrx_word' id='word_1_169' title='bbox 118 2047 174 2122; x_wconf 87' lang='lat' dir='ltr'><strong>riis,</strong></span> <span class='ocrx_word' id='word_1_170' title='bbox 198 2063 280 2108; x_wconf 90' lang='lat' dir='ltr'><strong>auno</strong></span> <span class='ocrx_word' id='word_1_171' title='bbox 309 2065 401 2110; x_wconf 89' lang='lat' dir='ltr'><strong>aerae</strong></span> <span class='ocrx_word' id='word_1_172' title='bbox 422 2046 578 2111; x_wconf 90' lang='lat' dir='ltr'><strong>occidentia</strong></span> <span class='ocrx_word' id='word_1_173' title='bbox 600 2047 777 2109; x_wconf 82' lang='lat' dir='ltr'>MDCXIX.</span> 
     </span>
    </p>
   </div>
   <div class='ocr_carea' id='block_1_5' title="bbox 337 2197 878 2284">
    <p class='ocr_par' dir='ltr' id='par_1_6' title="bbox 337 2197 878 2284">
     <span class='ocr_line' id='line_1_20' title="bbox 337 2197 878 2284; baseline 0 -18"><span class='ocrx_word' id='word_1_174' title='bbox 337 2197 478 2268; x_wconf 84' lang='lat' dir='ltr'><strong>Sereniss.</strong></span> <span class='ocrx_word' id='word_1_175' title='bbox 500 2206 617 2283; x_wconf 78' lang='lat' dir='ltr'><strong>Maiest</strong></span> <span class='ocrx_word' id='word_1_176' title='bbox 640 2205 733 2267; x_wconf 83' lang='lat' dir='ltr'><strong>&#39;luam</strong></span> <span class='ocrx_word' id='word_1_177' title='bbox 756 2206 878 2284; x_wconf 78' lang='lat' dir='ltr'><strong>Regiam</strong></span> 
     </span>
    </p>
   </div>
   <div class='ocr_carea' id='block_1_6' title="bbox 423 2360 1471 2703">
    <p class='ocr_par' dir='ltr' id='par_1_7' title="bbox 423 2360 1471 2703">
     <span class='ocr_line' id='line_1_21' title="bbox 423 2360 1432 2430; baseline -0.005 -5"><span class='ocrx_word' id='word_1_178' title='bbox 423 2403 429 2410; x_wconf 89' lang='lat'><em>-</em></span> <span class='ocrx_word' id='word_1_179' title='bbox 715 2360 801 2424; x_wconf 90' lang='lat' dir='ltr'><strong>Omni</strong></span> <span class='ocrx_word' id='word_1_180' title='bbox 817 2379 882 2424; x_wconf 90' lang='lat' dir='ltr'><strong>eum</strong></span> <span class='ocrx_word' id='word_1_181' title='bbox 896 2362 1088 2424; x_wconf 87' lang='lat' dir='ltr'><strong>submissione</strong></span> <span class='ocrx_word' id='word_1_182' title='bbox 1102 2378 1244 2424; x_wconf 84' lang='lat' dir='ltr'><strong>venerans</strong></span> <span class='ocrx_word' id='word_1_183' title='bbox 1428 2420 1432 2430; x_wconf 84' lang='grc'>,</span> 
     </span>
     <span class='ocr_line' id='line_1_22' title="bbox 435 2445 1471 2529; baseline -0.001 -20"><span class='ocrx_word' id='word_1_184' title='bbox 435 2449 506 2529; x_wconf 87' lang='lat' dir='ltr'><strong>Imp.</strong></span> <span class='ocrx_word' id='word_1_185' title='bbox 530 2449 613 2524; x_wconf 77' lang='lat' dir='ltr'><strong>Gaea.</strong></span> <span class='ocrx_word' id='word_1_186' title='bbox 636 2449 777 2511; x_wconf 81' lang='lat' dir='ltr'><strong>Matthiae</strong></span> <span class='ocrx_word' id='word_1_187' title='bbox 800 2450 921 2528; x_wconf 86' lang='lat' dir='ltr'><strong>ejusque</strong></span> <span class='ocrx_word' id='word_1_188' title='bbox 943 2448 1072 2511; x_wconf 84' lang='lat' dir='ltr'><strong>bdelium</strong></span> <span class='ocrx_word' id='word_1_189' title='bbox 1094 2447 1234 2511; x_wconf 62' lang='lat' dir='ltr'><strong>&amp;diuum</strong></span> <span class='ocrx_word' id='word_1_190' title='bbox 1257 2445 1471 2510; x_wconf 80' lang='lat' dir='ltr'><strong>Archldncatus</strong></span> 
     </span>
     <span class='ocr_line' id='line_1_23' title="bbox 651 2535 1294 2616; baseline -0.003 -18"><span class='ocrx_word' id='word_1_191' title='bbox 651 2537 785 2598; x_wconf 80' lang='lat' dir='ltr'><strong>Austriao</strong></span> <span class='ocrx_word' id='word_1_192' title='bbox 807 2536 1048 2616; x_wconf 76' lang='lat' dir='ltr'><strong>supr-Anisenae</strong></span> <span class='ocrx_word' id='word_1_193' title='bbox 1069 2535 1294 2600; x_wconf 84' lang='lat' dir='ltr'><strong>Mathematicus</strong></span> 
     </span>
     <span class='ocr_line' id='line_1_24' title="bbox 791 2623 1147 2703; baseline 0.003 -19"><span class='ocrx_word' id='word_1_194' title='bbox 791 2625 948 2687; x_wconf 81' lang='lat' dir='ltr'><strong>Joboanca</strong></span> <span class='ocrx_word' id='word_1_195' title='bbox 969 2623 1147 2703; x_wconf 69' lang='lat' dir='ltr'><strong>chplemu.</strong></span> 
     </span>
    </p>
   </div>
   <div class='ocr_carea' id='block_1_7' title="bbox 0 0 1786 5540">
    <p class='ocr_par' dir='ltr' id='par_1_8' title="bbox 0 0 1786 5540">
     <span class='ocr_line' id='line_1_25' title="bbox 0 0 1786 5540; baseline 0 0"><span class='ocrx_word' id='word_1_196' title='bbox 0 0 1786 5540; x_wconf 95' lang='lat' dir='ltr'><strong> </strong></span> 
     </span>
    </p>
   </div>
  </div>
 </body>
</html>
