3564 5540
269 410 330 478 1³2
803 407 859 462 ·De
877 401 1105 475 Propertiouibus

267 591 284 640 t
301 588 364 658 ipsa
381 591 428 654 est,
446 603 517 658 quae
533 587 565 640 iu
581 601 610 641 se
626 586 689 656 ipso
702 583 812 654 patitur
823 588 849 636 et
861 597 879 634 a
890 595 919 661 se
930 580 993 648 ipsa
1006 581 1152 660 moricum
1171 585 1300 650 emme
1317 589 1442 638 moretur
1452 586 1491 639 lu·
1501 585 1639 658 circulum,

269 661 284 710 t
304 659 459 712 uitiatarum
477 657 536 725 qus
554 672 652 726 cemus
671 661 718 720 ost,
745 658 760 702 8
780 657 910 720 tcatporse
927 651 1050 716 effearm
1067 656 1109 706 est
1121 665 1175 719 per
1193 653 1375 708 revolutiones
1392 659 1538 717 aratrorum¹
1560 659 1575 706 a
1594 657 1640 710 lta

269 728 312 783 bet
328 743 411 783 satra
429 734 504 782 certa
521 726 613 781 sidua
622 766 630 793 ,
647 724 678 778 iu
695 723 818 777 Deorum
834 735 977 774 uumuuut
993 719 1098 784 relata,
1118 737 1189 788 quae
1206 737 1310 775 ouuum
1327 739 1473 794 mopuum,
1490 732 1522 780 ut
1535 727 1640 795 perseo

268 804 332 854 tum
351 797 512 865 coufioiuut,
538 803 575 848 .10
592 795 768 864 undiquaque
780 793 905 862 perlecta
923 795 962 842 est
979 790 1145 847 universitas
1161 807 1264 858 rerum,
1292 792 1394 848 haberes
1411 795 1442 848 iu
1459 809 1487 850 se
1505 796 1642 850 mimalia

269 869 376 934 ommia,
396 874 515 936 quotuor
530 865 629 933 formis
646 863 800 918 assimilata
818 863 909 926 (ostra
926 859 1013 925 coelo,
1032 875 1095 912 coes
1112 861 1188 928 otri,
1212 861 1302 929 posces
1319 877 1422 932 oquae,
1451 863 1642 948 quadrupedes

267 938 377 1003 terroe).
414 937 478 990 Hoc
499 941 583 1004 puoto
610 936 645 989 ab
661 934 768 987 unitate
786 931 830 997 (ut
846 929 1037 998 Pythoporuei
1062 929 1209 996 „monodia
1227 945 1261 985 ere
1287 933 1400 1000 outro“)
1423 949 1584 1004 propterera
1603 943 1643 990 est

227 1024 229 1028 ’
266 1023 352 1076 usque
368 1006 406 1061 od
423 1012 546 1076 puteor-
569 1005 612 1071 (ut
628 1004 671 1058 illi
687 1003 792 1072 ,ptumo
802 1001 931 1056 oculatur
948 997 986 1054 ad
1002 998 1092 1067 ipsam
1104 999 1213 1057 tetrada
1225 999 1378 1068 dimuum‘9
1395 1005 1486 1072 sieque
1496 1004 1642 1059 densium

263 1079 353 1145 parit,
372 1083 487 1130 matrem
505 1075 633 1142 ommium,
652 1075 695 1128 uti
712 1072 840 1128 dieimua
878 1068 933 1124 Est
951 1075 1044 1149 putem
1060 1070 1179 1126 audatis
1191 1087 1355 1140 procreatus
1371 1072 1543 1140 btrjusmodi:
1569 1091 1643 1130 umus

266 1147 339 1200 euim
356 1153 396 1200 est
413 1144 544 1212 taurulus,¹
563 1145 688 1202 binarius
706 1144 797 1212 sipmat
809 1141 932 1210 primam
949 1155 980 1192 ut
998 1153 1028 1190 eo
1046 1140 1265 1207 comprehensam
1282 1143 1524 1211 multiplicitatem
1549 1150 1641 1200 terua-

265 1216 325 1272 rius
341 1217 476 1270 oiuutlum
493 1221 519 1270 et
535 1213 647 1281 modum
666 1212 836 1281 coaptatioui
852 1209 1158 1289 rerumueoeeearium5
1175 1226 1241 1264 uaut
1258 1217 1289 1264 ut
1306 1211 1378 1266 duae
1389 1214 1465 1270 solae
1481 1230 1526 1270 res
1544 1221 1639 1273 coeant

265 1288 296 1340 iu
313 1301 413 1352 uuum,
431 1285 545 1354 seorsim
563 1301 582 1339 a
599 1285 696 1350 tertio,
719 1299 777 1336 uou
795 1287 834 1336 eat
846 1279 986 1349 possibtle.
1025 1275 1226 1357 (lactemus
1242 1287 1283 1334 est
1300 1297 1430 1338 uumuue
1447 1285 1639 1340 ekmutmut

265 1355 393 1422 definitor
411 1361 436 1409 et
453 1355 609 1410 recensitos.
644 1352 769 1408 Mundus
786 1352 858 1404 cuitu
876 1355 914 1402 est
932 1363 1030 1416 corpses
1047 1345 1174 1416 solrdttm,
1189 1349 1279 1404 solida
1290 1367 1354 1405 uero
1373 1352 1428 1406 duo
1446 1353 1556 1408 duabus
1573 1370 1637 1408 sem·

261 1439 314 1494 per
330 1425 522 1481 medietatibus
538 1424 669 1494 iudipemt,
698 1429 729 1478 ut
745 1422 777 1476 iu
795 1420 927 1476 muuuua
939 1417 1122 1487 proportioue
1139 1425 1300 1488 coupruarrt.
1336 1421 1446 1479 Horum
1462 1437 1536 1478 eno
1547 1427 1595 1490 (sc.
1617 1431 1637 1489 t,

266 1501 291 1562 a,
310 1499 324 1544 3
345 1501 370 1550 et
388 1495 417 1560 t)
435 1510 542 1548 summa
561 1501 599 1548 est
617 1492 762 1558 demamus,
790 1490 822 1544 de
840 1506 893 1560 quo
912 1489 1050 1541 hacteuus.
1086 1487 1144 1542 Hic
1159 1491 1230 1544 euim
1248 1496 1365 1546 orrtatuo
1382 1499 1421 1546 eet
1437 1493 1634 1560 uniuersitatis,

264 1573 331 1628 haec
350 1572 408 1640 clos,
428 1589 483 1642 qua
501 1571 609 1626 dotauit
626 1569 701 1625 mom
718 1568 809 1637 tactor
826 1566 893 1634 qius.
921 1561 1073 1621 Hactenus
1087 1561 1271 1625 Camerarius
1294 1582 1330 1624 ert
1346 1567 1502 1640 veteribus,
1526 1569 1634 1644 quihus

159 1649 164 1662 '
267 1657 410 1734 pleraque
438 1655 652 1714 consentientia
682 1649 810 1710 inculcat
837 1649 962 1709 Hermes
984 1648 1193 1725 'trismegistus
1224 1647 1373 1733 (quisquis
1403 1652 1453 1714 ille
1482 1654 1549 1732 tuit)
1577 1654 1635 1714 tilio

266 1761 321 1804 suo
344 1743 443 1817 'latim
468 1741 552 1816 quus
568 1741 642 1801 ltaec
658 1739 765 1798 rerba:
790 1741 907 1812 „unitas
923 1736 1083 1796 secundum
1099 1739 1242 1797 rationem
1265 1737 1415 1798 dcnmlum
1437 1740 1637 1820 complectitur

265 1829 439 1905 rursumque
462 1829 601 1889 denarius
617 1827 787 1886 unitatem.“
820 1825 935 1885 Deinde
952 1823 1209 1906 concupiscibilem
1223 1827 1339 1888 animae
1361 1825 1533 1888 facultatem
1557 1846 1635 1890 eom·

265 1920 349 1996 ponit
374 1935 411 1976 ex
436 1920 474 1976 la
498 1916 660 1988 ultoribus,
689 1914 846 1974 sentitiis
874 1914 978 1972 ethicis
1007 1912 1219 1972 adnumerum
1250 1916 1400 1990 signorum
1429 1916 1561 1990 aodiaci,
1591 1920 1636 1976 cui

265 2021 372 2083 corpus
395 2011 425 2063 et
447 2003 524 2062 hauc
547 2003 585 2062 ad
601 2018 706 2080 corpus
723 2007 892 2078 vergentem
907 2001 1022 2060 animae
1039 2003 1202 2077 potentiam
1216 2002 1345 2077 subjicit,
1369 2003 1544 2065 rationalem
1568 2021 1635 2064 vero

164 2143 170 2159 .
265 2091 434 2152 facultatem
456 2093 572 2150 animae
595 2108 631 2149 ex
654 2089 773 2149 denario
796 2094 825 2148 et
847 2090 910 2166 ipso
933 2089 1081 2166 componit
1104 2089 1245 2147 virtutum
1267 2087 1437 2148 ethicorum.
1479 2093 1533 2154 eto
1558 2091 1636 2168 quod

262 2179 463 2258 Pythagorici
495 2179 644 2240 celebrant
671 2185 816 2254 tetractyn
845 2176 955 2235 iontem
983 2175 1162 2251 animarum,
1193 2183 1222 2236 et
1255 2173 1438 2238 Camerarius
1466 2177 1566 2257 plures
1597 2181 1638 2240 ait

265 2268 355 2328 tuisse
378 2275 545 2344 tetrastyas,
568 2283 628 2324 non
651 2265 732 2324 illam
754 2264 859 2337 solum,
883 2279 961 2339 quae
983 2281 1003 2322 a
1024 2264 1203 2340 quaternarii
1227 2265 1293 2324 basi
1315 2268 1410 2340 surgit
1431 2265 1471 2326 ad
1492 2283 1637 2326 summam

269 2357 318 2428 10,
341 2355 393 2414 sed
416 2359 504 2414 ettam
520 2353 609 2418 aliam
624 2355 820 2430 praecipuam,
844 2367 921 2428 quae
936 2353 973 2410 ab
990 2349 1133 2427 ogdoadis
1146 2353 1211 2432 pati
1234 2350 1272 2411 ad
1296 2355 1434 2412 verticem
1457 2371 1552 2430 usque
1576 2355 1638 2414 coi—

222 2505 226 2512 ,
269 2441 335 2520 ligit
359 2459 504 2501 sumntum
528 2442 584 2504 38:
608 2441 686 2500 idem
709 2449 739 2498 et
753 2437 857 2497 Tatius
881 2438 928 2497 hic
951 2455 987 2497 ex
1010 2438 1143 2498 doctrina
1164 2441 1255 2516 patris
1270 2436 1418 2499 Hermotis
1441 2443 1544 2516 innuit,
1571 2442 1638 2500 dum

266 2527 381 2609 tempus
404 2533 447 2589 ait
468 2529 571 2601 tuisse,
609 2545 674 2587 cum
697 2529 760 2605 ipse
783 2523 880 2585 adhuc
910 2535 988 2586 esset
1014 2527 1042 2585 in
1072 2523 1224 2604 ogdoade,
1255 2529 1420 2604 octonario;
1452 2527 1545 2588 filiuni
1568 2545 1638 2589 vcro

265 2629 350 2696 pater
377 2617 415 2675 ad
438 2615 626 2675 Pimandrum
649 2617 784 2687 remittit,
817 2613 854 2673 de
883 2617 1034 2676 octonario
1065 2623 1235 2689 canentem,
1265 2616 1294 2672 in
1324 2631 1384 2692 quo
1411 2633 1483 2676 sans
1512 2619 1638 2676 occurrit

267 2707 433 2776 octonarius
456 2703 611 2762 habituum
633 2703 749 2761 animae
772 2700 949 2773 ethicorum,
974 2710 1086 2780 septem
1109 2699 1228 2777 quidem
1248 2703 1488 2780 respondentium
1511 2704 1638 2782 planctis

266 2801 393 2870 septem,
425 2799 458 2849 ut
480 2797 616 2868 apparet,
645 2790 770 2847 initioa
793 2787 993 2864 honestato,
1023 2791 1120 2848 uetari
1152 2805 1221 2848 vero
1250 2787 1402 2849 divinioris
1434 2801 1463 2852 et
1486 2793 1638 2867 quietioris

266 2879 305 2940 ad
326 2877 469 2956 sphaerae
492 2888 563 2956 puto
585 2875 708 2936 fixarum
731 2875 836 2940 ideam.
882 2873 990 2935 Omnia
1012 2880 1101 2936 etium
1123 2885 1263 2952 geruntur
1285 2895 1337 2956 per
1358 2877 1546 2956 harmonias3
1570 2880 1637 2958 plu·

265 2967 340 3026 rima
361 2964 519 3029 inculcatio
541 2963 659 3038 silentii,
683 2964 808 3043 plurima
829 2966 935 3024 utentia
959 2966 1151 3039 veritatisque
1173 2968 1300 3039 mentiot
1334 2969 1506 3044 proponitur
1526 2974 1560 3027 et
1583 2985 1638 3026 an·

266 3059 358 3127 trum,
382 3052 503 3127 sunaus,
526 3051 690 3130 penetrale,
714 3059 807 3111 crater
828 3053 991 3111 animarum
1013 3061 1043 3111 et
1066 3059 1162 3110 cetera
1184 3051 1287 3124 multa,
1323 3064 1356 3110 ut
1379 3053 1500 3113 dubium
1523 3055 1637 3114 nullutn

267 3157 332 3201 osae
365 3142 475 3220 possit,
508 3141 577 3216 quin
601 3147 653 3198 aut
674 3137 859 3216 Pythagorea
883 3138 1066 3212 hermetiaet,
1098 3145 1150 3197 aut
1172 3135 1296 3212 Hermes
1318 3139 1530 3218 pythagoribet.
1578 3143 1637 3204 Ae·

267 3228 344 3288 cedit
366 3229 443 3288 enim
467 3233 496 3287 et
518 3228 589 3301 hoe,
621 3227 701 3303 quod
723 3223 847 3286 Hermes
869 3225 1049 3304 theologiam
1072 3225 1221 3303 quandam
1242 3226 1330 3286 tradit
1352 3227 1521 3305 cultumque
1546 3227 1639 3288 diuini

266 3318 412 3391 numinis,
434 3333 523 3392 saepe
546 3314 657 3387 Motis,
687 3331 777 3392 saepe
800 3314 1009 3391 Evangelistae
1030 3313 1158 3375 Joaonis
1173 3317 1210 3372 in
1233 3331 1289 3375 tuo
1310 3332 1398 3374 seusu
1421 3315 1638 3393 paraphrastes,

267 3406 436 3482 praesertim
460 3403 496 3462 de
518 3404 748 3478 regeneratione,
772 3404 1012 3479 ceremoniasque
1030 3401 1173 3478 discipulo
1189 3410 1282 3460 certas
1299 3403 1445 3479 inculatur
1469 3418 1537 3462 eum
1560 3405 1637 3466 idem
1661 3431 1665 3441 ·

267 3491 303 3552 de
326 3491 541 3570 Pythagoraeis
565 3489 709 3548 affirment
732 3496 883 3562 auctores,
914 3499 1026 3568 partem
1056 3506 1157 3550 corum
1189 3487 1358 3566 theologiae
1381 3493 1531 3567 variisque
1556 3509 1637 3552 cere·

267 3581 374 3639 moniis
398 3586 429 3639 et
449 3577 706 3656 superstitionibus
730 3575 859 3635 deditam
882 3577 989 3651 inisse,
1019 3583 1049 3645 et
1071 3575 1194 3636 Procius
1216 3575 1432 3654 Pythagoricus
1456 3577 1637 3657 theologiam

266 3669 296 3725 in
313 3683 504 3727 numerorum
527 3663 773 3741 contemplatione
795 3663 929 3724 collocet

354 3753 437 3814 Haec
459 3767 511 3830 per
535 3750 760 3828 digressionem:
790 3751 944 3811 redeamus
972 3766 1051 3810 nuno
1080 3751 1119 3810 ad
1140 3751 1370 3829 Pythagoricum
1402 3752 1637 3814 harmonicorum

266 3845 487 3922 proportionum
510 3834 798 3899 demonstrationem.
1611 3829 1617 3839 ’

352 3929 432 3989 Huic
461 3928 539 3988 euim
569 3925 797 4006 philosophandi
824 3926 935 3984 iortnae
970 3941 1021 4004 per
1053 3942 1190 3986 numeros
1220 3932 1383 4012 tantopere¹
1401 3927 1517 3987 sumunt
1547 3927 1636 3988 dediti

266 4016 474 4094 Pythagoruei,
498 4022 531 4074 ut
550 4015 613 4092 jam
631 4033 669 4074 ue
692 4017 806 4074 aurium
828 4013 947 4090 quidem
966 4012 1080 4089 judicio
1102 4021 1225 4084 starent,
1251 4032 1374 4090 quarum
1397 4017 1497 4076 manen
1520 4015 1635 4076 indiciis

266 4103 304 4163 ad
327 4102 544 4182 philosophiam
566 4103 643 4162 hano
661 4103 747 4161 initio
770 4110 944 4179 perventum
966 4109 1037 4173 erat,
1071 4101 1123 4162 sed
1152 4101 1223 4177 quid
1247 4106 1420 4162 concinnum
1443 4111 1535 4176 esset,
1564 4103 1635 4181 quid

266 4191 481 4264 inconcinnum,
508 4189 578 4266 quid
602 4205 777 4262 consonum,
801 4188 872 4265 quid
895 4187 1061 4263 dissonum,
1086 4202 1122 4248 ex
1144 4187 1215 4248 eolis
1237 4191 1299 4248 suis
1320 4189 1450 4248 numeris
1472 4188 1634 4264 definirent,

268 4278 329 4334 rim
358 4279 497 4341 iacientes
530 4279 680 4336 instinctui
710 4276 837 4336 naturali
866 4275 993 4336 auditus.
1039 4275 1185 4356 Stetitque
1215 4279 1345 4354 tyrannis
1378 4280 1434 4336 ista
1464 4277 1634 4338 harmonica

268 4380 362 4437 usque
385 4364 422 4423 ad
446 4364 663 4437 Ptolemaeum,
694 4366 746 4441 qui
773 4367 884 4441 primus
912 4372 989 4424 ante¹
1010 4380 1102 4424 annos
1129 4366 1211 4425 1500
1239 4382 1358 4426 sensum
1387 4365 1507 4424 auditus
1530 4376 1630 4426 contra

268 4448 485 4528 philosophiam
509 4451 736 4529 Pythagoricum
759 4453 885 4510 asseruit
902 4451 1075 4528 recepitque
1101 4453 1176 4512 inter
1198 4456 1341 4511 concinna
1362 4467 1420 4511 non
1444 4459 1561 4513 tantum
1583 4471 1632 4514 su·

268 4553 322 4618 pra
345 4535 437 4596 dictas
458 4543 660 4615 proportiones
690 4547 720 4598 et
741 4539 964 4614 sequioctavam
993 4555 1044 4614 pro
1069 4546 1156 4614 tono,
1191 4537 1242 4597 sed
1265 4539 1383 4598 admisit
1404 4542 1495 4598 etiam
1516 4543 1632 4619 aesqui-

268 4639 376 4684 uonam
399 4640 452 4701 pro
475 4632 543 4684 tono
566 4627 740 4700 minori„st
761 4623 1078 4704 sesquiquindecimum
1099 4643 1151 4706 pro
1174 4628 1345 4704 semitonio;
1366 4643 1421 4688 nec
1443 4635 1559 4688 tautum
1582 4647 1631 4688 su-

268 4709 510 4791 perparticulares
531 4712 607 4773 alias
628 4713 741 4784 addidit
763 4714 802 4773 ab
825 4715 945 4774 auribus
968 4714 1115 4792 probatas,
1139 4721 1172 4772 ut
1193 4717 1444 4791 sesquiquartam,
1467 4715 1522 4776 sed
1544 4719 1631 4776 etiam

270 4817 305 4859 ox
329 4799 606 4876 superpartientibus
629 4801 754 4860 adscivit
775 4800 899 4878 aliquas,
922 4809 955 4861 ut
977 4804 1052 4861 inter
1074 4804 1102 4873 3,
1127 4802 1146 4859 b
1169 4807 1199 4860 et
1221 4804 1297 4860 inter
1312 4803 1340 4875 b,
1365 4803 1384 4860 8
1407 4810 1438 4861 et
1457 4802 1544 4863 alias.
1568 4803 1632 4863 Hor

269 4893 356 4966 pacto
378 4883 566 4948 Ptolemaeus
587 4889 818 4964 speculationem
838 4885 1065 4967 Pythagoricum
1087 4887 1124 4948 de
1145 4895 1212 4949 ortu
1238 4891 1458 4968 proportionum
1480 4890 1631 4952 hamoni·
