3732 5528
307 341 371 406 356
788 297 791 308 Ι
821 341 971 403 Ptolemaei
988 341 1145 401 Harmonia.

202 521 206 528 “
306 523 403 598 parari
425 529 572 600 poterunt,
595 531 667 601 puta
690 524 919 600 enharmonium,
943 525 1152 586 chromaticum
1167 521 1251 606 liet
1273 521 1470 599 diatonicum
1494 505 1570 602 quae
1593 525 1657 602 ipsa

306 623 425 686 quoque
454 609 631 670 differentias
661 615 764 671 sortita
793 621 863 672 sunt
892 632 928 674 ex
958 613 1085 690 quadam
1113 610 1315 690 magnitudine
1343 621 1373 672 ιι
1395 611 1486 686 mole,
1520 629 1596 689 quae
1627 613 1655 670 in

306 693 472 756 elevatione
495 705 547 756 aut
570 701 767 760 coiriractione
790 701 931 761 consistit
976 701 1051 762 Nam
1074 701 1133 762 tale
1159 699 1232 778 quid
1253 701 1356 761 evenit
1375 703 1488 760 ratione
1507 707 1568 758 ιιιι
1583 700 1656 758 sitne

306 796 394 858 quam
423 786 578 860 potestatis
611 788 653 859 ei,
683 786 763 862 quod
791 787 912 850 densum
943 787 1156 864 indenanmque
1184 785 1351 866 appellatur
1380 805 1433 864 per
1457 787 1512 846 illa
1538 803 1655 862 geuern.

305 870 345 929 Et
367 871 587 932 enharmonium
611 873 728 950 quidem
751 876 978 953 comparandum
1002 883 1049 936 est
1068 892 1134 936 cnm
1157 874 1287 954 physicis
1311 874 1476 951 ethicisque
1497 874 1656 946 habitibus,

306 973 342 1016 eo
364 957 445 1034 quod
461 961 634 1027 ,communis
659 963 699 1020 sit
721 961 779 1022 illis
802 980 871 1042 prae
893 965 997 1024 ceteris
1020 961 1229 1040 magnitudinis
1258 961 1422 1022 diminutio.
1470 962 1656 1021 Diatoniemn

306 1061 377 1106 vero
406 1045 580 1122 theologicis
611 1055 641 1108 et
670 1048 809 1125 politicis
827 1049 977 1111 habitibus
1005 1049 1172 1128 respondet,
1205 1058 1323 1128 propter
1351 1047 1461 1108 ordinis
1490 1055 1519 1109 et
1540 1050 1657 1126 magui-

304 1130 437 1194 iioentiae
460 1132 679 1195 similitudinem
700 1137 880 1214 inuuoque.
925 1139 1142 1198 chromaticum
1158 1138 1274 1197 tandem
1293 1137 1507 1197 mathematicis
1522 1145 1552 1196 et
1568 1152 1657 1196 oeco-

304 1221 426 1278 nomicis
448 1219 634 1296 assimilatur,
659 1240 693 1283 eo
717 1223 981 1302 quodycommunis
1003 1229 1138 1302 utrinque
1165 1229 1203 1286 sit
1224 1226 1410 1286 mediocritas
1433 1227 1506 1284 inter
1529 1232 1658 1284 extrema

288 1308 530 1368 circumstantia.
577 1309 652 1368 Nem
675 1320 704 1371 et
726 1311 950 1373 mathematicae
972 1313 1112 1373 scientiae
1141 1315 1295 1390 potissima
1318 1321 1399 1390 parte
1423 1322 1574 1372 versantur
1596 1319 1657 1370 tam

305 1394 334 1451 in
365 1393 488 1473 physico
519 1403 630 1472 genere
655 1416 744 1475 quam
775 1403 804 1458 in
836 1401 1021 1477 theologico3
1056 1405 1085 1462 et
1109 1403 1314 1462 oeconomicus
1343 1401 1521 1476 participant
1542 1399 1656 1472 ethicis,

303 1483 417 1556 ratione
439 1483 573 1560 privatae
597 1491 627 1543 et
649 1488 846 1561 potestatibus
869 1490 1020 1566 subjectae
1036 1489 1124 1560 vitae,
1147 1491 1324 1565 participant
1339 1496 1369 1546 et
1382 1487 1520 1564 politicis,
1544 1489 1657 1546 ratione

195 1601 203 1612 ,
305 1571 522 1629 communitatis
546 1579 575 1630 ιι
598 1574 726 1652 imperii,
756 1577 913 1647 eregione
936 1575 1144 1636 chromaticum
1167 1574 1300 1635 similiter
1329 1590 1491 1635 connexum
1513 1582 1558 1633 eet
1580 1591 1657 1648 qno·

305 1652 462 1718 dammodo
478 1657 558 1744 hinc
585 1675 651 1720 cnm
682 1664 853 1722 remissione
882 1672 911 1721 et
941 1663 1064 1723 mollitie
1087 1663 1285 1736 enharmonii,
1317 1661 1384 1721 inde
1407 1678 1473 1720 curn
1496 1663 1658 1720 intensione

305 1748 335 1800 et
356 1743 462 1802 duritie
485 1745 639 1822 diatonici3
663 1747 696 1806 iit
718 1751 795 1822 enim
809 1749 1028 1822 chromaticum,
1051 1753 1166 1826 utrique
1180 1750 1358 1826 reliquorum
1379 1748 1528 1822 collatum,
1552 1763 1657 1825 quem-

308 1827 469 1891 admodum
501 1831 624 1906 cborda,
663 1853 739 1912 quae
767 1851 847 1898 mese
878 1836 997 1911 dicitur,
1038 1845 1083 1897 est
1123 1855 1187 1896 cum
1220 1837 1329 1897 cborda
1356 1835 1661 1914 proslambanomene,

304 1915 441 1993 ιιιιιιι,
475 1936 551 1995 quae
582 1919 725 1998 diapason
753 1925 947 1999 constituunt,
979 1926 1107 2000 acutior;
1137 1941 1203 1984 cnm
1225 1939 1293 1984 nete
1321 1940 1390 1983 vero
1422 1931 1466 1982 est
1488 1921 1657 1984 iacientium

304 2003 447 2082 diapason
470 2009 597 2083 gravior.
1129 2039 1130 2042 =

390 2107 463 2164 Nota
480 2109 502 2164 i.
537 2107 598 2162 Jam
621 2108 828 2181 inhoccapite
851 2111 965 2166 virtutes
988 2119 1127 2168 nunaunt
1149 2109 1423 2182 ampliuspoteutine
1447 2108 1602 2179 naturales,
1627 2117 1657 2164 nt

304 2196 363 2254 cap.
384 2187 408 2255 h,
428 2185 477 2243 sed
494 2194 526 2241 nt
542 2186 654 2244 habitus
672 2191 867 2246 exercitatione
886 2191 1037 2262 comparati
1055 2191 1127 2247 eirca
1146 2199 1248 2246 certum
1267 2187 1377 2260 aliquod
1395 2205 1482 2260 genus
1500 2204 1600 2244 rernm.

389 2265 462 2322 Nota
479 2266 513 2320 ll.
550 2267 615 2322 Tria
638 2265 683 2322 hic
707 2283 806 2338 genera
830 2278 926 2325 cautus
951 2271 1090 2326 veteribus
1114 2271 1226 2339 usitata,
1250 2269 1430 2337 diatonicum,
1454 2266 1658 2335 chromaticum,

305 2344 509 2400 enharmonium
545 2361 600 2400 nou
626 2345 784 2402 inconcinne
808 2363 873 2402 saue
903 2364 964 2403 cum
988 2349 1077 2403 trihus
1104 2349 1234 2410 virtutum
1262 2357 1317 2404 tam
1340 2347 1551 2404 theoreticarum
1575 2364 1657 2416 quam

303 2425 484 2493 practicarum
503 2423 648 2492 generibus
666 2433 866 2498 comparantur,
885 2427 1041 2495 humilibus,
1060 2425 1255 2498 mediocribus,
1274 2428 1344 2482 altis.
1378 2425 1450 2482 lllihi
1467 2433 1560 2480 tamen
1579 2427 1657 2502 sads-

303 2501 404 2559 inetum
423 2511 465 2558 est
482 2503 611 2559 nondum.
647 2503 723 2571 Quinc
741 2503 812 2556 euim
831 2507 957 2575 utrinqne
976 2505 1075 2562 similia
1092 2505 1256 2576 allegantur,
1281 2513 1344 2562 suut
1362 2503 1548 2562 tantummodo
1567 2503 1653 2572 quali-

302 2583 388 2640 ιιιιιι
410 2582 453 2638 ιιι
475 2583 565 2653 quaai;
590 2583 692 2654 quippe
716 2581 810 2636 domus
835 2583 950 2654 amplior
973 2593 1016 2640 est
1033 2585 1143 2640 homine
1163 2587 1257 2655 unico,
1276 2585 1370 2642 civitas
1394 2585 1481 2653 domo,
1507 2592 1535 2639 et
1557 2591 1657 2638 natura

302 2678 393 2718 rerum
411 2661 626 2732 corruptibilium
648 2677 693 2715 rea
718 2659 940 2733 mathematicae,
968 2679 1012 2718 res
1031 2664 1201 2734 theologicae
1220 2664 1336 2734 quodam
1354 2663 1505 2719 altitudinis
1523 2669 1551 2718 ei
1568 2660 1657 2716 humi·

303 2740 388 2796 litatis
412 2747 546 2810 conceptu
568 2739 641 2794 inter
663 2754 692 2795 ιι
715 2737 926 2810 distinguuntur.
962 2741 1025 2798 Jam
1050 2743 1103 2802 tria
1126 2742 1174 2799 illa
1196 2750 1291 2800 cautus
1318 2757 1417 2812 genera
1443 2758 1498 2796 uon
1524 2740 1584 2796 sola
1611 2739 1658 2794 illa

302 2827 448 2890 praetensa
466 2819 652 2888 magnitudine
670 2825 718 2873 ant
736 2817 947 2878 condensatione
966 2823 1182 2894 distinguuntur,
1206 2822 1253 2878 sed
1272 2822 1357 2876 multo
1375 2820 1461 2890 magis
1478 2820 1656 2890 proprietate,

304 2904 335 2953 ut
352 2897 454 2953 latetur
470 2897 643 2954 Ptolemaeus
668 2897 736 2967 ipse.
774 2898 841 2953 Cum
864 2899 934 2956 enim
957 2901 1033 2956 initio
1052 2917 1107 2957 uon
1125 2900 1232 2970 penitus
1260 2907 1351 2956 esseut
1368 2905 1449 2958 ιιιιι
1467 2898 1657 2969 proportiones

304 2977 498 3032 concinnarunt
517 2975 635 3032 omnium
653 2977 680 3031 iu
699 2991 753 3030 uuo
772 2973 912 3046 diapason,
932 2980 1060 3035 contiuua
1078 2977 1264 3036 subtractione
1282 2979 1338 3034 toni
1351 2977 1461 3046 maioris
1479 2977 1657 3033 coustitutum

303 3060 346 3110 est
364 3061 482 3125 systema
500 3055 677 3125 diatonicum,
701 3053 749 3109 sed
768 3053 867 3112 durum
885 3065 913 3114 et
931 3065 1041 3128 praeter
1058 3063 1191 3113 naturam.
1227 3057 1338 3126 Loquor
1355 3063 1444 3112 autem
1470 3056 1503 3111 de
1521 3064 1656 3125 apparatu

302 3143 331 3192 et
353 3134 477 3192 tensione
501 3135 750 3192 instrumentorum.
786 3133 856 3192 Nam
881 3139 954 3208 qnod
977 3151 1073 3192 rocem
1099 3135 1242 3191 humanam
1267 3137 1376 3203 attinet,
1402 3133 1449 3190 illa
1471 3133 1597 3192 naturale
1615 3153 1656 3206 sp-

303 3221 402 3284 stema,
426 3212 507 3284 quale
525 3231 576 3284 ego
594 3213 641 3269 lib.
660 3213 709 3270 iii.
733 3229 792 3282 cap.
812 3219 837 3276 7.
856 3217 1002 3288 descripsi,
1021 3223 1119 3286 sponte
1138 3215 1274 3285 sequitur,
1299 3223 1327 3270 ιι
1349 3213 1478 3269 instinctu
1496 3214 1582 3284 ipsius
1607 3231 1654 3270 ιι-

301 3300 381 3350 ιιιιι
399 3299 427 3348 et
444 3292 526 3362 herim
544 3292 721 3362 ipsins'vocis
740 3297 873 3353 humanae
893 3295 1104 3365 comparatione,
1119 3293 1222 3364 judicio
1236 3307 1272 3348 ιι.
1286 3293 1403 3360 auditus,
1419 3291 1584 3362 intellectum
1605 3303 1655 3362 est,

301 3373 482 3429 iustrumenta
507 3373 546 3429 sic
569 3381 647 3428 tensa
665 3373 833 3448 duriuscule,
862 3391 911 3432 seu
935 3383 967 3430 ut
984 3374 1157 3430 Ptolemaeus
1176 3372 1310 3442 loquitur,
1336 3391 1524 3438 ιυποιωιιριι
1547 3387 1653 3432 souma.

302 3452 433 3508 Additum
452 3460 495 3509 est
511 3452 593 3521 igitur
610 3453 812 3526 chromaticum,
831 3453 905 3524 quod
923 3451 1049 3510 duritiem
1065 3451 1138 3508 illins
1157 3451 1295 3514 emolliret,
1318 3449 1390 3520 qnod
1408 3448 1525 3506 fortasse
1541 3449 1655 3520 propius

302 3533 331 3587 in
349 3531 486 3588 nonnullis
508 3529 543 3587 ad
561 3533 714 3588 naturalem
733 3534 864 3605 originem
888 3533 1026 3590 divisionis
1049 3532 1203 3602 systematis
1222 3530 1351 3599 accessit,
1376 3529 1423 3584 sed
1447 3535 1475 3583 et
1498 3527 1526 3582 in
1544 3527 1654 3598 quihus·

303 3610 366 3666 daur
384 3610 492 3680 deiecit,
511 3617 539 3666 et
556 3612 646 3680 ipsum
664 3613 868 3671 enharmonium
887 3630 951 3669 vero
969 3612 1062 3668 dedita
1080 3625 1163 3682 opera
1180 3609 1232 3666 fuit
1250 3613 1434 3678 comparatum
1452 3605 1486 3662 ad
1503 3605 1653 3669 mollitiem,

302 3690 462 3760 videturque
479 3688 526 3744 illa
545 3688 706 3745 chordarum
725 3692 938 3750 condensatione
955 3707 1007 3745 vox
1025 3691 1140 3746 tremula
1158 3689 1263 3745 effecta.
1300 3689 1375 3742 Haec
1386 3699 1446 3740 mea
1462 3691 1504 3739 est
1517 3685 1655 3740 sententia

302 3771 337 3826 de
362 3771 465 3840 origiue
489 3770 571 3825 trium
595 3786 724 3838 generum
749 3780 846 3828 cantus
870 3773 944 3844 apud
962 3777 1075 3826 veteres.
1113 3769 1153 3824 lie
1172 3767 1279 3822 duobus
1301 3781 1364 3820 vero
1382 3761 1525 3833 generibus
1548 3771 1653 3824 cautus,

303 3850 371 3906 duro
389 3857 418 3904 et
436 3848 524 3918 molli,
549 3865 619 3920 quae
638 3858 665 3905 et
683 3850 857 3907 Ptolemaeus
873 3852 953 3920 juxta
969 3850 1043 3905 illam
1060 3848 1218 3904 divisionem
1237 3854 1358 3900 veterum
1383 3841 1507 3911 agumcit
1525 3847 1553 3895 et
1570 3841 1653 3897 uomi-

301 3936 395 3986 natet
412 3928 446 3986 de
463 3927 568 4008 quibus
581 3944 633 3997 ego
651 3945 704 3999 ago
722 3945 783 3999 cap.
802 3933 827 3986 o.
846 3929 891 3984 lib.
909 3928 958 3997 III,
977 3944 1021 3984 res
1039 3935 1082 3982 ιιι
1100 3925 1265 3996 longanima
1283 3941 1337 3980 uon
1356 3923 1426 3980 enim
1444 3919 1584 3975 arbitrium
1601 3919 1651 3974 bu-

301 4023 418 4079 manum,
437 4025 491 4064 uon
509 4009 616 4064 occasio
634 4007 733 4078 aliqua,
752 4007 802 4064 sed
819 4010 879 4079 ipsa
896 4023 985 4062 rerum
1004 4011 1101 4061 natura
1117 4006 1166 4061 illa
1177 4011 1312 4060 monstrat
1330 4010 1358 4059 et
1375 4003 1446 4057 iuter
1458 4015 1488 4055 se
1501 3997 1651 4068 distinguit

302 4088 357 4144 Sed
374 4089 403 4145 iu
420 4102 549 4158 praeseus
567 4102 724 4142 maneamus
741 4087 770 4142 iu
788 4085 932 4157 generhm
949 4085 1037 4140 tribus
1054 4090 1184 4140 setarum.

333 4185 336 4192 ¹
390 4166 530 4235 Quomodo
547 4166 631 4236 igitur
652 4165 696 4222 hic
714 4167 829 4221 virtutes
847 4181 897 4220 nos
915 4163 1148 4233 comparabimus?
1183 4161 1322 4230 Numquid
1346 4161 1398 4230 sic,
1423 4157 1495 4231 quod
1513 4155 1571 4212 toni
1587 4173 1649 4226 per·

302 4245 383 4302 sectio
402 4247 533 4304 scientiae
550 4248 688 4317 perfectae
706 4261 865 4318 summoque
884 4243 964 4314 rigori
988 4244 1016 4298 in
1033 4243 1153 4299 moribus
1172 4243 1279 4312 similia,
1306 4248 1334 4297 et
1348 4241 1424 4314 'quod
1442 4253 1538 4311 peccat
1559 4245 1587 4299 iu
1604 4259 1650 4298 na·

302 4327 403 4394 turam,
423 4326 469 4395 qui
488 4327 579 4386 omnia
596 4326 654 4384 vult
671 4324 904 4396 comprehendere
922 4323 1109 4392 scientialiter,
1134 4321 1180 4394 qni
1199 4338 1261 4378 cum
1279 4322 1403 4378 omnibns
1420 4319 1650 4380 vuie‘couversari

304 4400 400 4470 stoice,
423 4403 544 4463 laconice
569 4409 597 4463 iu
615 4406 704 4464 verbis
723 4413 751 4462 et
767 4406 848 4463 iactis
867 4413 894 4461 et
911 4404 1066 4475 disciplina,
1090 4405 1179 4460 omnia
1204 4417 1308 4458 summo
1322 4401 1386 4470 jure
1404 4417 1547 4472 peregere,
1570 4417 1648 4457 sunm

303 4476 385 4532 muris
403 4489 431 4534 et
448 4486 474 4539 vi
491 4491 628 4558 repetere,
652 4503 713 4543 cum
731 4486 759 4541 id
777 4501 832 4543 uon
850 4483 919 4540 ierat
937 4484 980 4540 vel
998 4484 1117 4541 omnium
1133 4499 1223 4540 rernm
1241 4490 1340 4536 natura
1359 4481 1403 4537 rel
1421 4483 1508 4540 omnis
1526 4483 1582 4538 site
1599 4481 1648 4536 hn-

302 4569 394 4625 ¹¹²⁸¹¹³2
421 4576 483 4616 cum
506 4575 604 4623 natura
625 4568 686 4636 ipsa
708 4567 824 4623 suadeat
846 4564 1105 4633 temperamentum?
1141 4562 1265 4631 Denique
1287 4563 1361 4632 quod
1388 4563 1443 4618 sint
1463 4563 1549 4634 aliqui
1573 4559 1648 4616 habi·

303 4637 360 4702 tut,
380 4649 396 4688 a
413 4645 491 4704 parte
508 4640 647 4700 homiuum
664 4662 714 4716 pro
732 4642 877 4700 uirtutibus
895 4641 993 4712 habiti,
1024 4643 1071 4712 qui
1088 4647 1202 4711 peccant
1219 4639 1247 4695 iu
1266 4639 1393 4696 delectui
1429 4641 1474 4698 Sic
1491 4649 1534 4698 est
1557 4637 1648 4708 topica

304 4707 438 4770 derebus
457 4716 533 4770 seriis
551 4727 579 4774 et
595 4722 751 4794 scientificis
770 4719 933 4792 disputatio;
958 4721 997 4776 sic
1018 4718 1179 4788 humanitas,
1197 4718 1300 4790 cultus,
1326 4719 1475 4776 aulicorum
1493 4733 1593 4788 mores,
1619 4718 1647 4772 iu

303 4788 372 4862 litet
392 4789 432 4845 tic
448 4787 582 4853 lenocinia
597 4815 703 4856 morum
720 4811 749 4858 ιι
765 4805 917 4871 verborum,
934 4799 1091 4868 eloquentia
1102 4798 1229 4870 ιιιιιιιις
1248 4798 1287 4856 ιιι
1299 4815 1345 4854 ars
1356 4797 1471 4870 amandi,
1489 4798 1528 4855 ιιι
1539 4796 1645 4869 leuitas,
