3676 5536
741 326 823 384 biber
839 328 884 385 IV.
904 329 993 400 Caput
1009 329 1042 387 V.
1228 337 1231 344 ’
1505 345 1567 404 241

217 499 289 550 unm
306 495 418 567 ductus,
446 499 493 569 qui
510 513 590 556 arcus
609 503 691 556 servit
712 503 883 573 inscriptioni
905 505 1033 563 centralis
1054 506 1159 575 figurae
1185 508 1214 564 ia
1232 507 1370 568 cuculum.
1405 513 1475 570 llam
1493 513 1592 586 ordo,'

218 575 264 644 qui
282 582 325 630 ast
349 575 378 630 in
395 577 615 649 ratiocinatione,
639 581 710 636 idem
728 583 810 638 etiam
832 583 861 638 in
882 583 1013 640 instinctu
1037 591 1087 641 est.
1123 587 1243 643 Rursum
1269 588 1351 656 igitur
1369 590 1570 648 demonstratur

217 653 260 707 ria
284 651 319 708 ad
342 654 547 724 perceptionem
569 657 672 728 figurae
696 662 824 736 'centralis
851 662 959 731 longior
982 671 1009 718 et
1034 665 1073 720 sic
1097 665 1178 720 etiam
1207 667 1241 722 ad
1269 668 1327 736 ejus
1354 671 1566 739 congruentiam.

205 731 307 800 'Quare
326 731 459 801 seipsam
477 735 574 790 evertit
593 737 722 809 objectio,
741 757 811 810 quse
829 741 1056 810 praepollentiam
1074 743 1227 800 collocabat
1244 747 1271 800 in
1284 749 1459 818 perceptione
1477 749 1569 818 priori.

303 811 346 866 Ad
364 812 483 867 rationes
502 831 552 882 pro
572 816 658 872 altero
676 823 795 876 membro
815 821 854 876 sic
867 821 1100 889 respondendum:
1119 839 1182 878 rere
1195 825 1302 893 quidem
1315 826 1395 881 etiam
1413 827 1440 882 in
1458 828 1570 884 circum·

215 889 349 946 ferentiali
367 889 455 960 figura
473 894 590 961 priorem
608 911 669 951 esse
687 898 860 954 scibilitatem
877 897 972 956 lateris
991 905 1167 971 congruentia
1189 905 1293 972 figurae
1311 908 1409 976 totius,
1437 909 1472 963 ob
1490 925 1569 977 argu·

216 977 308 1022 manta
326 967 411 1038 dicta,
438 986 508 1040 quaa
527 973 571 1028 hic
590 975 671 1029 etiam
689 976 787 1032 valent.
823 982 861 1034 At
878 993 933 1032 nou
951 983 1086 1052 sequitur,
1113 992 1144 1038 ut
1162 999 1196 1037 ex
1214 983 1319 1040 duabus
1336 987 1432 1056 robus,
1456 979 1569 1056 qu'arum

216 1047 303 1102 altera
320 1048 431 1103 alterius
450 1057 492 1103 est
511 1066 609 1118 cansa,
630 1053 676 1108 illa
694 1071 764 1125 qnae
782 1071 865 1112 causa
890 1065 932 1111 est
951 1077 1032 1129 porro
1056 1063 1136 1118 etiam
1154 1063 1252 1120 fortius
1270 1073 1377 1122 moreat
1393 1067 1504 1122 tertium
1522 1067 1570 1122 ali-

216 1127 289 1195 quid.
326 1125 395 1182 Nam
413 1143 463 1197 pro
482 1137 563 1197 captu
583 1132 696 1203 animae,
715 1151 785 1205 quae
803 1138 884 1196 debet
902 1142 1015 1210 moveri,
1040 1157 1122 1210 saepe
1140 1141 1229 1196 minus
1247 1143 1275 1197 in
1293 1143 1367 1198 illum
1388 1143 1460 1198 valet
1478 1159 1569 1212 causa,

216 1221 296 1275 quam
314 1205 440 1277 effectum
465 1214 497 1263 ut
514 1209 557 1264 bic
575 1213 691 1268 animam
709 1215 901 1293 sublunarem,
924 1223 953 1277 in
972 1229 1103 1291 quantum
1121 1219 1231 1292 quidem
1248 1222 1406 1291 perceptira
1424 1229 1478 1292 est,
1507 1222 1570 1290 plus

218 1293 308 1339 moret
326 1285 457 1341 scibilitas
476 1287 580 1356 figurae
598 1293 735 1366 casualis,
753 1297 781 1349 in
801 1309 933 1365 quantum
950 1316 1014 1356 vero
1027 1301 1174 1369 operativa,
1194 1299 1256 1368 plus
1274 1300 1451 1370 congruentia
1467 1299 1570 1368 figurae

213 1363 469 1422 circumferentialis.

301 1446 469 1516 Argumenta
484 1463 549 1502 vero
567 1465 627 1506 mea
643 1455 754 1523 propria
772 1455 806 1512 ad
824 1459 1038 1529 propositionem
1055 1457 1223 1528 probandam
1235 1457 1377 1514 suntista:
1404 1457 1480 1529 prius
1499 1458 1572 1528 enirn¹

215 1533 403 1603 usurpavimus
427 1549 505 1603 prop.
526 1533 556 1601 6,
580 1541 702 1589 centrum
722 1551 781 1591 esse
807 1539 944 1607 quandam
962 1539 1051 1593 ideam
1076 1538 1175 1592 mentis
1193 1536 1360 1594 theoreticae
1384 1553 1432 1593 seu
1449 1536 1570 1592 intellec·

215 1621 270 1682 tus,
289 1611 531 1667 circumferentiam
548 1612 687 1670 facultatis
704 1616 841 1684 practicae
860 1635 908 1673 seu
927 1619 1082 1689 operativae
1088 1639 1098 1686 ;
1116 1616 1180 1687 quia
1198 1624 1228 1672 ut
1246 1623 1368 1673 centrum
1386 1617 1478 1673 circuli
1496 1621 1570 1677 basis

217 1707 260 1755 est
278 1705 306 1752 et
323 1695 406 1763 origo,
426 1693 464 1748 sic
481 1694 620 1750 meditatio
639 1695 761 1750 actionis.
798 1697 899 1766 Figura
917 1697 1007 1766 igitur,
1027 1711 1097 1766 quae
1114 1695 1230 1766 porrigit
1242 1696 1371 1766 angulum
1388 1700 1423 1754 ad
1440 1707 1570 1777 centrum,

216 1795 252 1834 sc.
274 1776 309 1830 ad
327 1775 451 1840 Terram,
471 1772 517 1826 ubi
536 1773 626 1828 anima
643 1772 721 1828 sedet
737 1775 840 1845 figurae
859 1777 1022 1846 perceptm'x,
1048 1775 1163 1845 porrigit
1181 1789 1210 1829 se
1231 1775 1309 1844 quasi
1332 1775 1366 1829 ad
1385 1776 1525 1833 sciendum
1543 1786 1571 1834 et

216 1853 431 1925 dijudicandum,
456 1867 517 1906 cum
536 1859 658 1908 centrum
675 1853 795 1908 tribuual
813 1855 941 1912 scientiae
967 1861 1162 1922 repraesentet.
1199 1853 1286 1922 Igitur
1303 1853 1332 1908 in
1351 1856 1464 1910 centrali
1481 1855 1570 1928 figura

216 1937 308 2005 potius
326 1931 443 2002 spectari
463 1929 544 1986 debet
563 1929 757 2001 scientiarum
776 1933 915 2004 obstante,
941 1933 1015 2003 quod
1032 1931 1080 1987 illa
1096 1949 1146 2002 per
1170 1933 1299 1989 cuculum
1322 1942 1450 2006 tanquam
1469 1938 1569 1994 instra·

216 2019 336 2068 mentum
354 2018 540 2079 comparetur,
558 2017 589 2065 ut
606 2011 688 2081 paulo
706 2023 770 2068 ante
789 2010 898 2067 dictum.
937 2012 1037 2067 Contra
1057 2011 1157 2080 figura,
1185 2010 1256 2080 quae'
1278 2011 1385 2068 ordinat
1404 2015 1517 2084 angulos
1542 2017 1570 2072 in

216 2090 446 2158 circumferentia,
474 2090 559 2156 magis
579 2106 608 2145 se
627 2091 748 2160 applicat
772 2091 806 2146 ad
830 2091 991 2146 imitandum
1013 2088 1271 2159 exprimendumqae
1294 2090 1322 2144 in
1347 2107 1429 2161 opere
1456 2095 1570 2166 ammae,

215 2171 300 2227 veluti
319 2169 354 2225 ad
371 2169 460 2223 ideam
479 2185 591 2238 operum
609 2185 781 2227 concurrens.
817 2171 899 2242 Atqui
921 2169 1015 2239 potius
1034 2169 1210 2237 congruentia
1233 2183 1314 2236 quarn
1338 2171 1469 2226 scibilitas
1487 2173 1571 2230 habet

216 2269 329 2323 operum
346 2251 484 2306 sensilium
502 2249 773 2320 aedificationumque
790 2251 887 2316 ideam,
907 2251 970 2320 quia
988 2247 1113 2317 sequitur
1130 2246 1231 2316 figuras
1242 2255 1321 2318 totas,
1341 2265 1402 2304 cum
1414 2250 1495 2320 latus,
1514 2268 1569 2321 quo
1628 2273 1630 2284 ·

140 2320 142 2330 ’
215 2331 304 2402 figura
322 2331 414 2398 scitur,
433 2333 469 2387 sit
486 2327 545 2395 ejus
565 2327 660 2384 saltem
676 2327 847 2384 clementum.
885 2329 975 2398 Quare
993 2329 1020 2383 in
1039 2329 1128 2396 figura
1140 2326 1377 2384 circumferentiali
1395 2330 1487 2400 potius
1506 2346 1569 2387 cou-

216 2411 340 2482 gruentia
359 2419 400 2466 est
416 2407 604 2481 respicienda„
618 2423 698 2477 quam
717 2409 858 2464 scibilitas.

303 2489 428 2544 Alterum
446 2493 632 2556 argumentum
651 2503 700 2555 pro
718 2486 769 2542 hac
783 2487 901 2542 secunda
914 2493 992 2557 parte
1005 2485 1101 2540 nititur
1113 2484 1209 2541 eadam
1221 2485 1438 2544 consideratione
1456 2489 1569 2555 animae,

214 2577 339 2639 praestat
356 2569 392 2636 id,
417 2577 528 2639 propter
547 2566 619 2636 quod
637 2573 701 2622 sunt
719 2577 824 2636 cetera,
850 2574 878 2622 at
900 2571 1013 2636 propter
1035 2580 1103 2634 opus
1127 2571 1242 2619 naturae
1264 2565 1421 2622 sublunaris
1442 2567 1570 2639 adeoque

215 2649 297 2702 etiam
316 2649 420 2703 animae
438 2649 572 2702 humanae
590 2642 750 2701 facultatum
769 2647 927 2701 inferiorum
946 2643 1134 2714 percipiuntur
1152 2641 1395 2715 configurationes,
1421 2647 1525 2702 scilicet
1542 2648 1570 2703 in

215 2727 244 2783 id
260 2727 456 2797 percipiuntur,
473 2735 504 2782 ut
522 2739 605 2795 opere
624 2728 819 2794 exprimentum
839 2725 925 2794 major
943 2731 986 2778 est
1003 2723 1087 2792 igitur
1105 2722 1222 2793 dignitas
1239 2722 1377 2788 facultatis
1395 2725 1526 2781 materiae
1543 2727 1571 2782 in

215 2805 270 2860 boc
294 2807 410 2873 negotio.
448 2805 502 2860 Sed
525 2799 656 2857 scibilitas
685 2803 788 2870 figurae
807 2803 1056 2862 circumferentialis
1083 2802 1251 2871 perceptioni
1275 2805 1369 2873 sarrit,
1395 2807 1571 2873 congruentia

215 2885 375 2955 operationi,
393 2891 424 2940 ut
441 2883 585 2950 hactenus,
610 2879 694 2948 igitur
713 2891 740 2938 et
758 2883 933 2953 congruentia
955 2883 1059 2952 figurae
1083 2881 1335 2938 circumferentialis
1357 2891 1480 2952 praestat
1500 2883 1571 2953 ejus·

216 2963 278 3018 dem
296 2963 442 3019 scibilitati.

303 3039 521 3116 Propositio
544 3037 629 3102 VIII.
676 3041 769 3100 Arcus
802 3039 921 3113 circuli,
953 3039 1005 3114 qui
1027 3038 1212 3096 constituitur
1242 3034 1377 3112 afigura
1398 3039 1569 3115 incongrua,

142 3129 151 3136 ’
215 3126 327 3186 nullam
350 3127 488 3188 conciliat
510 3127 670 3188 efficaciam
693 3127 906 3188 radiationibus
928 3127 1063 3186 binorum
1084 3123 1280 3202 planetarum,
1310 3142 1409 3185 arcum
1431 3125 1571 3186 determi-

216 3218 358 3274 nantium.

303 3297 373 3352 Nam
391 3296 414 3352 si
433 3297 608 3366 congruentia
632 3305 674 3352 est
692 3314 775 3354 causa
792 3296 934 3368 potissima
962 3293 1115 3364 efficaciae,
1152 3309 1202 3362 pen
1219 3309 1297 3362 prop.
1317 3295 1347 3363 3,
1371 3295 1389 3349 4
1413 3301 1441 3350 et
1464 3297 1493 3364 l,
1519 3295 1571 3352 bac

216 3373 299 3442 igitur
318 3374 460 3430 deficiente
483 3391 537 3432 non
561 3378 614 3434 erit
639 3377 778 3434 sufficiens
797 3393 881 3432 causa
906 3372 1037 3430 hocloco
1056 3373 1135 3428 vilior
1160 3373 1298 3428 scibilitas.
1335 3373 1397 3430 Etsi
1415 3376 1486 3430 enim
1503 3375 1572 3432 haec

215 3453 368 3521 praepollet
386 3456 579 3524 congruentiae
597 3456 625 3511 in
643 3456 757 3512 centrali
775 3455 876 3525 figura,
899 3469 949 3523 per
967 3451 1081 3508 alteram
1101 3458 1207 3520 partem
1226 3468 1267 3521 pr.
1287 3453 1311 3520 7,
1337 3461 1364 3507 at
1384 3455 1501 3511 vicissim
1521 3457 1571 3510 cir·

217 3532 426 3589 camierentialis
444 3534 532 3604 figura
550 3543 593 3592 est
611 3537 724 3594 centrali
742 3537 840 3606 potior,
858 3549 908 3603 per
927 3535 943 3588 6
947 3571 957 3606 ,
977 3540 1005 3586 et
1023 3531 1049 3585 in
1068 3529 1115 3584 illa
1132 3531 1223 3600 potior
1244 3534 1429 3606 congruentia,
1448 3551 1498 3604 per
1515 3536 1569 3608 pri·

217 3627 289 3666 mam
306 3621 410 3680 partem
430 3631 470 3682 pr.
489 3616 515 3671 7.
551 3615 648 3672 Adbuc
666 3615 747 3686 igitur
765 3611 940 3686 congruentia
957 3611 1061 3680 figurae
1079 3609 1330 3666 circumferentialis
1349 3614 1501 3682 praepollet
1518 3617 1571 3672 sci·

216 3689 317 3746 bilitati
334 3692 438 3762 figurae
457 3693 591 3750 centralis.
756 3731 761 3746 .

305 3768 349 3826 En
374 3786 507 3845 causam,
541 3787 600 3846 car,
632 3788 698 3830 cum
720 3769 829 3848 figurae
852 3767 970 3828 scibiles
992 3769 1051 3828 sint
1072 3764 1217 3839 infinitae,
1249 3761 1431 3828 diversorum
1453 3768 1570 3848 quidem

215 3853 378 3930 graduum,
402 3867 538 3934 aspectus
561 3867 659 3919 tamen
681 3859 768 3937 pauci
791 3858 857 3916 sint.

306 3944 463 4006 Axioma
484 3944 539 4004 111.
595 3947 687 4006 Arcus
709 3943 834 4020 circuli,
866 3955 999 4020 'quorum
1031 3941 1142 4019 figurae
1176 3939 1309 4017 pluribus
1349 3945 1571 4022 potioribusque

216 4035 423 4106 congruentiae
446 4032 670 4112 scibilitatlsque
693 4033 833 4111 gradibus
856 4032 984 4109 pollent,
1016 4030 1195 4092 efficaciores
1219 4031 1306 4090 etiam
1329 4034 1473 4108 recipiunt
1495 4050 1568 4093 con-

258 4121 415 4179 arationes.

215 4117 257 4194 fig
306 4201 335 4254 Si
352 4201 406 4257 duo
425 4201 512 4271 prima
528 4201 666 4257 axiomata
684 4211 748 4259 sunt
766 4207 949 4260 consentanea
967 4217 1044 4270 raro,
1065 4199 1116 4256 erit
1135 4207 1164 4255 at
1180 4201 1247 4270 hoc,
1266 4201 1343 4272 quia,
1368 4208 1480 4271 propter
1498 4202 1570 4272 quod

215 4279 429 4349 unumquodque
448 4288 490 4335 est
507 4279 570 4339 tale.
589 4278 636 4334 illo
654 4279 776 4350 intenso,
801 4281 875 4338 istud
892 4281 975 4336 etiam
993 4281 1079 4360 magis
1099 4281 1150 4336 erit
1167 4281 1232 4336 tale.
1269 4280 1315 4335 Sic
1332 4287 1422 4334 autem
1440 4280 1568 4354 intellige,

216 4357 291 4426 quod
308 4357 337 4412 in
354 4357 442 4428 figura
460 4357 695 4418 circumferentiali
712 4360 786 4428 prior
804 4359 840 4415 sit
858 4361 1024 4431 comparatio
1043 4360 1176 4429 graduum
1194 4359 1395 4431 congruentiae,
1413 4359 1442 4414 in
1457 4362 1571 4418 centrali

216 4435 292 4506 prior
309 4436 441 4504 maduum
459 4437 619 4507 scibilitatis,
637 4437 755 4505 denique
771 4438 894 4508 potiores
913 4449 1005 4509 partes
1023 4439 1272 4496 circumferentialis
1291 4439 1401 4506 figurae.

304 4511 525 4589 Propositio
548 4511 606 4571 IX.
652 4512 904 4590 configurationes
928 4515 1062 4576 efficaces
1085 4523 1167 4589 sunt,
1191 4531 1267 4590 quae
1284 4515 1570 4592 intercipiuutarcus

217 4599 318 4659 circuli
346 4600 459 4660 zodiaci
487 4603 572 4660 istos:
603 4597 653 4660 Gr.
680 4602 740 4660 180
769 4603 933 4677 oppositio,
965 4619 1001 4662 ex
1029 4601 1170 4662 diametro
1194 4601 1311 4676 circuli,
1339 4610 1372 4663 ut
1401 4605 1430 4661 in
1452 4602 1500 4680 fig.
1518 4607 1569 4662 24.

218 4685 269 4748 Gr.
301 4689 341 4748 90
370 4687 546 4765 quadratus,
575 4705 610 4748 er
640 4697 809 4766 tetragono,
836 4694 870 4748 ut
896 4691 927 4748 in
955 4689 1004 4766 fig.
1036 4689 1087 4748 25.
1138 4687 1190 4748 Gr.
1221 4693 1282 4752 120
1313 4693 1418 4766 triaue,
1450 4698 1478 4752 et
1510 4687 1572 4752 60⁰

271 4798 366 4850 Keplerl
380 4797 456 4851 opera
469 4798 497 4841 V.
1375 4797 1414 4855 16
