3480 5548
266 393 306 456 bi
640 389 783 462 Epistoiae
799 387 912 461 Kepiui
929 389 1098 462 aliorumque
1114 395 1226 446 mutuae

266 567 494 632 'innittentem
517 569 656 630 circulum
679 569 797 630 durities
818 572 973 644 mereim,
1001 579 1111 630 rectam
1138 587 1209 630 vero
1231 567 1384 642 chordam,
1415 569 1529 628 enarmi
1552 585 1609 626 oon

267 659 310 718 ita
332 656 404 716 dure
427 659 479 730 sit,
503 657 554 718 sed
575 659 711 719 flexibilis
733 675 982 735 quaquaversum,
1013 660 1106 718 tendit
1127 663 1255 735 capitum
1278 657 1408 716 violenta
1430 657 1559 714 diductio
1580 659 1609 712 in

266 745 371 822 plagas
394 747 554 822 oppositas.
599 746 644 806 sit
665 753 734 824 eigo
756 746 881 806 circulus
903 747 1009 822 aliquis
1031 747 1284 822 aequabilissimus
1307 763 1343 803 ex
1365 745 1461 804 solido
1481 744 1609 816 metallo,

266 835 405 906 tinniens,
436 835 485 908 qni
512 850 570 892 uon
598 841 711 892 tantum
735 834 765 891 in
788 851 847 892 uno
870 835 955 910 siguo
976 835 1106 892 firmatus
1127 837 1242 907 tinniat,
1264 833 1316 892 sed
1339 835 1427 891 etiam
1449 835 1474 890 si
1497 831 1611 891 duobus

266 923 358 999 signis
380 919 495 998 ligatur,
519 921 632 980 divisos
654 923 683 978 iu
705 924 855 998 portiones
878 921 962 994 duas,
984 923 1090 981 tinnmt
1110 921 1213 998 pulsus
1235 921 1274 979 ab
1294 929 1419 996 utraque
1439 929 1533 996 parte

375 1039 581 1102 Ariomata.
625 1042 650 1100 1.
684 1041 757 1102 Pars
787 1041 885 1102 circuli
913 1043 1029 1102 brevior
1055 1043 1179 1104 celerius
1206 1051 1342 1102 moretm
1369 1061 1388 1100 a
1409 1042 1511 1118 pulsa,
1542 1041 1611 1116 quia

268 1131 363 1190 tensio
386 1131 525 1210 majorem
550 1129 640 1190 babet
660 1131 879 1208 proportionem
901 1129 939 1190 ad
961 1139 1075 1208 partem
1093 1131 1263 1204 breviorem,
1288 1149 1374 1206 quam
1390 1129 1427 1188 ad
1443 1129 1610 1206 longiorem.

267 1217 394 1278 Celerior
421 1227 519 1278 autem
546 1227 642 1276 motus
674 1234 778 1277 sonum
810 1217 898 1277 habet
928 1221 1095 1279 acutiorem.
1147 1219 1252 1278 Brevis
1275 1220 1374 1294 itaque
1397 1237 1464 1294 pars
1485 1227 1610 1290 acutum,

265 1305 355 1386 longa
376 1324 496 1384 marem
518 1304 570 1365 dat
591 1315 758 1380 sonumct
779 1315 878 1382 partes
900 1307 1039 1384 aequales
1061 1305 1215 1384 aequalem
1237 1305 1308 1366 daut
1330 1324 1443 1364 sonum

373 1411 412 1472 II.
436 1411 509 1472 Pars
531 1399 631 1472 circuli
653 1409 795 1488 aliquota,
819 1428 895 1487 quae
916 1430 937 1470 a
958 1412 1028 1472 dato
1050 1411 1149 1472 cuculi
1170 1419 1280 1490 puncto
1303 1414 1419 1486 incepta
1439 1411 1612 1486 geometrice

266 1501 399 1576 inveniri,
432 1499 623 1560 demonstrari
652 1506 682 1558 et
712 1500 852 1558 constitui
879 1507 991 1576 potest,
1014 1508 1157 1560 consonat
1179 1518 1245 1560 oum
1268 1507 1340 1558 toto.
1385 1499 1423 1558 Et
1444 1507 1544 1574 partes
1566 1496 1613 1556 vel

266 1587 407 1662 mortae,
441 1605 518 1665 qnae
540 1593 608 1646 suot
630 1585 668 1644 ad
691 1587 815 1645 invicem
837 1593 871 1644 ut
892 1597 971 1648 totus
993 1588 1117 1648 monins
1148 1597 1178 1648 et
1203 1588 1267 1664 ejus
1295 1587 1428 1662 aliquota
1455 1603 1541 1662 pars,
1571 1587 1612 1644 sie

266 1677 443 1754 geometrice
466 1673 710 1748 demonstrabilis,
732 1673 865 1734 similiter
886 1678 961 1735 inter
981 1695 1014 1736 sc
1037 1683 1208 1736 consonant.

374 1777 430 1840 111.
454 1777 593 1837 Vicissim
608 1795 677 1855 pars
700 1776 799 1846 cuculi
814 1778 954 1854 aliquota,
977 1799 1053 1857 qnae
1069 1785 1107 1840 sit
1121 1777 1346 1859 ἆγεωμειρητις,
1369 1776 1613 1836 demonstratione

267 1885 369 1930 carens
402 1875 507 1943 suapte
539 1873 657 1938 namra,
690 1865 822 1926 dissonat
850 1885 870 1924 a
898 1877 961 1928 toto
994 1870 1112 1928 circuio.
1152 1869 1194 1928 Et
1223 1871 1267 1926 sic
1299 1870 1386 1928 etism
1421 1883 1612 1941 quaecunque

158 2011 170 2036 ,
266 1955 464 2033 longitudines
485 1971 610 2014 sonorae
632 1955 663 2012 iu
684 1953 737 2013 tali
758 1957 945 2031 proportione
967 1957 1006 2016 ad
1028 1975 1061 2016 se
1082 1964 1184 2016 mutuo
1207 1958 1393 2015 constitutae.

374 2057 458 2118 llaec
480 2056 539 2118 dno
561 2059 712 2116 axiomata
733 2061 881 2118 insinuant
903 2062 988 2119 nobis
1018 2060 1219 2120 admirabilem
1241 2076 1359 2120 causam
1382 2045 1611 2116 harmoniarum:

267 2155 301 2208 ut
322 2145 462 2224 quicquid
486 2147 515 2204 in
537 2147 698 2222 geometria
719 2149 853 2222 congruit
878 2149 1039 2222 absuscte,
1072 2157 1214 2225 congrunt
1239 2135 1339 2206 etiam'
1355 2149 1384 2203 in
1407 2153 1558 2216 concreto,
1590 2145 1612 2201 si

267 2237 444 2296 materietm.
498 2232 545 2294 lta
572 2233 635 2306 liet,
666 2241 700 2292 nt
729 2237 890 2309 geometria
917 2238 956 2294 sit
983 2236 1161 2314 archetypus
1189 2235 1304 2307 mundi,
1336 2233 1416 2308 qnod
1445 2236 1535 2293 etiam
1564 2247 1613 2307 per

266 2323 375 2400 ligurus
398 2321 517 2394 solidas,
540 2323 669 2398 quinque
691 2337 814 2398 corpora
836 2299 938 2396 dictas,
962 2325 991 2380 in
1015 2325 1244 2384 conformatione
1257 2323 1453 2398 proportionis
1467 2320 1613 2380 coelomm

270 2411 499 2472 demonstratum
521 2418 567 2468 est
587 2427 607 2467 a
627 2426 674 2467 me
691 2411 726 2465 in
755 2425 821 2467 meo
843 2409 1004 2476 Prodromo
1036 2429 1088 2471 seu
1110 2411 1254 2488 Mysterio
1277 2409 1533 2484 Cosmograpbieo.
1578 2407 1614 2464 Et

270 2516 336 2560 enm
358 2497 536 2576 geometrica
554 2497 636 2556 entia
658 2497 687 2552 in
710 2505 806 2555 mente
827 2497 997 2573 subsistant,
1019 2507 1089 2558 suut
1110 2502 1199 2576 igitur
1221 2499 1278 2556 duo
1302 2507 1465 2558 coaeterna.
1504 2495 1614 2554 Arche·

197 2614 201 2628 ι
231 2638 234 2647 .
269 2595 358 2664 typus
380 2587 469 2661 igitur
490 2581 592 2642 mnndi
614 2589 748 2642 aeternus
770 2591 801 2642 et
822 2600 898 2659 qnae
921 2585 981 2645 alia
1001 2588 1161 2660 mirabilia,
1184 2586 1289 2662 parlim
1311 2593 1341 2644 et
1362 2585 1525 2660 paradoxa,
1548 2581 1613 2639 inde

271 2675 380 2734 exstrui
410 2677 543 2748 possunt.
588 2669 719 2745 Cumque
741 2670 871 2730 infinitae
900 2675 959 2731 sint
984 2683 1082 2749 partes
1112 2675 1211 2733 circuli
1241 2671 1495 2743 demonstrabiles,
1523 2671 1614 2728 tn'bus

271 2759 420 2820 ordinibus
436 2763 603 2834 surgentes:
626 2758 796 2831 bisentione,
813 2761 987 2835 trisectione,
1004 2763 1224 2837 quinisectione,
1245 2759 1368 2837 singulis
1383 2778 1435 2837 per
1448 2760 1614 2817 continuam

270 2849 462 2908 bisectisocm
495 2847 524 2902 in
555 2843 697 2902 infirritnm
726 2845 915 2922 abeuntibus,
948 2849 1077 2908 inlicitae
1108 2853 1196 2908 etiem
1224 2849 1295 2908 tient
1316 2846 1540 2906 concordantiae
1562 2861 1613 2922 per

271 2945 392 2996 octavas
419 2950 472 2994 sen
500 2937 655 2994 dmraoor
681 2941 879 3008 propagataeq
911 2943 944 2994 ui
968 2939 1045 2996 ratio
1073 2937 1147 2996 haee
1175 2939 1215 2995 sit
1243 2937 1411 2995 certissima.
1456 2932 1522 2994 Une
1552 2932 1615 2991 sole
1670 2932 1673 2938 ’

270 3023 411 3094 instantia
439 3021 557 3080 sdertnr
586 3035 637 3096 per
668 3020 932 3098 quindecaoguium
964 3042 1016 3084 seu
1045 3034 1167 3100 partem·
1185 3024 1284 3082 circuli
1312 3023 1453 3082 decimam
1476 3021 1614 3098 quintam,

271 3127 348 3188 quae
380 3109 449 3170 iicet
475 3109 651 3184 geometrice
682 3111 891 3184 constituatur,
924 3129 981 3170 non
1015 3123 1158 3170 consonat
1185 3121 1280 3172 tamen
1310 3129 1376 3170 cum
1407 3111 1523 3168 circuio.
1570 3106 1614 3166 rid

271 3196 442 3259 solvendam
476 3197 563 3272 igitur
595 3193 670 3254 bane
703 3195 896 3272 objectionem
929 3198 1127 3258 consideretur
1160 3199 1265 3257 modus
1286 3199 1554 3270 ,demonstrationis
1588 3203 1617 3254 et

271 3283 498 3363 quindecengnli
526 3290 557 3343 et
589 3290 748 3342 ceterorum
779 3287 918 3344 omnium.
974 3275 1136 3363 Apparebit
1167 3289 1399 3362 quinisectionis,
1433 3287 1615 3357 trisectionis,

270 3374 441 3434 binoctionis
456 3371 543 3454 leges
566 3385 630 3429 esse
652 3373 801 3446 proprias,
831 3373 990 3449 cujuslibet
1018 3377 1047 3432 in
1078 3391 1131 3434 suo
1156 3374 1256 3434 ordine
1279 3377 1308 3430 irr
1331 3373 1491 3445 inlinitum,
1521 3375 1564 3430 sic
1585 3379 1616 3429 ut

271 3469 385 3538 praeter
414 3460 618 3532 bisectionem,
650 3459 785 3518 omnibus
814 3461 906 3520 tribus
936 3461 1088 3521 ordinibus
1118 3479 1313 3536 communem,
1347 3461 1420 3518 nibil
1450 3468 1617 3519 extraneum

241 3549 245 3559 '
272 3549 460 3627 ingrediatur.
503 3545 579 3606 Nam
609 3546 733 3606 circtrlm
762 3548 791 3604 in
822 3548 881 3606 dno
907 3559 1022 3608 secatru
1044 3550 1131 3610 ducta
1161 3548 1301 3608 diametro
1325 3549 1382 3606 liii
1404 3565 1457 3624 per
1479 3557 1616 3606 centrum.

480 3641 530 3692 ris·
545 3638 566 3682 t.
794 3635 832 3694 Et
853 3637 957 3696 exinde
980 3641 1074 3698 omnis
1095 3653 1179 3697 arcus
1201 3641 1231 3694 in
1255 3637 1313 3696 duo
1335 3647 1458 3708 secatm,
1481 3635 1569 3693 dueta
1582 3651 1618 3692 cx

792 3731 890 3783 centro
923 3733 1002 3785 reeta
1034 3728 1064 3784 in
1097 3727 1267 3785 subiensam
1299 3722 1540 3801 perpendiculari.
1584 3721 1617 3779 ln

358 3795 391 3854 Ῑ
472 3798 648 3906 m
721 3846 743 3896 0
791 3827 844 3870 sex
866 3829 936 3872 vero
959 3823 1073 3874 secetur
1088 3813 1212 3874 circulus
1231 3812 1379 3889 applicata
1404 3810 1618 3870 semidiametro

642 3900 649 3905 ’
792 3899 846 3957 AL
878 3900 916 3959 ad
941 3901 1207 3986 ¹circumferentiam
1236 3904 1265 3958 iu
1289 3903 1316 3958 A
1344 3908 1374 3960 et
1395 3900 1430 3958 B.
1482 3895 1568 3958 Unde
1590 3905 1619 3954 et

790 4004 859 4062 pars
880 3990 967 4050 tertia
986 3988 1204 4048 et·duodecima
1223 3996 1252 4048 et
1267 3991 1334 4054 tte
1354 3996 1409 4046 etc
1431 3991 1617 4061 propagatur.

791 4075 841 4134 Sic
854 4077 977 4135 circulus
992 4080 1021 4136 in
1040 4077 1078 4134 10
1094 4084 1208 4134 secetur
1222 4079 1280 4135 sic:
1304 4075 1462 4152 quadretur
1480 4072 1618 4132 semidic-

790 4171 883 4224 meter
913 4163 978 4237 Ab,
1016 4171 1049 4220 ut
1077 4164 1141 4240 ejus
1171 4163 1345 4240 quadratum
1379 4165 1418 4220 sit
1446 4161 1503 4234 Al,
1542 4156 1618 4236 quod
1727 4237 1728 4240 Ἴ

691 4241 694 4253 ’
792 4257 906 4311 secetur
932 4249 1074 4327 parallela
1100 4250 1166 4310 MN
1195 4253 1251 4326 sic,
1282 4259 1316 4310 ut
1343 4249 1464 4326 planum
1487 4249 1542 4307 AN
1570 4246 1620 4304 fiat

793 4335 916 4415 aequale
947 4338 1090 4414 quadrato
1119 4340 1238 4415 majoris
1259 4342 1361 4415 ‹partis
1389 4336 1457 4395 ML
1486 4335 1535 4396 vel
1564 4333 1618 4407 Nl,

793 4425 873 4507 qnod
895 4427 935 4484 sit
955 4423 1012 4484 10.
1056 4425 1091 4486 Id
1114 4435 1212 4488 autem
1235 4427 1410 4502 geometrice
1432 4423 1493 4482 lieri
1515 4428 1618 4499 potest,

276 4519 309 4572 ni
331 4511 451 4576 docetur
472 4515 547 4577 libro
568 4519 609 4581 11.
632 4521 771 4584 Euclidis.
825 4514 909 4596 Tunc
931 4521 976 4574 est
999 4512 1051 4572 AL
1074 4521 1137 4574 iota
1158 4514 1196 4573 ad
1219 4513 1275 4572 Lbi
1306 4513 1401 4588 majus
1430 4519 1619 4587 segmentum,

276 4609 310 4660 nt
331 4601 389 4662 irbi
410 4601 449 4664 ad
470 4603 532 4665 its
554 4607 710 4670 residuum.
764 4605 856 4683 igitur
879 4599 936 4658 Lbi
959 4600 1108 4678 applicata
1130 4601 1174 4660 ad
1203 4600 1462 4662 circumferentiam
1484 4595 1620 4657 rescindit

275 4701 388 4770 purtem
419 4693 561 4754 decimam
592 4695 657 4756 ΑΚ.
703 4697 740 4756 Ει
769 4693 825 4752 bac
854 4689 1100 4750 demonstratione
1128 4691 1231 4765 quinta
1261 4707 1342 4764 pars,
1376 4693 1409 4746 ut
1430 4694 1460 4746 et
1481 4686 1622 4745 vicesima

277 4789 308 4842 ct
329 4789 442 4844 ceterae
464 4800 565 4845 omnes
582 4787 811 4848 communicant
865 4777 1049 4855 Habentque.
1064 4777 1132 4838 inde
1153 4776 1281 4863 pertiqm
1303 4793 1356 4836 sen
1377 4791 1497 4836 monum
1518 4773 1621 4832 borum

276 4867 433 4934 subtemen
454 4891 524 4936 snas
547 4871 586 4932 ad
608 4871 779 4934 museum
801 4867 998 4944 aequationes.
