3480 5548
272 343 313 404 it
651 338 792 410 Enim
807 337 919 407 lieplei
934 337 1101 406 sunnon
1117 345 1226 392 ΙΝ

270 513 995 582 ιδιμηαιπιιικιωιιίμίωωιι
1029 515 1336 576 huetii-sun,
1359 513 1604 576 efflantem

271 585 711 650 lsee‚esessesettbeusiput
746 585 1604 646 uns-ratonisseuebnsneaspiritessaacnsuigrs-

270 653 871 717 dnh-memdispuiissetaiitertastis
890 656 1221 705 denbmsntiredidie’x
1247 655 1393 704 Daui·
1412 655 1603 716 ipseinrerbo

271 729 520 788 euoprspurtionese
538 721 1604 788 mmdaumrnnpmsitufflquodmdtqmnbilim

270 793 375 855 ailquid
410 795 468 858 Qua
486 799 561 856 igitur
577 797 656 843 iroute
673 808 725 842 ιιι
742 794 934 845 hiensium?
950 805 995 844 ast
1012 795 1137 857 quomode
1153 798 1248 844 ntiuui
1260 801 1360 842 noetrsc
1375 801 1474 842 numu
1493 795 1605 858 iidemus,

271 871 308 930 st,
326 879 391 926 quae
408 881 440 914 ea
457 867 530 915 uubis
547 865 643 913 sebee
661 873 732 912 extra
749 864 908 914 usum
926 865 1084 914 revelationis
1102 866 1203 914 verbu
1221 867 1342 928 eugub,
1367 879 1425 912 rere
1448 877 1501 912 sese
1519 863 1605 912 creda·
1641 895 1644 902 ·

271 938 342 983 nusi
364 934 1038 985 cuneasiteorssuileotutacuntstsbcnsinis
1058 937 1242 984 substntiaet
1268 936 1362 981 siritu
1384 933 1557 982 dannationis
1581 937 1606 980 et

267 1007 426 1054 tenebrarum
444 1009 534 1065 abysso
551 1007 672 1068 brunes,
689 1009 715 1052 st
731 1011 861 1066 prepterea
876 1007 924 1055 Dei
941 1009 1052 1064 inimica,
1068 1005 1141 1069 uffil,
1159 1019 1224 1066 quae
1240 1007 1343 1066 spiritus
1361 1004 1410 1052 Dei
1426 1011 1491 1064 sunt,
1510 1000 1608 1050 intelli-

270 1075 493 1134 emereatur:
510 1075 655 1123 ileinesua
671 1081 798 1136 etgeam,
816 1090 900 1124 reru·
918 1085 963 1136 est
980 1078 1024 1124 sesi
1041 1077 1134 1124 inimus
1151 1082 1177 1123 et
1193 1075 1276 1135 inge
1293 1075 1354 1122 bd:
1370 1078 1429 1134 jasa,
1446 1072 1610 1134 perditaDei

271 1145 390 1210 hedde,
415 1144 996 1211 lmssnsnaepernstnraniaelimus,
1021 1146 1169 1206 qunsDns
1192 1147 1315 1192 isa-ensa
1336 1143 1607 1192 bunhxtissuaensi-

271 1213 510 1263 sericurdistoierat
535 1219 698 1276 etpropapxt
718 1228 748 1262 rx
767 1217 860 1264 sesninc
882 1217 977 1277 perdito
1001 1222 1140 1264 «ωηο
1164 1215 1273 1277 perditus
1295 1220 1320 1261 et
1340 1219 1462 1272 mus,
1487 1227 1538 1260 nou
1556 1212 1606 1260 Dei

270 1285 404 1348 manes,
429 1284 473 1332 sed
490 1286 610 1346 ineginep
628 1284 744 1343 Diaboli,
765 1289 1000 1348 cunnjutissisno
1018 1293 1044 1333 et
1061 1287 1216 1334 severissimo
1233 1285 1295 1344 legis
1314 1283 1414 1331 divinae
1430 1283 1545 1330 exmine
1563 1294 1608 1342 pe-

270 1353 1608 1417 nitucunonuisubstautiestriribuedsmtusmpnuminestrtxbonninptuntiu·

269 1425 309 1471 nis
326 1426 468 1472 absum
486 1425 581 1486 peccati
598 1425 750 1482 mysterium,
767 1438 859 1486 nepus
875 1427 961 1488 lxpm
977 1429 1051 1488 prinei
1069 1440 1164 1487 poena,
1181 1439 1228 1473 uec
1244 1431 1297 1471 tare
1315 1424 1389 1482 ieris,
1410 1427 1439 1469 nt
1455 1423 1529 1470 multi
1547 1422 1608 1470 doc·

270 1497 349 1541 torusn
367 1499 506 1542 nemorum
523 1495 679 1541 existiment:
702 1499 769 1542 totus
786 1495 859 1543 buno
883 1509 915 1544 ax
933 1497 1012 1545 turns
1029 1497 1124 1557 optima
1146 1497 1172 1542 iu
1191 1495 1325 1556 pessima
1349 1493 1552 1552 trsmiernatus,
1577 1504 1608 1540 sx

268 1563 377 1622 imagine
394 1563 443 1611 Dei
461 1567 486 1611 iu
504 1563 728 1628 immittente,
746 1565 805 1613 binc
821 1567 888 1614 liius
906 1569 959 1614 irae
976 1573 1013 1614 est
1031 1580 1074 1627 per
1092 1571 1215 1613 ustum.
1250 1563 1299 1610 b'ee
1321 1563 1387 1611 solus
1405 1562 1478 1610 bouso
1494 1564 1533 1610 ita
1551 1575 1609 1623 per-

269 1631 337 1680 ditus
354 1634 427 1696 lapsu
447 1637 581 1695 priunum
598 1639 736 1694 parentum,
752 1633 797 1682 sed
813 1639 839 1683 et
855 1641 922 1684 tens
938 1635 1081 1694 maledicta,
1100 1637 1150 1682 inc
1167 1641 1221 1681 tota
1233 1639 1354 1696 nutura,
1372 1637 1489 1694 perunte
1505 1632 1607 1680 domino

268 1715 322 1759 suo,
339 1705 366 1750 iu
386 1707 455 1764 cuius
473 1704 638 1751 muns
655 1709 739 1750 eruta
755 1705 812 1770 luit,
829 1707 912 1770 perlit,
930 1711 993 1754 teste
1011 1707 1131 1766 Apostoio
1151 1704 1221 1754 iicsu
1244 1703 1322 1750 vili:
1339 1709 1406 1765 tota,
1423 1703 1519 1766 iuquit,
1536 1714 1607 1749 cres-

268 1779 325 1820 ωτι
342 1775 461 1820 renuatis
478 1775 579 1820 servitio
596 1779 621 1820 st
638 1774 802 1834 corruptionis
818 1776 894 1834 malo,
911 1789 929 1822 s
947 1789 999 1840 qus
1016 1782 1092 1822 autea
1109 1777 1188 1822 libera
1197 1775 1252 1836 init,
1271 1773 1383 1832 subJecta
1399 1779 1444 1830 esi,
1464 1772 1507 1820 sed
1520 1779 1606 1819 tauseu

267 1841 295 1888 lu
311 1854 380 1903 spen
398 1849 445 1890 ete.
480 1841 549 1890 Hinc
565 1855 616 1890 non
633 1851 683 1906 est,
701 1849 729 1890 ut
746 1845 772 1890 iu
790 1849 910 1908 nutura
928 1848 955 1894 iu
973 1846 1080 1906 bonine,
1097 1857 1245 1906 quaeramus
1257 1843 1322 1890 Deos
1338 1843 1376 1890 rai
1389 1841 1476 1904 Deum,
1494 1840 1537 1890 rel
1560 1843 1605 1889 bo·

267 1923 327 1958 nuru
345 1911 457 1960 diriunut
473 1919 499 1960 et
515 1925 611 1960 rerunt:
628 1911 687 1960 iicet
704 1915 769 1960 enisu
782 1913 849 1962 Deus
866 1917 951 1964 onsnh
966 1915 1078 1978 inpleat,
1096 1921 1121 1962 et
1136 1916 1320 1974 omnipraesens
1337 1913 1378 1970 sit,
1394 1911 1608 1972 omnipraesentis

268 1985 350 2029 umen
368 1983 418 2030 ista
434 1987 487 2029 tssu
503 1981 576 2042 longe
594 1995 690 2030 unusne
708 1989 808 2044 ‹sptusn
825 1991 935 2032 nostrum
953 1984 1063 2048 excedit,
1088 1991 1116 2032 ut
1139 1986 1173 2032 ab
1191 1997 1222 2031 ea
1239 1983 1302 2030 nibil
1321 1983 1396 2042 piane
1417 1987 1487 2028 extre
1503 1982 1606 2029 serbuu

268 2052 403 2099 revelatum
420 2053 512 2099 inierre
529 2065 584 2100 rere
601 2065 730 2116 qneeruus.
766 2054 819 2101 isuo
837 2055 888 2102 ista
903 2056 1086 2103 iunoniam
1103 2055 1236 2102 Deidratio
1258 2053 1424 2111 cognitionem
1442 2049 1536 2099 cbristi
1561 2051 1607 2098 ob-

268 2127 364 2186 scuret,
390 2123 532 2181 mysterium
550 2123 631 2168 meriti
649 2126 701 2182 eius
720 2123 821 2186 ereriit,
846 2125 989 2184 mysterium
1006 2125 1198 2184 regnerationis
1216 2129 1316 2170 nostrae
1338 2121 1418 2169 eludit
1440 2125 1465 2169 et
1482 2121 1564 2169 usulis
1581 2123 1608 2168 iu

269 2203 327 2238 rers
343 2191 469 2251 tbeciogia
485 2192 594 2240 absurda
611 2193 689 2252 parit:
712 2205 763 2240 uns
780 2195 846 2241 enirn
863 2194 974 2242 absurda
990 2196 1055 2242 ratio
1080 2195 1106 2242 iu
1124 2193 1235 2242 resitetis
1258 2192 1344 2239 aibnns
1369 2195 1466 2252 recepte
1491 2192 1607 2239 innume-

267 2272 308 2307 res
325 2259 390 2309 alias
408 2261 441 2310 ad
460 2275 487 2311 se
504 2261 579 2309 trabit
596 2262 731 2325 falsitates,
750 2265 841 2326 quibus
860 2265 989 2312 veritatem
1007 2279 1050 2326 pro
1069 2279 1111 2329 eu,
1135 2262 1203 2327 quod
1220 2263 1248 2310 in
1265 2275 1318 2309 eam
1336 2262 1417 2325 soret,
1444 2261 1502 2308 odio
1522 2261 1607 2323 oppri-

267 2341 333 2378 mere
350 2332 389 2378 vel
407 2333 494 2379 saltem
516 2333 647 2380 obscurare
665 2334 761 2382 nititur.
796 2333 897 2382 Possem
919 2334 980 2383 baec
1003 2335 1088 2382 omnia
1110 2333 1223 2394 pluribus
1247 2335 1272 2380 st
1295 2331 1431 2379 clarissime
1457 2344 1487 2380 ex
1507 2330 1607 2380 dirim

267 2400 381 2448 resitetie
397 2401 466 2449 ionte
483 2401 658 2463 demonstare,
677 2415 761 2449 rerum
779 2403 841 2452 bees
858 2399 893 2458 ὅς
912 2399 940 2454 s’s
956 2404 1063 2470 sepsi,
1080 2403 1146 2452 dicta
1162 2403 1297 2451 sufficient:
1315 2407 1342 2448 tu
1359 2400 1429 2462 plurs
1441 2401 1568 2451 meditare.

354 2468 423 2532 Quae
441 2477 526 2520 entem
543 2473 722 2519 harmoniarum
740 2475 890 2535 quantitatis
914 2479 952 2522 est
968 2475 1033 2522 ratio
1050 2475 1077 2522 iu
1093 2471 1323 2535 magnitudinibus,
1346 2469 1433 2519 Mem
1461 2471 1487 2518 in
1504 2484 1605 2519 numero

266 2541 349 2602 edens
366 2540 434 2603 quod
445 2541 478 2588 ad
497 2542 629 2588 sesentiens
641 2543 694 2601 eins
706 2544 803 2602 attinet,
822 2549 850 2590 ut
862 2556 893 2591 ex
904 2544 944 2604 iis,
962 2558 1025 2608 quse
1039 2544 1070 2591 ‹ie
1081 2544 1210 2592 monia
1224 2553 1299 2603 snpra
1310 2541 1390 2604 attuli¹
1409 2540 1524 2600 colligere
1541 2538 1604 2590 licet

355 2609 405 2658 Sed
423 2612 508 2658 omnis
529 2610 589 2658 baec
612 2624 641 2658 eo
659 2612 761 2672 scripsi,
783 2616 812 2659 ut
832 2617 857 2660 te
874 2613 907 2660 ad
932 2616 1078 2676 penitioreut
1102 2627 1182 2662 rerum
1205 2613 1310 2660 isisruru
1334 2609 1520 2670 indagationem
1538 2611 1605 2658 exui·

267 2683 355 2726 tuens:
372 2680 497 2741 principia
513 2685 580 2743 sunt,
597 2693 661 2743 quae
677 2680 809 2744 iudssxsti,
827 2689 852 2730 et
869 2683 969 2748 quidem
987 2685 1107 2740 naxium
1130 2686 1223 2742 mejors
1239 2689 1321 2730 tamen
1339 2681 1414 2744 dent,
1432 2682 1454 2728 si
1472 2681 1606 2743 principiis

266 2761 316 2796 non
334 2749 478 2796 immoretus
495 2747 527 2796 ad
544 2749 719 2811 perfectionem
737 2752 854 2800 scientiae
872 2753 902 2801 de
920 2755 992 2802 rebus
1009 2761 1060 2802 tent
1075 2755 1196 2802 abstrusis
1213 2753 1349 2814 perrexeris
1367 2757 1392 2798 et
1409 2752 1482 2800 nobie
1501 2751 1603 2799 bermo-

266 2818 362 2866 uiarusn
380 2821 487 2866 retium
504 2831 555 2868 uon
572 2823 668 2868 tentum
687 2822 713 2868 in
731 2823 919 2885 qumtitatibus,
937 2823 980 2872 sed
998 2831 1023 2872 et
1040 2826 1066 2871 iu
1084 2823 1246 2887 qualitatibus
1263 2820 1407 2885 etquidem
1425 2834 1482 2868 cuns
1500 2821 1606 2884 quanti·

265 2892 342 2936 tatum
359 2889 497 2937 rationibus
515 2895 675 2948 congruentes
694 2889 908 2941 demonstraveris:
926 2907 977 2957 quo
994 2894 1077 2941 labore
1095 2889 1273 2940 incredibiliter
1289 2893 1325 2938 rei
1343 2889 1451 2938 medicae
1470 2890 1604 2953 prolueris

352 2959 437 3022 Aiunt,
457 2959 505 3006 boc
522 2973 622 3024 quoque
638 2965 748 3024 ternpore
766 2966 892 3024 cometam,
910 2963 1011 3028 quidam
1029 2976 1087 3011 reru
1105 2963 1168 3010 duos
1186 2961 1280 3026 rideri3
1299 2974 1344 3022 ego
1359 2960 1457 3008 nullum
1474 2961 1604 3009 observare

265 3027 345 3090 potui,
362 3027 427 3076 uude
445 3040 504 3076 uum
522 3037 579 3076 rere
596 3031 655 3094 sint,
672 3044 736 3095 quae
753 3030 869 3080 dicuntur
886 3037 911 3080 ct
927 3046 987 3081 num
1005 3047 1020 3081 s
1035 3038 1061 3081 te
1077 3045 1177 3097 quoque
1194 3032 1317 3080 obserrsti
1335 3031 1398 3095 sint,
1416 3031 1516 3094 nescio;
1535 3035 1564 3078 tu
1582 3031 1604 3078 si

164 3101 172 3114 ¹
266 3097 329 3162 quid
346 3102 384 3146 est
401 3091 452 3146 re'ri
469 3100 495 3146 in
514 3111 611 3148 rurnore
628 3100 687 3162 boo,
706 3105 745 3149 m's
762 3114 862 3151 moneas
880 3117 931 3150 oro.

353 3165 491 3216 Monstrum
511 3167 685 3218 lisrrnsisense
703 3185 733 3218 ex
752 3178 799 3219 sue·
811 3178 958 3234 prognatum
975 3173 1038 3221 iscis
1056 3172 1170 3236 bumana,
1189 3171 1232 3219 sed
1248 3171 1343 3220 larvata
1360 3183 1416 3220 cusu
1435 3171 1533 3220 cucullo
1552 3182 1606 3218 ruo·

267 3235 352 3305 nacbi,
370 3237 516 3300 proboscide
535 3239 673 3306 eiepbenti,
700 3241 778 3293 cauda
796 3242 949 3307 pedibusque
968 3241 1093 3304 decons,
1118 3242 1206 3305 procul
1223 3241 1299 3290 dubio
1315 3243 1367 3302 isus
1386 3240 1481 3294 vidisti.
1518 3239 1606 3290 Certus

267 3307 342 3355 mam
360 3321 442 3356 rumor
459 3309 556 3356 Vienna
574 3309 607 3357 ad
623 3323 668 3358 uos
686 3311 784 3376 sttuiit,
808 3312 912 3373 milites,
937 3314 1055 3375 quiante
1073 3317 1168 3374 portam
1186 3311 1309 3374 quandam
1326 3313 1395 3360 urbis
1415 3316 1469 3372 (nec
1486 3313 1555 3361 enisu
1571 3311 1607 3358 its

266 3382 386 3442 accursu,
404 3383 434 3426 ut
451 3378 481 3427 de
498 3379 596 3426 nominc
613 3385 698 3441 portae
713 3381 874 3448 inquirerem,
892 3383 1023 3440 incideret)
1041 3383 1067 3430 in
1085 3382 1198 3430 excubiis
1217 3388 1300 3446 erant,
1321 3387 1392 3430 noue
1409 3383 1518 3446 quedam
1535 3380 1606 3431 endi·

267 3447 333 3495 risse
351 3461 435 3496 vocem
453 3448 590 3511 clementis,
608 3447 712 3517 itiswep
729 3463 783 3502 sors
799 3448 908 3516 bitetten,
927 3465 1029 3514 eamque
1047 3465 1103 3501 cuns
1121 3453 1304 3501 existimassent
1321 3465 1375 3502 esee
1391 3467 1484 3518 eorum,
1503 3455 1549 3517 qui
1565 3455 1606 3499 in·

266 3521 304 3564 tra
322 3517 408 3570 urbem
424 3519 452 3566 in
470 3517 554 3566 eaden
573 3525 645 3583 porta
663 3520 806 3586 vigilabunt,
825 3535 923 3570 cansam
941 3537 983 3571 cur
1001 3521 1059 3570 inde
1077 3521 1231 3571 discederent
1249 3535 1279 3571 ex
1297 3523 1360 3584 ipsis
1378 3525 1545 3588 quaesierunt.
1564 3521 1606 3571 sed

267 3599 323 3634 cuns
339 3588 402 3635 nibil
420 3589 532 3649 responsi
549 3588 582 3636 ad
598 3590 773 3650 interrogatum
796 3593 959 3657 accepissent,
983 3595 1158 3656 sequioremnt
1180 3598 1248 3656 tnns;
1276 3595 1390 3656 sequenti
1408 3598 1481 3642 nocte
1504 3593 1606 3642 eandem

266 3670 351 3705 roseus
369 3659 458 3706 iterum
476 3657 607 3707 eudiernnt
630 3664 655 3707 et
672 3661 744 3708 simul
762 3663 870 3710 sonitum
888 3663 914 3710 in
932 3665 999 3724 sire,
1023 3669 1139 3727 tanquam
1158 3675 1262 3724 uernae
1282 3663 1410 3724 cujusdam
1428 3665 1481 3712 aris
1499 3665 1605 3712 circuiu-

267 3727 412 3784 roiitsntis;
430 3727 515 3778 eadem
541 3742 590 3777 vox
615 3729 691 3777 simili
713 3745 769 3780 cum
792 3733 896 3794 strepitu
920 3740 945 3781 et
968 3735 1081 3795 proxima
1102 3734 1174 3780 tertia
1196 3735 1268 3782 nocte
1285 3731 1370 3782 sudlta
1393 3737 1431 3782 eet
1454 3735 1486 3783 ab
1509 3733 1606 3784 iisdem.

269 3795 337 3858 Quid
355 3799 403 3846 isia
420 3797 569 3860 portendant
586 3805 688 3848 eventus
706 3802 828 3861 probsbit.
1067 3857 1073 3866 Ι

353 3867 416 3916 Vale
434 3872 458 3916 et
475 3880 515 3918 sne
535 3867 566 3916 ds
583 3871 632 3916 tuis
650 3870 789 3932 leboribns,
812 3871 904 3936 quibus
926 3875 974 3934 iarn
997 3887 1079 3937 vscss,
1107 3874 1234 3922 certiorem
1254 3871 1340 3922 nem.
1376 3871 1461 3924 Saluis
1484 3887 1541 3924 tneo
1560 3889 1605 3923 no·

265 3937 333 3986 utine
350 3941 479 4000 coniugem
497 3943 564 3986 tusus
582 3939 764 4004 charissimum,
784 3942 862 3990 illinus
880 3948 905 3991 et
922 3941 998 3992 dilen
1015 3949 1083 3992 tuem
1101 3943 1253 4007 snsennem,
1277 3945 1299 3991 si
1316 3947 1397 3993 tecum
1414 3949 1459 3994 eet.
1495 3944 1604 3995 Domino

266 4007 326 4055 item
344 4005 496 4069 Gringaiieto
514 4012 598 4057 nostro
616 4011 730 4059 osculum
748 4013 815 4072 pscis
833 4017 858 4060 et
874 4013 964 4075 pedum
982 4027 1037 4062 cnm
1055 4014 1135 4062 sainte
1152 4011 1231 4062 multa
1252 4025 1269 4060 a
1285 4027 1325 4062 ms
1347 4015 1471 4064 nunciato.
1508 4015 1605 4064 [lebeus

268 4073 449 4140 itasteubergae
467 4071 507 4125 dle
525 4063 566 4128 13.
585 4079 700 4129 Octobris
717 4094 781 4130 suno
800 4081 939 4134 MDGXIX.

354 4161 528 4228 Philippus
545 4163 704 4216 liiiilerns
722 4166 780 4231 (net.
795 4149 927 4231 Heribsrgi
944 4185 968 4218 a.
989 4167 1064 4234 1585,
1081 4170 1205 4236 professor
1222 4171 1411 4221 matbemeiiese
1428 4178 1454 4222 et
1470 4172 1606 4222 medicinee

268 4231 295 4279 iu
314 4233 438 4282 wademla
455 4235 588 4301 Lipsiensi‚
607 4243 677 4284 nort
698 4235 781 4303 1659),
800 4253 875 4302 quens
891 4242 1017 4300 attigimus
1035 4243 1083 4290 voi.
1095 4243 1127 4292 ii.
1146 4255 1172 4304 p.
1191 4237 1251 4307 481,
1270 4239 1402 4303 Kepisrurn
1420 4241 1484 4290 adiit
1500 4245 1606 4305 epistola

270 4301 350 4360 „bene
366 4303 465 4370 iongs“‚
490 4306 517 4354 ln
535 4319 586 4371 qus
602 4305 737 4368 iiepieruns
755 4307 872 4358 laudibus
890 4311 960 4358 silert
977 4320 1001 4358 et
1018 4313 1175 4376 qneestioues
1193 4325 1243 4361 non
1260 4325 1352 4374 pancas
1377 4313 1469 4375 proteri
1487 4314 1518 4361 de
1536 4312 1605 4362 libris

268 4384 283 4417 a
301 4369 408 4431 liepiero
426 4373 507 4440 editis,
525 4377 657 4439 prescipue
674 4377 705 4425 de
723 4379 836 4440 Epitonse
855 4385 881 4428 et
896 4379 961 4428 libro
979 4381 1009 4428 de
1027 4382 1104 4430 Steile
1121 4382 1197 4446 Nove,
1215 4395 1261 4430 uec
1277 4395 1328 4430 non
1346 4381 1377 4431 de
1389 4382 1526 4431 iisrrnonia
1538 4383 1604 4446 lisp-

269 4440 321 4488 leri.
357 4439 475 4492 Millerns
493 4447 518 4494 in
538 4446 639 4496 exordio
664 4448 790 4497 literarum
808 4463 907 4499 suorum
928 4449 1051 4510 iudicium
1077 4459 1145 4514 greto
1163 4453 1246 4500 animo
1271 4453 1374 4517 sucipit,
1400 4451 1467 4514 quod
1484 4453 1605 4516 liepIerus

270 4508 301 4558 de
318 4509 412 4572 libello,
429 4527 502 4578 quens
520 4514 640 4566 liiilierus
658 4521 745 4566 contre
762 4517 891 4580 Negeilnm
918 4522 1079 4587 conscripsit,
1100 4522 1147 4582 „sd
1169 4535 1322 4570 communem
1339 4524 1458 4578 amicum.
1479 4523 1511 4574 1).
1531 4523 1604 4574 Seue·

269 4581 332 4628 sinin
350 4585 509 4632 exaraverit“.
544 4587 671 4653 moseo,
689 4589 738 4649 ait,
757 4591 855 4638 solitum
872 4591 1067 4640 benevolentiam
1085 4597 1168 4656 mum,
1191 4592 1320 4642 exosculor
1338 4592 1523 4659 humanitetesn,
1543 4608 1604 4660 quae

268 4649 296 4700 in
314 4655 338 4698 te
355 4656 425 4700 tants
442 4659 479 4700 est
496 4667 601 4718 semper,
621 4663 649 4704 ut
666 4670 697 4707 ne
714 4658 815 4724 quidem
833 4667 977 4722 aspernetur
993 4662 1146 4712 adversarios
1164 4675 1235 4726 suos,
1258 4662 1349 4712 nedum
1368 4660 1514 4724 dedignetur
1531 4666 1603 4725 igno·

268 4723 314 4770 tos.
351 4719 432 4784 Qnsm
456 4725 567 4782 comiter,
590 4740 664 4790 quam
689 4728 828 4778 humaniter
848 4737 872 4779 et
896 4732 988 4780 urbane
1011 4747 1025 4780 e
1049 4737 1074 4782 te
1099 4732 1199 4781 babitus
1227 4738 1264 4781 eet
1281 4733 1403 4782 Robertus
1421 4733 1561 4796 (Finddins)
1578 4737 1603 4784 iu

270 4797 374 4856 utroque
392 4791 528 4856 eppendios
551 4791 584 4844 ei'
599 4797 726 4859 apologia!
763 4801 797 4847 st
814 4800 880 4850 ierus
897 4802 940 4850 iile
957 4802 1139 4864 improbissime
1156 4799 1240 4852 referit
1257 4808 1281 4851 et
1298 4804 1423 4866 inreutn,
1446 4805 1563 4854 iracunde
1581 4808 1603 4854 et
