3732 5528
338 343 401 402 tte
806 335 971 409 Appendicis
990 336 1214 396 Harmonicornm

337 517 406 576 time
429 513 606 576 dissolverit.
650 513 697 576 De
719 515 841 592 reliquls
862 513 984 576 Roberti
1004 515 1229 592 particularibus
1253 517 1522 593 comparationibus
1541 518 1678 594 jndleium

251 635 252 640 κ
337 609 400 662 esto
423 602 540 664 lectoris
571 602 698 676 oculati,
729 605 801 681 quid
824 604 949 681 quisque
977 614 1108 664 nostrum
1140 603 1177 664 de
1198 623 1254 666 sna
1276 606 1449 664 tractatione
1479 623 1548 666 vere
1570 605 1676 667 dixerit

335 689 411 750 Nam
433 691 458 750 si
482 689 552 767 qnid
575 675 631 767 e‘go
653 708 751 752 meum
774 695 884 752 instruo
907 690 1044 750 lectorem
1066 707 1154 769 super
1175 694 1257 753 textu
1280 709 1361 764 meo,
1391 709 1446 768 par
1473 693 1608 769 equidem
1629 701 1678 768 est,

335 784 368 836 nt
391 777 467 838 idem
490 784 520 838 et
541 777 671 840 lieberto
693 777 783 838 liceat
804 781 834 837 in
857 796 921 838 suo.
968 779 1067 854 Atque
1090 795 1168 851 ecce,
1192 778 1262 856 qnid
1278 778 1425 838 Robertns
1449 779 1540 855 dicct,
1564 781 1599 840 dc
1620 799 1678 840 eec-

335 865 465 926 tt'onibuc
487 865 615 926 chordae
635 883 684 924 me
705 869 795 943 episse
817 867 913 926 verbio
934 868 1027 924 nimie
1049 869 1191 942 copiosis5
1214 885 1280 926 cum
1302 867 1377 926 hcec
1400 869 1494 926 omnis
1518 871 1603 946 copia
1624 886 1679 930 nou

335 954 463 1030 potuerit
484 951 617 1012 sulficere
639 952 768 1013 Roberto
801 952 839 1014 ed
860 945 1111 1027 lucemaliquam
1134 957 1210 1014 circa
1235 956 1433 1014 inventionem
1456 954 1610 1033 diapason,
1645 957 1678 1016 de

335 1058 394 1116 qna
421 1041 485 1116 jhm
512 1039 702 1116 poenitudine
733 1041 837 1100 duetus
867 1043 923 1114 ait,
953 1057 999 1100 me
1022 1043 1138 1100 nonnisi
1161 1042 1284 1101 obscure
1308 1044 1410 1118 egisse.
1458 1043 1499 1100 At
1528 1043 1601 1120 mibi
1627 1061 1679 1121 ego

337 1127 436 1186 videor
465 1125 590 1198 chordae
620 1128 810 1189 bisectionem
839 1145 875 1187 ex
902 1127 1065 1188 rationibus
1093 1128 1226 1188 diametri
1258 1128 1356 1187 circuli
1380 1127 1538 1190 clarissime
1573 1130 1678 1208 produ-

243 1247 251 1258 ·
333 1217 426 1293 xiste,
450 1214 549 1274 videat
571 1213 672 1288 lector,
696 1217 721 1275 si
745 1215 816 1293 qnid
837 1214 912 1274 lucis
936 1217 1055 1290 insuper
1078 1215 1156 1293 apud
1178 1215 1340 1276 Robertum
1363 1215 1419 1275 hac
1442 1219 1470 1275 in
1486 1225 1567 1294 parte
1591 1221 1678 1297 possit

334 1303 478 1385 invenire,
510 1319 568 1362 non
596 1302 751 1377 invidebo,
784 1313 951 1364 communes
982 1304 1058 1363 enim
1089 1303 1202 1386 tradere
1231 1303 1314 1362 lubet
1337 1321 1441 1380 operas
1472 1308 1502 1363 in
1524 1303 1679 1366 lectoribus

333 1388 527 1453 erudiendis..
557 1389 661 1466 Itaque
689 1395 777 1450 ctiam
808 1393 837 1447 in
870 1397 959 1466 capnt
988 1399 1085 1450 meum
1115 1406 1238 1465 nonum,
1278 1391 1357 1466 qnod
1390 1409 1492 1452 censes
1522 1394 1678 1452 conlusiori

332 1476 421 1538 modo
443 1477 598 1553 scriptum,
628 1477 752 1538 libenter
774 1479 914 1553 majorem
936 1496 972 1537 ex
995 1487 1023 1536 te
1047 1477 1192 1550 ordinem,
1225 1496 1313 1554 qnam
1336 1496 1392 1555 ego
1423 1484 1565 1555 consequi
1589 1483 1677 1558 potui,

332 1567 483 1642 recipiam,
513 1567 538 1623 si
559 1563 651 1625 lector
678 1565 817 1640 majorem
846 1567 874 1622 in
906 1568 963 1624 tuis
991 1581 1151 1642 agnoscere
1179 1568 1295 1642 poterit.
1339 1563 1398 1626 Sed
1426 1585 1480 1626 nco
1508 1571 1679 1628 inventioni

332 1654 466 1712 clavium
488 1651 516 1726 b,
537 1651 557 1708 lt
579 1653 749 1712 οιαιιιαιιιιι
771 1655 920 1726 majorem
943 1669 1036 1728 quam
1059 1653 1147 1727 apud
1166 1671 1229 1728 me,
1253 1671 1375 1714 suamve
1398 1654 1679 1724 commendationem

333 1739 502 1816 dettegabo,
532 1738 678 1815 siquidem
710 1740 811 1800 lectori
840 1757 897 1798 non
922 1739 1068 1799 suffecerit
1097 1740 1135 1798 ad
1158 1739 1214 1800 hoo
1236 1742 1347 1817 (capite
1369 1758 1433 1801 meo
1464 1739 1609 1824 secundo)
1631 1761 1679 1802 as-

332 1828 453 1887 sociatio
476 1828 688 1904 quinqncngnli
706 1835 740 1888 et
762 1827 931 1903 sexanguli3
954 1825 1111 1886 dnmmodo
1132 1827 1273 1902 fateatur,
1305 1845 1338 1888 se
1361 1837 1476 1888 tantum
1498 1832 1526 1887 in
1550 1829 1679 1890 Roberto

333 1915 407 1974 lucis
430 1917 586 1977 invenisse.

420 2000 508 2077 Quod
536 2004 624 2078 igitur
651 2002 708 2062 line
731 2001 818 2078 hujus
846 2001 1003 2078 analyseos
1026 2009 1120 2073 tunm,
1151 1999 1293 2074 Roberte,
1325 2003 1470 2062 scribendi
1498 2003 1618 2064 modum
1642 2003 1677 2064 dc

332 2090 501 2149 harmonica
523 2091 644 2149 materia
665 2088 777 2166 prolixe
799 2105 932 2162 excusas,
957 2087 1045 2148 velim
1060 2087 1223 2164 recolligas,
1248 2106 1397 2166 nunquam
1414 2089 1496 2149 illum
1517 2109 1600 2155 ame
1615 2109 1678 2152 esse

242 2217 245 2224 ,
333 2186 518 2252 accusatum
542 2179 788 2254 comparationem
811 2178 939 2250 institui,
968 2192 1027 2235 non
1050 2178 1282 2250 accusationem,
1305 2176 1344 2236 ad
1366 2177 1556 2238 erudiendum
1580 2178 1678 2256 philu-

335 2265 456 2343 sopbiae
478 2264 658 2338 studiosum,
689 2281 748 2325 non
778 2263 816 2324 ad
839 2263 1053 2340 implorandum
1079 2263 1188 2339 judicis
1212 2265 1348 2324 officium.
1396 2265 1462 2340 Epo
1491 2267 1584 2341 lorsqu
1607 2285 1679 2328 oru-

332 2355 411 2414 tione
435 2353 588 2428 nebbquc
608 2353 712 2412 multae
733 2359 819 2424 utor,
851 2350 963 2412 scilicet
984 2360 1017 2410 ut
1040 2349 1177 2423 doceam,
1206 2359 1240 2411 tu
1263 2355 1296 2410 ιιι
1319 2351 1423 2411 breme
1444 2353 1617 2430 οοιιιιαιιιι,
1648 2361 1679 2412 ut

226 2445 229 2452 ’
332 2457 408 2518 qnae
431 2443 497 2516 quie
519 2450 587 2500 ante
610 2449 639 2500 te
662 2439 778 2513 docuit,
806 2447 838 2497 tn
860 2441 1017 2499 memoriae
1040 2437 1242 2514 commendem
1270 2454 1328 2498 non
1352 2440 1484 2516 seqnitur
1506 2450 1559 2499 tna
1580 2442 1679 2500 brevi-

332 2535 378 2587 tas
400 2530 457 2586 nisi
479 2530 629 2604 praeviam
651 2526 771 2587 alterius
794 2529 918 2603 copiam,
953 2535 981 2586 et
1004 2526 1060 2584 nisi
1082 2543 1143 2585 rem
1165 2525 1241 2586 alins
1263 2526 1379 2610 prolixe
1399 2528 1484 2586 sistat
1506 2527 1544 2586 ob
1567 2528 1678 2602 oculos,

333 2613 411 2691 qnod
434 2632 489 2691 ego
511 2614 719 2691 praestandum
741 2616 859 2687 sumsi,
880 2630 937 2673 non
962 2622 995 2673 tu
1017 2614 1058 2672 rei
1084 2613 1219 2688 Ιίριιιαιιι
1241 2614 1287 2673 cel
1309 2614 1565 2690 hieroplyplticum
1595 2616 1679 2676 ellin-

331 2705 417 2763 xeris.
462 2702 547 2762 Alius
570 2703 715 2780 simplicia
736 2711 906 2772 coacervat,
929 2711 961 2759 tu
984 2699 1111 2760 extrahis
1134 2702 1290 2768 ementium
1314 2698 1501 2777 colligisqu03
1524 2719 1579 2762 nco
1604 2703 1677 2762 adeo

333 2791 469 2862 reiicitur
488 2789 661 2866 succedente
682 2789 866 2862 substantia,
897 2796 930 2847 nt
951 2786 1070 2864 plantae
1092 2789 1201 2864 ipsius,
1223 2806 1321 2864 ,qnam
1344 2795 1449 2848 natura
1470 2799 1678 2866 repraesentat,

334 2875 554 2953 obliviscamnr3
591 2893 644 2936 nec
672 2875 793 2947 sufficit,
832 2875 914 2952 qued
945 2875 1059 2936 bonnm
1090 2883 1131 2934 cet
1160 2877 1194 2932 in
1224 2875 1345 2936 varano
1367 2879 1497 2953 proprio
1524 2878 1678 2952 collocare,

331 2965 401 3040 quin
425 2966 514 3024 etiam
536 2961 839 3052 animadvertendum,
863 2962 940 3022 unde
963 2965 1001 3021 eit
1023 2961 1096 3021 illud
1119 2961 1283 3024 collectum.
1328 2963 1392 3038 Ego
1416 2963 1603 3025 collectorem
1633 2967 1680 3040 ogi

331 3049 485 3112 herbarum
508 3050 692 3125 idonearum,
718 3050 824 3124 videris
846 3057 893 3123 tu,
916 3050 1024 3132 quibus
1046 3068 1083 3109 ex
1105 3048 1218 3124 herbis,
1241 3068 1260 3109 a
1283 3069 1342 3126 quo
1367 3049 1522 3112 collectore
1544 3056 1677 3124 coiimtis,

331 3147 398 3198 tuos
420 3140 595 3215 expresseris
625 3139 760 3215 liquores.
805 3137 893 3211 Esto,
924 3136 1016 3197 lateat
1037 3138 1188 3197 concitum
1219 3137 1319 3198 adhuc
1346 3155 1498 3212 arcanum
1524 3143 1679 3214 eeicmioc,

231 3299 237 3308 ¹
329 3225 409 3303 quod
432 3227 586 3287 verborum
607 3225 774 3302 prolixitate
797 3222 918 3302 indiget,
950 3241 1004 3284 nec
1024 3224 1235 3301 manifestetur
1257 3234 1382 3299 reaturo,
1414 3228 1583 3288 anteactis
1608 3245 1679 3288 ora·

331 3313 418 3373 bonis
440 3313 583 3389 oestihue5
604 3329 663 3373 non
686 3315 743 3372 ista
764 3310 820 3372 soli
843 3311 984 3390 chymici,
1008 3311 1143 3372 videntur
1165 3311 1265 3371 cilinia
1288 3321 1317 3374 et
1339 3310 1424 3372 Plato
1448 3321 1478 3372 et
1500 3315 1677 3375 Aristoteles

330 3400 483 3475 inculcare,
508 3400 624 3478 quando
647 3401 737 3460 menti
760 3417 860 3460 cerum
883 3401 985 3459 scienti
1003 3398 1067 3475 jam
1090 3398 1272 3458 definitiones
1295 3410 1324 3460 ct
1339 3399 1502 3478 syllogismi
1524 3410 1556 3460 nt
1571 3419 1678 3480 supcr-

330 3488 381 3548 flui
403 3489 578 3548 adimuntur.
623 3488 664 3548 At
678 3487 783 3560 hercle,
807 3486 879 3546 mihi
902 3486 1057 3548 ridebatur
1078 3487 1151 3546 baec
1173 3489 1347 3563 cognitionis
1370 3487 1554 3549 harmonicae
1569 3500 1677 3550 natura

331 3575 421 3652 fugax
442 3576 595 3652 latensque
617 3578 741 3653 primum
765 3577 894 3634 omnium
926 3575 974 3634 vel
1005 3591 1119 3634 summa
1141 3583 1222 3634 veste
1246 3573 1488 3652 apprehendenda
1519 3577 1677 3654 verbisque

332 3661 452 3739 prolixis
475 3663 610 3724 involuta
632 3661 823 3737 continenda,
851 3661 908 3722 bec
930 3669 975 3722 est
997 3662 1027 3719 in
1050 3660 1190 3740 lectorum
1212 3663 1317 3721 animis
1345 3663 1532 3738 exprimenda
1563 3671 1593 3724 ct
1617 3665 1677 3724 lor·

331 3749 454 3820 manda,
483 3753 509 3810 si
535 3750 609 3810 iorte
640 3749 779 3811 succedat
807 3749 880 3809 mibi
907 3748 1013 3826 aliquia
1044 3750 1087 3807 tui
1109 3747 1211 3808 similis
1234 3743 1318 3831 (nam
1348 3757 1409 3808 tnte
1431 3752 1495 3827 ipse
1525 3768 1590 3811 mea
1620 3753 1678 3812 ista

330 3838 403 3898 torte
425 3833 571 3918 respuas),
595 3841 646 3914 qni
668 3846 718 3897 tno
740 3854 820 3897 more
842 3837 969 3912 occubere
991 3854 1059 3896 cam
1080 3843 1182 3909 caua,
1209 3855 1295 3898 suero
1317 3841 1444 3908 ιιιιιιαι,
1470 3855 1536 3898 eum
1558 3841 1587 3896 in
1611 3857 1678 3898 ιιιο-

330 3925 409 3999 dum,
433 3931 465 3984 ιιι
486 3926 610 4004 posthac
630 3929 729 3984 virtue
750 3927 815 3998 οιίιι
837 3924 948 4000 absque
968 3924 1066 3982 verbis
1080 3927 1185 3983 animo
1197 3927 1328 3999 conspici
1338 3928 1442 4000 possit
1487 3924 1580 3985 Nobis
1603 3927 1678 3987 bac·

333 4021 418 4074 tenus
440 4014 469 4071 in
494 4013 626 4074 docendo
648 4011 847 4089 discendoque
869 4029 928 4070 non
950 4009 1034 4070 licuit
1055 4028 1119 4069 esse
1143 4018 1202 4070 tam
1224 4010 1367 4072 felicibus.

416 4099 476 4160 Sed
499 4107 545 4174 tu,
577 4099 657 4177 qnod
678 4101 788 4176 passim
810 4107 873 4159 tota
895 4098 951 4157 hac
973 4096 1101 4174 analysi,
1129 4096 1205 4157 idem
1228 4099 1320 4160 multo
1343 4101 1467 4159 maxime
1489 4100 1676 4160 conclusione

329 4189 387 4248 ista
408 4188 582 4265 comprobes
618 4188 777 4248 rectissime
809 4185 1043 4258 antedictum,
1071 4183 1285 4261 quadamtenus
1307 4187 1429 4248 eandem
1451 4187 1505 4246 aba
1529 4196 1557 4248 te
1581 4199 1677 4248 mate·

329 4277 401 4336 riam
425 4293 489 4336 esse
512 4276 657 4336 traditam.
704 4271 817 4348 Quodsi
846 4272 975 4332 nondum
997 4272 1176 4332 satisfactum
1207 4274 1258 4332 tibi
1282 4283 1382 4351 putas,
1413 4273 1448 4334 e‘n
1473 4291 1542 4351 ergo
1574 4292 1677 4335 vocem

332 4370 411 4422 tuem
435 4364 568 4424 ultimam
590 4361 785 4441 supplementi
807 4359 889 4421 loco:
912 4359 1076 4434 subjectum
1101 4363 1226 4420 mathca
1248 4369 1319 4420 tuac
1333 4361 1501 4436 ortitidolia
1522 4365 1677 4438 marpissa

284 4509 287 4518 ,
330 4463 399 4509 tace
420 4451 512 4510 latius
534 4453 718 4528 euporripit,
746 4465 833 4526 qnam
862 4465 945 4510 meus
967 4447 1040 4507 liber
1062 4449 1173 4506 tertius.
1219 4446 1316 4523 Quare
1339 4451 1428 4510 etiam
1457 4450 1500 4508 sic
1522 4449 1676 4526 qaudam-

330 4541 416 4595 ιοιιιιι
442 4537 516 4598 liber
544 4548 612 4600 tuus
643 4555 709 4598 cnm
739 4553 805 4597 meo
827 4537 987 4609 concurrit,
1016 4534 1159 4594 hactenus
1187 4534 1317 4610 scilicet,
1346 4543 1491 4613 quatenns
1520 4538 1595 4596 intra
1618 4539 1676 4596 mci

330 4623 397 4681 libri
420 4629 570 4702 angustias
593 4625 734 4698 tenditur,
764 4623 886 4685 necdum
914 4622 1003 4684 latins
1027 4624 1170 4684 excurrit·
1206 4623 1304 4699 Atque
1333 4623 1382 4684 bic
1407 4641 1475 4684 vere
1507 4627 1564 4684 mei
1593 4625 1675 4684 verbi

330 4727 432 4772 sensns
455 4711 517 4787 init,
540 4714 652 4775 scilicet
673 4717 792 4776 innuere
808 4712 954 4789 volebam
977 4713 1051 4772 inter
1066 4711 1254 4790 plurinrarnnr
1270 4728 1364 4772 rerum
1384 4710 1676 4790 speculationemque
