3676 5536
671 311 754 368 Liber
770 313 814 368 iv,
835 313 924 383 Caput
939 313 990 370 ΠΙ.
1441 315 1504 375 229

160 503 288 548 sonorum
312 491 515 567 proportiones
538 491 634 568 lisque
656 499 761 552 nutura
783 491 910 552 hominis
933 493 1094 553 delectatur
1117 493 1277 570 impensius
1300 489 1504 568 exprimendis,

159 575 189 634 lit
209 573 289 650 iude,
323 579 394 652 quia
416 578 575 638 sonos'vel
605 583 731 640 maxime
753 583 952 659 inpoteetate
981 578 1071 639 habet
1099 583 1233 639 animans
1256 581 1363 652 omnis,
1396 581 1504 656 quippe

160 665 229 722 intra
256 681 288 723 ec
318 664 473 738 formatos,
503 669 540 726 ab
569 668 640 742 ipsis
670 667 845 744 praecordiis
876 671 1013 741 emissos,
1045 667 1083 726 ad
1114 685 1229 726 onrnem
1258 669 1362 726 mentis
1391 675 1504 737 nutum,

161 767 267 810 omnem
290 751 386 812 cordis
407 761 517 812 motum
541 757 760 830 promtissimus,
786 764 816 815 et
838 755 917 833 quod
940 759 1020 834 prius
1045 754 1163 828 dictum,
1189 757 1259 832 quia
1281 757 1505 813 instrumentum

159 840 241 897 etiam
263 845 367 898 nactus
390 849 435 899 eet
457 842 648 919 aptissimum,
672 853 772 916 gantur
793 845 823 900 in
847 843 967 919 longum
989 849 1164 920 porrectum,
1187 845 1279 900 instar
1301 841 1427 904 chordae
1451 857 1505 900 scu

158 927 250 1001 potitis
277 925 408 1004 listulee,
439 945 498 1005 qua
520 931 550 988 in
574 928 756 1006 longitudine
788 930 938 990 rectilinea
967 947 1026 990 vox
1049 947 1165 989 sursum
1187 929 1321 989 deorsum
1353 935 1429 988 errat
1452 945 1506 987 ex-

158 1013 342 1090 peditieeime.

238 1098 421 1161 Generaliter
447 1111 544 1164 autem
576 1104 605 1162 iu
634 1106 769 1166 omnibus
799 1107 901 1176 rebus,
932 1107 961 1164 in
985 1104 1094 1181 quibua
1115 1101 1264 1181 quantitas
1292 1107 1321 1162 et
1344 1099 1504 1161 secuudum

156 1205 217 1248 cem
243 1188 413 1249 barmoniae
443 1193 544 1267 quaeri
567 1201 705 1273 possunt,
734 1196 834 1253 insunt
862 1194 930 1252 illae
961 1192 1052 1253 multo
1084 1191 1281 1251 evidentiores
1311 1207 1363 1267 per
1384 1196 1506 1262 motum,

156 1292 239 1350 quam
262 1277 326 1335 sine
348 1285 439 1336 motu.
483 1278 558 1337 Nam
588 1281 643 1338 etei
670 1283 747 1340 inest
778 1283 807 1340 in
840 1279 1031 1358 unaqualibet
1053 1279 1130 1340 linea
1153 1287 1232 1338 recta
1255 1277 1318 1352 ejm
1342 1275 1504 1351 dimidium,
1607 1335 1610 1344 ,

155 1364 252 1436 tertia,
283 1373 404 1443 quartu,
438 1367 553 1442 quinta,
584 1373 668 1426 sexta
691 1385 849 1446 earumque
872 1368 1066 1445 multiplices,
1097 1367 1190 1427 latent
1220 1372 1317 1423 tamen
1348 1381 1400 1423 cae
1431 1361 1506 1421 inter

154 1458 249 1527 partos
273 1451 363 1524 alias,
394 1457 448 1512 toti
477 1454 797 1528 incommensurabiles,
829 1457 857 1512 in
887 1473 947 1516 une
976 1465 1005 1516 et
1019 1454 1129 1514 eadem
1152 1455 1322 1514 contusione
1352 1469 1418 1510 eum
1440 1457 1505 1509 tota

153 1539 194 1597 sic
221 1538 429 1617 absconditae,
458 1547 489 1599 ut
516 1544 542 1599 sl
574 1543 698 1603 maxime
727 1544 855 1604 secunda
884 1543 962 1602 linea
992 1542 1350 1618 aequalisaliquotarum
1378 1540 1505 1616 partium

153 1624 238 1686 elicui
263 1633 323 1687 etet
347 1627 434 1702 juxte
457 1634 565 1700 totam,
594 1630 674 1690 verbi
704 1647 793 1690 ceusu
824 1631 904 1690 trabs
927 1631 1155 1707 superliminaris
1184 1631 1270 1687 trium
1294 1625 1401 1705 pedum
1420 1626 1506 1701 juxta

155 1719 268 1788 postem
293 1715 428 1788 quinum,
459 1715 523 1790 ejus
547 1725 644 1776 tamen
668 1721 815 1794 proportio
838 1719 874 1776 ad
900 1727 991 1778 tatem
1014 1735 1071 1776 non
1095 1720 1137 1776 ita
1159 1715 1245 1775 iacile
1267 1716 1444 1784 innotescet,
1474 1729 1509 1771 ec

152 1803 176 1858 si
202 1807 303 1859 motus
325 1800 431 1877 aliquis
454 1803 667 1881 comparabiles
690 1804 887 1881 longitudines
910 1806 1070 1878 discernat,
1095 1807 1254 1868 constituat
1276 1809 1306 1862 et
1327 1801 1507 1860 determinet

154 1885 254 1947 Causa
277 1887 352 1948 baec
375 1899 427 1964 eet,
451 1890 529 1966 quod
554 1892 603 1950 ubi
629 1895 778 1966 quantitas
801 1900 846 1952 est
868 1895 931 1951 aine
953 1901 1033 1952 mutu
1057 1891 1216 1950 secundum
1240 1907 1313 1964 eam,
1337 1889 1377 1947 ibi
1400 1889 1507 1958 omnia,

67 1977 71 1997 ¹
152 1992 228 2049 quae
259 1977 360 2034 insunt
392 1979 420 2034 iu
452 1979 631 2053 quantitate,
662 1980 749 2038 simul
779 1988 847 2038 suut
874 1980 977 2038 eodem
1009 1987 1154 2055 tempore,
1185 1993 1285 2037 omncs
1314 1993 1354 2035 sc.
1379 1979 1505 2052 partium

153 2065 284 2120 omnium
317 2065 517 2140 proportiones
546 2063 584 2124 ad
613 2073 723 2140 totum;
754 2075 785 2126 et
817 2069 840 2126 si
872 2067 1021 2143 quantitas
1048 2065 1148 2142 eliqua
1180 2074 1261 2122 motu
1284 2062 1411 2139 quodem
1441 2079 1509 2142 per-

151 2151 303 2218 transitur,
327 2156 397 2208 tunc
418 2147 462 2230 (ut
483 2159 528 2212 est
550 2159 646 2211 motus
669 2150 808 2231 essentia)
831 2171 906 2230 quae
931 2155 1122 2230 pertransitae
1135 2161 1202 2210 sunt
1218 2153 1429 2228 proportiones,
1453 2165 1508 2209 eae

150 2253 208 2296 non
230 2245 304 2294 suut
326 2237 465 2316 amplius,
495 2257 570 2315 quae
602 2240 730 2299 nondum
758 2249 826 2301 sunt
848 2243 1055 2317 pertransiere,
1089 2238 1218 2297 nondum
1250 2239 1338 2298 etiam
1361 2244 1444 2308 sunt,
1476 2243 1507 2295 et

149 2341 209 2384 una
231 2327 360 2400 quaevis
383 2329 530 2403 proportio
553 2325 617 2386 sola
640 2333 698 2400 est,
723 2345 788 2388 cum
804 2337 908 2388 ¹motus
930 2329 960 2385 iu
984 2328 1047 2402 ejue
1071 2327 1196 2402 vestigia
1219 2327 1360 2403 pervenit.
1404 2323 1452 2382 lta
1476 2321 1509 2382 fit

55 2455 63 2472 ,
148 2415 339 2471 successione
363 2421 509 2486 motuum,
539 2422 570 2472 ut
594 2413 782 2475 enucleentur
808 2417 1009 2494 proportiones
1037 2415 1224 2473 harmonicae
1254 2414 1292 2471 ab
1317 2413 1507 2483 incunctante,

148 2505 178 2559 et
200 2505 336 2559 secretae
359 2516 377 2558 a
399 2503 524 2560 mixtura
546 2500 670 2570 illarum,
695 2501 787 2563 voluti
811 2520 899 2581 purae
922 2505 951 2560 iu
974 2501 1039 2562 luce
1062 2503 1276 2560 constituentur
1305 2498 1404 2574 adque
1424 2515 1508 2558 com·

147 2585 390 2660 prehendendum
414 2590 548 2648 sensibus
571 2591 799 2666 exporrigautnr.
845 2590 987 2665 Adeoque
1009 2605 1142 2648 nemeae
1162 2591 1226 2666 ipsa
1243 2586 1361 2664 quidem
1385 2589 1413 2643 in
1440 2585 1510 2644 duta

147 2675 319 2747 quantitate
342 2677 544 2750 proportiones
566 2676 749 2737 harmonicae
783 2675 846 2736 eine
870 2677 996 2753 quedem
1029 2683 1126 2736 motus
1153 2677 1280 2751 imagine
1308 2673 1448 2733 discernit
1471 2673 1508 2730 ab

145 2761 334 2820 inconcinnie
361 2761 495 2835 inberbis,
526 2771 594 2823 autc
622 2771 652 2824 et
674 2774 740 2842 poet
762 2766 924 2839 stantibus,
956 2763 1008 2823 sed
1039 2765 1220 2841 pertransitis
1242 2757 1339 2845 (verbi
1359 2759 1452 2820 'cauea
1474 2762 1503 2816 in

145 2843 276 2928 circulo)
301 2847 449 2908 subtensis
476 2849 612 2924 infinitis,
642 2853 671 2908 in
700 2853 841 2912 subtense
870 2853 976 2912 tertiae
1003 2860 1055 2910 aut
1086 2857 1208 2927 quartae
1234 2851 1325 2927 partis
1353 2848 1453 2908 circuli
1477 2855 1505 2905 et

143 2935 297 2994 similibus
322 2953 446 3010 operose
475 2945 520 2996 est
541 2939 663 3014 ejusque
686 2937 962 2999 demonstrationem
993 2941 1118 3012 exquirit
1146 2946 1334 3015 praestatque
1362 2939 1506 3010 cogitatu,
1580 2943 1583 2950 ⁴
1646 2943 1656 2970 t

144 3021 227 3097 quod
250 3031 386 3098 praestat
408 3041 512 3084 manus
527 3015 624 3085 'nucu
645 3024 737 3101 linea,
767 3035 799 3085 ut
822 3045 887 3088 eam
909 3027 966 3086 boe
988 3034 1055 3084 actu
1084 3032 1216 3086 secernet
1245 3026 1283 3083 ab
1306 3023 1426 3082 infinitis
1448 3038 1506 3081 non

143 3113 289 3180 cogitatis
322 3114 351 3170 c't
372 3127 431 3170 non
455 3109 566 3185 ductis,
595 3121 628 3172 ut
650 3114 714 3190 ejus
744 3116 963 3190 congruentiam
994 3122 1046 3174 aut
1068 3114 1313 3189 incongruitatem
1344 3112 1508 3170 seorsima

142 3200 254 3256 ceteris
276 3214 361 3256 mene
384 3200 540 3260 intueatur.

234 3283 328 3343 Mene
358 3285 475 3361 quidem
503 3289 561 3346 iste
586 3294 698 3363 potest,
723 3290 792 3363 quie
820 3284 972 3353 voluntale
995 3290 1085 3346 utitur
1114 3303 1227 3362 suoque
1250 3286 1392 3344 arbitratu
1420 3283 1510 3342 saltat

140 3373 172 3430 in
196 3371 253 3432 illa
278 3375 476 3448 quantitatum
504 3373 616 3433 infinite
639 3375 796 3448 divisione,
827 3394 903 3451 quae
933 3385 996 3436 tote
1026 3376 1115 3434 menti
1138 3373 1223 3432 simul
1255 3381 1372 3450 praesto
1402 3379 1448 3430 est
1470 3368 1509 3429 ed

140 3459 357 3536 cogitandum,
387 3463 537 3520 tensiones
568 3479 638 3522 vero
668 3465 929 3540 perceptionesque
959 3463 1036 3522 eliae
1065 3461 1231 3530 naturales,
1263 3466 1360 3517 motus
1383 3457 1510 3532 deniquo

140 3565 324 3623 corporum,
357 3564 407 3623 per
430 3565 504 3624 quoe
527 3549 705 3624 adjuvantur
734 3554 948 3626 perceptiones,
978 3567 1035 3608 non
1063 3550 1106 3607 aie
1133 3550 1161 3604 in
1186 3549 1340 3605 animantis
1364 3552 1510 3623 potestate

138 3641 227 3704 sunt,
264 3642 319 3705 ut,
351 3636 374 3691 si
397 3635 501 3694 infiniti
525 3639 589 3696 soni
621 3646 671 3696 eut
698 3639 832 3696 binorum
856 3637 1038 3713 planetarum
1069 3634 1200 3693 infinitae
1223 3633 1427 3709 angulatiunes
1460 3649 1511 3708 per

138 3731 240 3782 tutum
268 3722 374 3781 circuli
398 3724 540 3782 ambitum
570 3724 655 3783 simul
688 3725 791 3784 eudem
814 3733 944 3802 tempore
979 3727 1108 3782 interae
1131 3723 1270 3781 conlueae
1293 3728 1406 3790 essent,
1436 3735 1508 3794 pos·

136 3812 199 3868 sint
224 3827 260 3868 se
287 3808 453 3870 subduccre
476 3829 494 3868 a
516 3812 669 3886 reiecticiis
692 3815 781 3888 inque
803 3812 882 3872 solos
904 3813 1054 3889 placentes
1077 3827 1142 3870 sese
1157 3813 1302 3886 reciperer
1326 3824 1399 3883 opus
1422 3807 1512 3881 igitur

135 3899 259 3958 babent
284 3903 378 3968 motu,
404 3915 461 3973 quo
484 3899 679 3959 intercedente
703 3903 809 3972 omnia,
832 3917 908 3976 quae
932 3900 1105 3976 quantitatis
1129 3913 1218 3956 cauea
1241 3897 1380 3955 contusae
1403 3903 1510 3964 essent,
1614 3949 1615 3952 ,

135 4003 193 4062 per
219 3993 366 4060 tempore
389 3985 574 4046 succedentia
588 3986 773 4060 evolvantur,
797 3991 830 4046 ut
844 3988 961 4064 singule
975 3987 1041 4047 sola
1060 3985 1194 4044 sensibus
1217 3983 1358 4042 accidant.
1399 3979 1511 4054 Quodsi

136 4073 222 4133 oculi
250 4071 355 4132 simile
385 4071 455 4146 quid
484 4076 574 4132 menti
596 4082 734 4149 possunt,
768 4083 800 4134 ut
832 4093 868 4134 ex
891 4077 1060 4135 confusione
1092 4073 1205 4131 infinita
1227 4089 1286 4130 una
1315 4069 1512 4146 praesentium

136 4165 205 4220 sine
232 4165 328 4218 motu
358 4157 468 4234 eligant
497 4163 711 4236 praestantiore
738 4157 787 4243 (ut
817 4165 840 4220 si
865 4181 1002 4222 manuum
1032 4177 1102 4219 usae
1124 4161 1302 4228 ministerio,
1334 4175 1369 4215 ex
1393 4154 1512 4212 infinitis

134 4247 245 4310 circuli
275 4246 429 4306 subteusie
452 4246 644 4324 possibilibus
667 4247 994 4326 eligantdelineentque
1010 4250 1179 4308 subteusam
1200 4248 1303 4304 tertiae
1320 4247 1404 4321 parti,
1433 4241 1511 4300 latus

133 4353 178 4397 ee.
204 4315 392 4415 trianguli),
416 4333 445 4392 id
468 4337 563 4411 ipsum
586 4343 728 4394 nontam
752 4336 838 4409 oculi,
863 4355 950 4413 quam
974 4353 1055 4395 mene
1080 4337 1143 4409 ipsa
1166 4351 1218 4410 per
1241 4331 1342 4391 oculos
1366 4329 1514 4424 censenda¹

133 4432 183 4486 eet
207 4424 334 4494 lacere,
356 4438 410 4481 nec
433 4422 489 4481 hoc
511 4422 600 4499 plene
623 4423 686 4482 sine
710 4437 804 4494 motu,
830 4431 862 4482 ut
885 4423 959 4493 dixi,
982 4439 1130 4481 manuum.

232 4508 279 4570 Ut
306 4509 398 4582 igitur
421 4509 498 4569 hunc
519 4510 756 4569 observationem
780 4511 924 4586 prioribus
946 4509 1144 4586 pronunciatis
1167 4506 1364 4582 applicemus,
1389 4511 1512 4581 oportet,

131 4601 158 4660 si
185 4615 239 4658 rea
267 4595 379 4668 aliqua
402 4599 561 4672 genevinum
584 4597 673 4657 debet
695 4614 760 4656 esss
783 4597 947 4672 subjectum
962 4597 1156 4673 proportionis
1179 4593 1373 4666 harmonicae,
1397 4600 1513 4669 oportet

130 4691 270 4764 inquam
299 4688 334 4741 et
355 4687 564 4758 quantitatem,
595 4684 809 4760 longitudinem
840 4701 880 4744 ec.
911 4686 940 4743 in
963 4682 1015 4742 illa
1038 4693 1068 4741 re
1091 4685 1186 4741 inesse
1214 4689 1244 4739 et
1273 4681 1357 4755 signa
1386 4697 1452 4741 esse
1473 4679 1512 4739 ed

130 4777 209 4837 bina
235 4773 364 4843 minus,
396 4773 420 4829 si
443 4770 595 4848 longitudo
620 4781 664 4834 est
688 4771 829 4863 circulus,
861 4769 910 4831 rel
933 4773 1024 4846 trine,
1053 4771 1078 4829 si
1101 4778 1180 4834 recta
1203 4769 1295 4850 linea,
1319 4785 1441 4855 quornm
1465 4766 1512 4833 vel
1551 4838 1556 4847 ,
