3698 5534
759 322 1067 420 rosv-ontu-
1145 339 1149 352 ’
1192 358 1195 394 =
1519 355 1580 420 ror

322 525 420 602 Quam
442 527 611 588 methodum
633 529 702 588 dum
735 545 788 604 per
808 529 948 588 usitatam
971 530 1127 604 geometris
1149 528 1344 590 stoecheiesin
1365 532 1395 588 tn
1418 529 1514 590 luetur
1536 531 1585 587 ln·

236 613 370 674 tellectus
392 615 511 675 humani
533 616 661 692 prolerre
684 617 774 689 niter,
810 617 910 676 laneat
935 609 1046 675 ll‘rretor
1067 617 1129 693 ipse
1153 616 1317 690 coelorum,
1342 615 1585 677 Paterintellec·

237 711 327 772 tuum,
351 699 488 778 Largitur
510 717 648 762 sensuum
669 703 844 772 mortalium,
869 706 932 780 ipse
954 703 1134 764 immortalis·
1149 712 1179 763 et
1198 705 1466 780 superbenedictos,
1490 705 1586 785 impe-

237 789 366 865 diatque,
389 807 426 848 ne
450 789 520 869 quid
542 790 693 868 iudignum
717 791 809 866 ipsius
831 791 990 867 MoJestate
1014 793 1050 852 de
1072 792 1131 851 hoc
1154 806 1241 869 opere
1263 808 1316 851 suo
1339 802 1456 853 nostrae
1479 794 1584 852 mentis

237 876 375 938 tenebrae
398 879 553 953 proterant,
577 875 752 954 efficiatque,
776 886 809 936 ut
831 879 1040 954 perlectionem
1062 881 1155 957 ipsios
1179 895 1298 958 operum
1320 883 1473 940 sanmuro
1496 883 1585 954 vitae,

237 961 274 1024 ad
297 978 385 1040 quarn
409 965 563 1025 ecclesiam
586 981 670 1024 suam
691 967 721 1022 in
737 963 834 1024 'l'errls
856 964 945 1042 elegit
968 977 996 1025 et
1012 961 1153 1041 san'gnlne
1169 966 1221 1024 filii
1243 969 1289 1025 sui
1311 969 1476 1044 apeccaiis
1497 983 1585 1026 mun-

237 1052 328 1125 davit,
353 1068 408 1130 ope
432 1051 556 1131 Spiritus
579 1055 625 1112 sui
648 1055 742 1112 sancti
765 1068 818 1111 nos
842 1051 898 1112 Dei
921 1055 1081 1132 imitatores
1106 1051 1297 1127 aemulemur,
1321 1053 1421 1130 procul
1443 1053 1586 1116 habentes

238 1156 338 1200 omnes
353 1139 549 1200 dissonantias
566 1141 790 1214 inimicitiarum,
815 1156 916 1200 omnes
931 1145 1141 1216 contentiones,
1165 1141 1386 1216 aemulationes,
1408 1141 1475 1218 iras,
1498 1145 1585 1216 rixas,

238 1227 571 1304 dissensiouee„scetae,
595 1226 746 1300 invidiam,
769 1231 1002 1306 provocationes,
1027 1231 1202 1290 irritationes
1222 1247 1274 1306 per
1291 1227 1410 1290 dicteria
1434 1239 1587 1306 ceteraque

238 1317 332 1376 uernis
354 1333 460 1392 opera3
485 1314 564 1392 quod
586 1333 700 1378 mecum
723 1332 835 1388 omues,
858 1317 908 1392 qui
930 1317 1065 1394 spiritum
1089 1317 1197 1378 Christi
1220 1315 1337 1390 habent,
1361 1334 1421 1378 uon
1445 1317 1588 1393 optabunt

238 1413 361 1476 tmtum,
383 1403 435 1464 sed
458 1413 488 1465 et
509 1404 595 1464 iactis
618 1405 777 1480 exprimere
800 1405 1044 1479 mentionemque
1063 1422 1149 1465 susm
1172 1413 1280 1469 certam
1302 1405 1397 1467 lucere
1419 1404 1587 1478 studerunt,

237 1492 342 1568 spretis
366 1491 652 1554 omniumomniuni
676 1493 801 1568 partium
823 1493 930 1566 pravis-
944 1493 1083 1565 moribus,
1107 1493 1229 1552 obtentu
1252 1492 1309 1553 reli
1329 1501 1384 1556 aut
1404 1494 1512 1552 amoris
1534 1510 1588 1552 rev

238 1580 333 1638 nitatis
367 1586 418 1639 aut
440 1577 596 1654 singularis
629 1578 801 1640 eruditionis
824 1578 1023 1640 modesttaeve
1053 1597 1123 1654 erga
1150 1583 1348 1647 contentiosos
1375 1587 1588 1658 praeceptores,

240 1666 337 1726 aliove
360 1669 534 1742 quocunque
557 1669 691 1744 specioso
714 1672 869 1743 praetextu
891 1665 996 1726 velans
1026 1674 1054 1725 et
1077 1667 1191 1729 fucatis.
1235 1667 1324 1739 Pate
1352 1675 1470 1741 tutte,
1486 1683 1589 1733 »κω

239 1769 292 1813 nes
314 1755 346 1810 in
369 1755 562 1814 consonantia
584 1753 748 1814 dilectionis
771 1761 907 1826 mutuae,
931 1760 964 1811 ut
986 1755 1077 1814 simus
1100 1771 1205 1830 uuum,
1235 1756 1310 1816 sicut
1332 1763 1363 1814 et
1384 1764 1416 1816 ta
1439 1771 1504 1814 oum
1527 1754 1588 1815 tilio

239 1851 307 1914 tuo,
338 1841 467 1901 Domino
489 1849 605 1914 uestro,
637 1849 667 1899 et
689 1841 800 1918 Spiritu
822 1847 924 1899 teneto
947 1857 1037 1900 uuum
1066 1859 1116 1914 es,
1149 1849 1179 1902 et
1207 1844 1285 1902 elcut
1305 1844 1414 1902 omnia
1427 1857 1516 1920 opera
1538 1851 1589 1902 tua

239 1931 488 2006 perunacissime
511 1931 767 1988 consonantiarum
789 1926 909 1986 vincula
931 1944 1020 1987 unum
1043 1929 1150 2004 iecistiq
1181 1935 1211 1990 et
1238 1937 1270 1988 ut
1293 1945 1329 1989 ex
1352 1927 1471 1989 reducta
1493 1931 1589 2006 gentle
1634 1923 1638 1930 ’

239 2019 307 2074 tuae
330 2015 487 2076 concordia
508 2019 550 2075 sie
574 2015 742 2075 aedificetur
764 2031 868 2090 eorpus
891 2014 1032 2076 ccckslee
1054 2016 1176 2076 tuae'iu
1198 2016 1244 2076 luis
1259 2015 1365 2092 Terris,
1387 2017 1474 2076 sicuti
1498 2025 1528 2076 tu
1554 2033 1587 2075 ex
1646 2034 1669 2087 a,

239 2093 400 2170 harmoniis
422 2105 543 2165 Ocelum
568 2104 664 2181 ipsum
688 2101 848 2163 extruxisti.

719 2259 911 2351 Rationes
940 2257 1110 2337 priores.

328 2406 486 2464 Axioma
507 2402 530 2460 Ι.
577 2401 812 2460 Consentaneum
835 2406 894 2473 est,
917 2399 1084 2475 ubicunque
1108 2403 1228 2460 omniuo
1247 2400 1447 2478 deripotult,
1471 2400 1590 2460 harma

238 2497 302 2554 nias
324 2497 399 2552 inter
422 2499 552 2551 extrem
572 2497 706 2548 motuum
728 2495 795 2545 tam
818 2486 999 2562 singulorum
1023 2504 1111 2562 quam
1129 2489 1284 2547 'binorum
1303 2487 1488 2564 planetarum
1518 2505 1590 2548 cou-

237 2584 317 2643 stitoi
341 2581 477 2646 debulm
500 2577 676 2646 omnifariae,
700 2580 733 2634 ut
755 2575 882 2634 varicem
904 2577 961 2634 ista
982 2573 1122 2634 mundum
1136 2583 1306 2636 exornarat
1351 2595 1377 2618 ··
1454 2618 1457 2626 ,

326 2670 485 2728 Axioma
507 2663 546 2724 ΙΙ.
592 2660 752 2722 Intervalla
772 2663 903 2737 quinque
925 2662 1040 2722 orbium
1061 2681 1114 2722 sex
1130 2665 1266 2741 oportuit
1287 2662 1490 2740 magnitudine
1507 2679 1585 2740 qoe-

226 2757 394 2836 ,cantenor
415 2751 592 2830 respondere
613 2751 792 2828 proportioni
825 2749 939 2810 orbium
969 2753 1231 2826 geometricorum,
1255 2754 1307 2827 qni
1324 2749 1438 2828 ¹ligurio
1460 2755 1589 2828 quinque

239 2843 420 2922 regularibus
448 2837 549 2901 solidis
576 2837 707 2913 inscripti
736 2843 804 2894 sunt
834 2843 865 2896 et
891 2839 1116 2916 circumscripti3
1144 2835 1233 2916 idque
1262 2838 1363 2900 ordne
1391 2838 1508 2914 eodem,
1540 2841 1589 2916 qul

239 2931 338 3010 figuris
361 2931 433 3007 ipsis
455 2925 595 2987 naturalis
618 2931 671 2984 est.
914 2944 917 2953 ·
1660 2993 1666 3008 Ι

326 3015 367 3068 De
385 3013 437 3067 lroc
455 3009 516 3066 vide
535 3025 593 3078 cap.
606 3009 631 3062 t.
650 3013 679 3061 et
690 3005 848 3075 Mysterium
862 3005 1117 3076 cosmographlcum
1136 3013 1163 3062 et
1181 3007 1323 3078 Epitomea
1335 3007 1443 3063 Astron.
1466 3003 1513 3063 lib.
1526 3007 1573 3063 tv.

324 3097 630 3180 Propositio'III.
675 3095 754 3158 Inter
776 3095 923 3158 Tellurem
954 3106 983 3160 et
1013 3094 1155 3179 Martem,
1189 3099 1370 3184 eandemque
1398 3108 1426 3158 et
1448 3099 1591 3160 Venerem

239 3193 397 3254 intervalla
420 3189 583 3250 debuerunt
614 3204 678 3247 esse
710 3189 896 3263 proportione
926 3183 1073 3250 adcubes
1102 3205 1172 3248 suos
1203 3189 1323 3247 minima
1347 3204 1439 3264 eaque
1461 3189 1591 3264 proxime

239 3282 391 3358 aequalia,
414 3277 573 3338 mediocria
596 3284 626 3336 et
648 3291 760 3336 rursum
782 3273 843 3334 iere
865 3275 1003 3352 aequalia
1025 3277 1099 3337 inter
1121 3274 1280 3336 Saturnum
1301 3282 1332 3335 et
1353 3273 1479 3350 Jorem,
1500 3277 1591 3335 inter-

240 3387 297 3445 que
320 3369 464 3428 Venerem
487 3372 516 3424 et
538 3362 728 3437 Mercurium,
751 3363 912 3422 maximum
934 3364 1008 3424 inter
1031 3361 1139 3426 Jorsm
1162 3369 1192 3422 et
1213 3361 1347 3424 Martem.

326 3467 396 3522 Nam
413 3479 464 3534 per
481 3477 516 3516 ax
543 3462 568 3516 2.
586 3475 656 3530 qnae
673 3459 777 3528 figurae
793 3459 930 3514 murman
948 3459 1052 3516 iaciunt
1069 3459 1173 3516 orbium
1199 3459 1423 3529 geometricorum
1440 3459 1591 3529 proportio·

240 3563 310 3616 uem,
329 3545 425 3600 lisdem
442 3542 570 3612 planetae
587 3539 785 3609 respondentes
803 3539 831 3592 iu
849 3539 904 3593 situ
923 3539 1023 3594 debent
1039 3539 1134 3594 itidem
1150 3539 1288 3594 minimam
1306 3539 1408 3608 lacerer
1429 3539 1592 3596 mediocrem

240 3641 302 3681 vero
321 3624 356 3688 ii,
382 3623 429 3692 qui
447 3622 540 3692 figuris
556 3620 701 3676 mediocris
728 3617 913 3687 proportionis
930 3617 1112 3687 respondent,
1140 3619 1332 3672 semanimem
1357 3619 1393 3687 ii,
1420 3619 1467 3686 qui
1490 3618 1593 3687 figurae

239 3703 374 3758 maximae
391 3700 583 3770 proportionis.
621 3695 674 3754 Sed
697 3712 751 3766 quo
776 3695 870 3750 orrliue
895 3703 938 3750 est
962 3696 1035 3750 iuter
1051 3695 1154 3766 figurae
1173 3695 1361 3751 dodeceedrou
1379 3703 1408 3750 et
1424 3696 1593 3762 icosetdrom

240 3783 335 3838 eodem
353 3787 396 3836 est
413 3781 486 3836 iuter
501 3777 670 3848 planetarum
689 3775 773 3844 bigas,
792 3789 848 3828 nne
865 3778 890 3840 (ς
908 3782 937 3830 et
955 3773 991 3851 ὅ,
1015 3774 1102 3830 altera
1120 3769 1146 3851 ὃ
1170 3783 1199 3829 et
1217 3767 1259 3850 Ως
1280 3782 1307 3829 st
1325 3789 1379 3844 quo
1398 3775 1491 3831 ordine
1508 3770 1594 3828 cubus

239 3875 267 3924 et
284 3867 441 3934 octaedron,
459 3865 554 3920 eodem
573 3865 636 3932 biga
652 3855 675 3938 ἢ
704 3869 731 3916 et
753 3858 784 3932 ll
811 3869 838 3916 et
857 3861 921 3932 biga
947 3855 973 3938 9
994 3867 1021 3915 et
1037 3854 1087 3940 ’φῖ
1103 3877 1157 3932 qno
1176 3861 1294 3930 denique
1312 3861 1409 3918 ordine
1423 3856 1589 3928 tetratdrori,

241 3955 336 4010 eodem
355 3962 382 4009 et
399 3953 462 4022 biga
482 3948 510 4022 li
529 3959 557 4006 et
574 3953 606 4016 (l,
625 3949 686 4006 ride
705 3965 764 4019 cap.
782 3951 806 4006 3.
843 3951 918 4020 Ergo
936 3951 1046 4006 minima
1064 3949 1116 4004 erit
1133 3949 1204 4003 inter
1223 3949 1302 4004 orbes
1320 3948 1486 4018 planetarios
1503 3947 1590 4016 primo

240 4041 327 4100 dictos
345 4039 493 4112 proportio,
511 4038 582 4093 inter
599 4053 663 4092 vero
681 4029 704 4112 ᾗ
724 4043 752 4095 et
774 4029 810 4116 ‘ll
835 4037 893 4092 iere
914 4037 1035 4110 aequalis
1061 4037 1100 4107 ei,
1129 4051 1198 4108 quae
1225 4037 1296 4092 inter
1317 4029 1343 4114 ῼ
1362 4043 1391 4090 et
1408 4027 1453 4116 §3
1478 4035 1594 4104 denique

240 4130 357 4184 maxima
378 4127 449 4182 iuter
475 4121 505 4197 ll
523 4132 552 4180 et
569 4127 592 4191 ὁ
610 4121 698 4180 orbes.
1134 4140 1136 4150 ·
1278 4121 1281 4126 '

327 4229 485 4288 Axioma
506 4224 561 4286 IV.
605 4223 748 4288 Plaustris
770 4242 872 4288 omues
895 4225 1003 4287 debent
1034 4227 1142 4288 haltere
1164 4244 1235 4288 suas
1258 4229 1504 4300 eceeulrioitatcs,
1534 4241 1592 4288 utu

241 4319 338 4376 miuus
373 4333 462 4392 qoam
493 4311 659 4374 latitudiuis
690 4323 817 4389 motum,
851 4322 882 4374 et
911 4313 1073 4380 secuudum
1102 4331 1154 4376 eas
1181 4315 1270 4380 etiam
1298 4314 1452 4376 dinanum
1473 4311 1592 4389 adole,

240 4405 322 4466 toute
343 4413 450 4477 motus,
473 4401 614 4462 diversus.
1487 4462 1493 4474 ,

329 4505 406 4560 Sicut
424 4501 542 4557 essentia
560 4505 650 4555 motus
669 4499 797 4555 consistit
814 4515 869 4554 nou
886 4498 916 4556 in
933 4513 1025 4568 esse,
1043 4499 1092 4556 sed
1109 4499 1139 4556 in
1150 4499 1245 4569 lieri,
1264 4499 1304 4558 sie
1321 4501 1403 4558 attan
1420 4503 1525 4571 species
1544 4518 1592 4560 serr

242 4585 329 4654 ligura
345 4581 480 4653 regionis,
498 4575 579 4650 quain
596 4578 710 4648 planeta
727 4577 841 4647 quilibet
858 4585 935 4634 motu
952 4585 1087 4646 permeat,
1109 4593 1165 4632 uon
1182 4575 1224 4632 tir
1241 4577 1334 4634 statim
1350 4579 1385 4636 ab
1402 4579 1478 4636 initio
1496 4579 1592 4650 solida,

243 4663 291 4719 sed
309 4676 439 4718 successa
458 4660 586 4728 temporis
605 4657 722 4728 acquirit
739 4657 846 4712 demum
864 4671 942 4712 suam
959 4671 1013 4713 nou
1033 4655 1230 4726 longitudinem
1248 4663 1367 4727 tautum,
1390 4659 1438 4713 sed
1456 4661 1538 4716 etiam
1554 4659 1592 4719 ltt·

242 4741 387 4798 titudinem
405 4749 434 4795 et
451 4737 677 4808 profunditatem,
707 4735 828 4808 perlecto
847 4733 1045 4793 dimensionum
1061 4735 1194 4802 ternomio,
1221 4735 1306 4806 fitque
1323 4738 1364 4794 sic
1381 4737 1512 4807 peuladm
1529 4753 1592 4794 cou-

243 4821 361 4876 nexione
377 4824 406 4874 et
422 4817 637 4876 recumulstione
658 4817 834 4890 plurimarum
859 4815 1078 4887 enodationem,
1104 4824 1136 4874 ut
1156 4825 1374 4886 reummmtatm
1391 4819 1497 4891 metius
1519 4815 1592 4876 orte
