3676 5536
740 357 822 414 Ltber
838 359 884 416 Π.
907 361 995 432 capnt
1011 357 1032 414 Ι.
1208 313 1215 322 ⁸
1494 359 1573 422 til‘

212 527 322 588 donem
344 528 373 588 iu
395 532 475 592 sanis
497 533 585 612 inque
607 534 696 596 radiis
727 537 839 600 iurauit
861 534 934 620 (etsi
955 555 993 598 na
1015 537 1091 598 hanc
1116 536 1232 614 quidem
1254 537 1324 606 laria
1345 537 1473 612 invenit,
1504 533 1558 596 sed

212 612 317 675 saltem
348 621 502 690 terminos,
537 629 571 681 ut
603 618 744 706 dictum),
783 633 814 686 at
849 635 881 684 ut
913 626 986 690 haec
1019 625 1167 704 proportio
1200 627 1239 684 sit
1269 624 1453 698 harmonica,
1492 624 1558 701 ipsa

212 703 257 758 sui
281 703 429 786 archetypi
453 705 608 770 collatione
631 710 707 784 lacit,
730 729 806 789 qaae
829 712 997 775 harmonica
1019 711 1077 772 dici
1098 730 1156 772 nau
1179 719 1277 790 posset
1306 729 1360 774 nec
1383 715 1443 771 vim
1466 709 1558 770 ullam

212 792 361 852 sortiretur
388 795 418 854 in
440 793 592 856 movendis
615 800 736 874 animis,
766 801 792 860 εἰ
821 802 865 860 sic
887 801 1062 880 archetypus
1077 815 1149 860 noa
1171 808 1257 860 esset.
1301 799 1380 860 Satis
1404 800 1492 876 igitur
1521 795 1557 860 ds

212 876 369 940 sensilibus
390 881 559 943 harmoniis.

298 965 367 1028 Jam
390 971 466 1030 cuim
490 968 694 1030 uerecundum
716 971 801 1034 uobis
824 981 868 1034 est
891 974 929 1033 ad
951 991 1039 1054 puras
1069 981 1099 1034 et
1121 980 1248 1034 secretas
1270 973 1450 1047 harmonias,
1481 971 1557 1034 alte-

211 1070 275 1112 rum
298 1071 338 1116 sc.
361 1055 515 1118 divisionis
537 1065 651 1116 nocuae
674 1061 851 1136 membrum,
876 1061 942 1122 illas
964 1079 1083 1140 nempe,
1113 1061 1268 1138 quaejam
1291 1061 1378 1122 modo
1401 1063 1558 1122 statuimus

211 1139 386 1222 archetypos
409 1163 459 1206 acu
484 1143 685 1226 paradigmata
706 1145 857 1221 sensilium
878 1148 1102 1209 harmoniarum.
1146 1148 1222 1208 Nam
1251 1149 1275 1206 si
1298 1148 1450 1226 archetypi
1471 1165 1558 1208 suam

82 1229 92 1241 ⁵
211 1227 353 1290 haberent
374 1233 591 1294 subsistentiam
614 1240 695 1305 satra
718 1237 861 1310 animam,
885 1237 977 1299 letcar
1000 1235 1149 1314 equidem,
1179 1252 1285 1312 magna
1308 1251 1366 1294 nos·
1383 1243 1556 1312 argumenta

212 1317 319 1392 privari
344 1336 395 1396 pro
418 1318 768 1402 asserendalucccssitate
799 1326 914 1384 animae
943 1323 982 1386 ad
1004 1327 1159 1386 essentiam
1181 1322 1351 1384 barmoniae
1375 1325 1556 1382 constituen-

211 1402 288 1464 dam.
334 1403 425 1484 Atqui
454 1415 535 1470 extra
564 1409 692 1469 animam
721 1408 788 1471 illos
819 1414 994 1480 constituere
1026 1419 1072 1470 cat
1103 1413 1280 1490 oppositum
1299 1411 1331 1470 iu
1362 1407 1495 1486 adjecto,
1527 1417 1561 1470 ut

211 1489 374 1553 audiemus.
419 1495 514 1556 Verre
537 1498 613 1556 enim
636 1504 666 1556 et
686 1495 889 1578 archetypicae
912 1498 1096 1573 barmoniae,
1128 1516 1203 1577 quae
1226 1497 1299 1557 nrrlli
1320 1499 1429 1574 speciei
1458 1496 1558 1557 sensili

104 1600 108 1609 ¹
210 1579 333 1642 contusa
356 1583 463 1658 existit,
487 1585 628 1662 principia
649 1591 717 1654 auat
740 1585 927 1646 nihilominus
950 1587 1045 1647 divisa
1067 1594 1095 1646 at
1110 1599 1229 1656 numero
1244 1585 1338 1662 plura.
1384 1583 1459 1646 Oum
1482 1586 1560 1644 enim

211 1673 240 1727 at
263 1665 314 1731 illa
336 1671 375 1729 sit
397 1673 558 1749 proportio,
579 1673 699 1748 requirit
720 1674 810 1748 igitur
831 1683 860 1734 et
883 1675 947 1752 ipsa
969 1691 1038 1734 auos
1060 1675 1198 1734 terminos
1215 1675 1306 1732 binos.
1351 1671 1393 1732 Hi
1408 1688 1477 1733 vera
1499 1677 1559 1732 ter·

211 1757 297 1827 mini,
328 1763 360 1816 ut
388 1756 470 1820 libris
500 1759 644 1836 prioribus
666 1762 889 1836 usurpavimus,
919 1769 987 1820 suut
1017 1759 1140 1822 circulus
1163 1769 1242 1822 totus
1271 1768 1301 1822 et
1325 1777 1395 1837 pars
1417 1759 1481 1838 ejus
1510 1757 1560 1819 rel

209 1848 317 1920 partes,
341 1843 473 1921 aliquota
495 1844 543 1908 vel
559 1844 716 1923 aliquotae,
739 1846 966 1909 demonstrativa
988 1850 1112 1918 rescisso
1129 1866 1208 1912 arcu.
1253 1847 1336 1909 Haec
1357 1854 1403 1908 est
1423 1845 1560 1926 specifica

211 1933 407 2008 proportionis
430 1933 615 1994 harmonicae
639 1933 814 2009 differentia,
846 1953 906 2012 qua
928 1953 985 1996 nan
1009 1943 1123 1996 mutum
1145 1937 1313 1996 harmonica
1340 1937 1489 2014 proportio
1512 1933 1560 1994 di·

210 2017 367 2094 stinguitur
389 2039 407 2079 a
428 2020 660 2099 proportionibus
683 2021 757 2094 aliis,
780 2023 835 2080 aab
858 2020 961 2082 eadem
982 2040 1088 2100 genere
1110 2021 1228 2096 locatis,
1251 2021 1303 2082 aed
1326 2024 1414 2083 ctiam
1437 2029 1561 2100 puroet

214 2105 403 2184 archetypica
424 2127 443 2168 a
465 2108 631 2182 sensilibus,
654 2111 710 2168 nisi
733 2117 877 2185 quatenus
900 2127 954 2170 amu
978 2110 1057 2187 vulgi
1074 2111 1224 2170 tritissima
1246 2108 1311 2170 sola
1325 2126 1462 2170 sonarum
1487 2125 1559 2168 con·
1597 2151 1602 2156 -

213 2194 325 2262 gruttas
354 2195 510 2274 harmonia
534 2195 647 2256 dicitur.
690 2196 765 2256 Nam
796 2199 826 2256 in
853 2198 910 2258 hoc
938 2199 1001 2276 ipso
1029 2193 1221 2260 clarissimum
1251 2203 1374 2274 apparat
1403 2195 1560 2256 discrimen

212 2283 287 2340 inter
308 2298 410 2357 puram
432 2283 613 2347 harmoniam
635 2290 665 2344 ot
686 2281 867 2346 harmoniam
889 2285 1025 2363 sensilem
1048 2303 1100 2346 seu
1123 2291 1303 2358 concretam,
1332 2281 1412 2360 quod
1435 2285 1463 2342 in
1486 2299 1561 2360 pura

212 2369 326 2426 termini
350 2377 474 2432 suntor
498 2363 711 2432 mathematicis
732 2372 896 2450 generibus,
920 2371 1027 2433 circulo
1051 2382 1080 2433 at
1102 2389 1180 2446 arcu,
1203 2379 1282 2432 certa
1302 2369 1390 2430 modo
1412 2371 1561 2444 lormatir;

207 2453 304 2516 habet
327 2473 355 2516 n.
380 2457 504 2517 circulus
526 2476 611 2520 suam
632 2459 835 2542 lormatianqm
857 2477 910 2536 seu
932 2459 1136 2536 figurationem
1159 2477 1196 2520 cx
1216 2477 1249 2518 se
1266 2459 1341 2537 ipsa,
1364 2457 1453 2518 habet
1475 2473 1560 2517 mous
1654 2469 1657 2480 ’

211 2559 248 2602 eu
271 2541 412 2604 subtensa
440 2549 594 2616 terminos,
626 2563 662 2605 cx
685 2546 792 2606 circulo
816 2546 952 2624 liguram3
980 2550 1010 2606 in
1040 2546 1197 2610 sensilibus
1221 2564 1290 2608 vero
1313 2544 1473 2606 harmoniis
1500 2561 1559 2604 non

211 2637 257 2690 eat
289 2647 362 2708 apua
393 2632 449 2693 hac
477 2633 598 2716 speciali
625 2633 813 2706 formatione,
846 2644 968 2712 possunt
995 2638 1071 2696 enim
1098 2652 1164 2696 esse
1196 2633 1243 2695 vel
1270 2640 1367 2695 rectas
1388 2633 1483 2694 lmese
1512 2631 1560 2691 vel

210 2716 297 2778 aliter
324 2717 464 2793 figuratae
491 2723 672 2798 quantitates
701 2721 840 2795 sensiles,
872 2721 1029 2798 dummodo
1060 2726 1118 2784 sint
1145 2721 1233 2798 hujus
1261 2719 1466 2797 archetypicae
1488 2737 1559 2781 suas

211 2805 381 2866 harmoniae
405 2807 463 2867 lida
486 2807 671 2888 exemplaria,
697 2812 724 2868 in
748 2809 909 2885 quantitate
926 2811 1074 2886 quaelibet
1089 2829 1152 2885 sua,
1175 2807 1450 2886 quantumquidem
1465 2813 1562 2886 potest

212 2907 278 2952 esse
301 2891 377 2954 fidae
401 2894 572 2957 imitationis
595 2898 624 2954 in
646 2895 734 2956 rebus
755 2896 929 2971 sensilibus,
960 2899 1041 2978 quia,
1063 2898 1142 2975 quod
1165 2899 1194 2956 in
1216 2899 1252 2957 iia
1275 2913 1344 2957 vero
1367 2898 1561 2974 propinquum

211 2987 257 3041 est
279 2980 437 3042 secundum
461 2985 555 3058 magis
577 2989 606 3044 et
629 2985 734 3058 minua,
757 2983 786 3042 id
809 3001 860 3062 pro
876 2987 940 3061 ipso
964 3003 1034 3045 vera
1053 2988 1200 3064 recipitur.
1244 2983 1285 3044 Hi
1301 2991 1367 3044 suut
1390 2984 1480 3060 igitur
1501 2992 1560 3044 ter·

211 3067 283 3128 mini
306 3067 475 3131 harmoniae
497 3071 731 3152 mahetyptcaa..
1263 3125 1265 3128 .
1510 3115 1515 3130 .

300 3155 413 3217 Deinde
436 3165 550 3234 praeter
571 3161 709 3220 terminos
731 3174 853 3232 rursum,
878 3166 910 3219 ut
933 3159 1013 3236 priua
1037 3157 1143 3218 dictum
1166 3159 1194 3218 iu
1216 3157 1383 3232 sensilibus,
1405 3159 1561 3235 requiritur

213 3245 303 3302 ctiam
326 3261 416 3318 mens,
440 3261 611 3321 comparans
635 3246 772 3306 terminos
796 3253 825 3306 ct
848 3245 1019 3322 dijudicans,
1041 3264 1111 3306 num
1134 3248 1166 3325 it,
1187 3247 1322 3306 nimirum
1343 3263 1429 3306 arom
1451 3244 1559 3317 circuli,

211 3329 288 3390 tales
310 3333 377 3402 sint,
402 3348 473 3408 quos
498 3332 533 3394 de
552 3340 619 3402 tota
643 3331 749 3393 circula
772 3333 919 3394 rescindat
941 3333 1018 3392 latus
1041 3331 1161 3411 aliquod
1183 3333 1294 3410 figuras
1317 3331 1559 3394 demonstrabilis.

212 3417 319 3494 ltaque
342 3419 397 3480 tria
420 3419 638 3495 quodammodo
661 3429 728 3480 sunt
751 3422 892 3497 principia
915 3421 1084 3480 harmoniae
1099 3421 1314 3500 archetypicae,
1338 3421 1396 3480 drra
1420 3437 1455 3481 ex
1479 3427 1560 3497 parta

212 3507 419 3566 terminorum:
451 3507 615 3582 materiale,
646 3516 679 3567 ut
701 3507 853 3583 analogica
875 3505 994 3584 loquar,
1026 3507 1145 3568 circulus
1176 3519 1205 3568 et
1233 3526 1300 3586 pars
1323 3507 1401 3583 cJus,
1430 3506 1561 3580 formale,

212 3594 349 3654 rescissio
373 3595 463 3670 partis
485 3613 538 3671 par
559 3595 680 3668 liguram
705 3595 978 3669 demonstrativam
1002 3601 1030 3656 st
1053 3613 1142 3656 uuam
1165 3613 1200 3655 ex
1222 3601 1304 3673 parta
1327 3596 1418 3671 ipsius
1441 3594 1562 3654 relatio-

212 3681 259 3740 nis
290 3681 487 3754 terminorum,
526 3682 638 3744 scilicet
668 3682 795 3742 alliciens
824 3677 1074 3764 (quodammodo)
1102 3701 1193 3743 mens.
1245 3683 1375 3758 Cumque
1413 3683 1562 3760 proportio

214 3769 309 3843 omnia
333 3777 362 3828 et
384 3769 426 3828 sic
450 3771 537 3830 etiarn
560 3770 633 3832 haec
656 3765 745 3846 partis
768 3770 867 3830 circuli
889 3769 927 3829 ad
950 3777 1042 3830 tatum
1072 3773 1112 3828 sit
1133 3773 1162 3830 in
1185 3769 1419 3848 praedicamento
1442 3768 1562 3829 relatio·

212 3857 269 3928 nis,
291 3856 352 3931 jam
375 3855 448 3916 haec
463 3865 543 3918 certa
566 3865 595 3918 et
610 3858 755 3934 descripta
767 3859 963 3935 proportionis
980 3858 1073 3918 forma
1094 3856 1183 3918 habet
1197 3875 1229 3916 sc
1249 3863 1282 3917 ut
1296 3856 1424 3934 qualitas
1441 3865 1562 3933 quartae

212 3944 334 4021 speciei.
379 3945 430 4004 Est
460 3947 537 4004 enim
566 3945 719 4004 harmonia
746 3945 849 4004 relatio
884 3943 1100 4022 quodammado
1135 3943 1310 4022 qualitativa
1343 3961 1394 4004 acu
1428 3943 1562 4018 figurata,

213 4033 325 4109 qnippe
348 4047 367 4089 a
389 4031 488 4108 figuris
509 4032 692 4108 regularibus
723 4031 854 4092 sarmata.
901 4031 1014 4108 Quodsi
1042 4033 1123 4111 prins
1150 4031 1189 4091 ad
1211 4034 1369 4110 essentiam
1388 4031 1568 4090 harmonian·

214 4117 332 4180 sensilis
354 4121 502 4195 pertinuit,
526 4126 559 4179 ut
580 4119 696 4179 sensilia
722 4137 772 4198 per
794 4121 920 4198 speciem
944 4121 1101 4180 induerent.
1118 4121 1146 4178 in
1170 4122 1311 4192 animam,
1326 4126 1445 4199 ‚quanto
1468 4119 1561 4192 magis

214 4209 303 4267 etiarn
325 4204 374 4266 hic
394 4224 515 4268 neccsse
539 4214 591 4280 ast,
615 4215 647 4266 ut
669 4223 743 4282 quas
766 4205 889 4284 diximus
910 4208 1080 4268 barmoniae
1099 4215 1228 4270 secretae
1250 4204 1396 4280 terminos,
1422 4203 1562 4264 circulum

214 4302 245 4355 et
269 4311 365 4354 arcum
388 4294 460 4369 ejus,
485 4295 504 4351 ii
529 4296 637 4352 sintin
661 4301 756 4354 mente
779 4297 843 4371 ipsa
866 4295 952 4370 intua,
982 4296 1044 4356 sive
1067 4295 1096 4354 id
1120 4297 1186 4372 quis
1209 4311 1259 4374 per
1281 4293 1393 4371 species
1416 4294 1490 4352 intro
1512 4309 1562 4352 rea

213 4388 316 4458 captas
337 4376 445 4442 lactum
476 4399 540 4442 ease
564 4381 657 4461 dicat,
687 4384 749 4440 sive
772 4398 837 4442 cnm
865 4385 929 4458 ipsa
957 4390 1053 4442 niente
1081 4383 1321 4462 perornaverint,
1349 4386 1417 4440 aute
1447 4396 1562 4442 amnem

213 4470 408 4547 receptionem
432 4471 509 4528 intus
532 4477 712 4546 praesentem
736 4467 771 4528 de
795 4486 853 4544 quo
873 4468 935 4545 jam
959 4485 1044 4544 porro
1067 4471 1151 4530 nobis
1174 4468 1309 4532 omnibus
1324 4467 1431 4544 ingenii
1450 4468 1560 4529 viribus

215 4560 270 4618 crit
293 4555 511 4633 dispiciendum.
1494 4551 1497 4560 '

303 4642 376 4704 Cum
399 4649 496 4702 autam
525 4639 561 4701 ed
585 4641 662 4702 bunc
683 4641 780 4713 lacum
805 4637 868 4716 j'am
891 4639 1108 4712 devenerimus,
1136 4659 1194 4704 nan
1225 4639 1358 4717 squidem
1388 4642 1450 4703 siue
1473 4641 1559 4702 lucu-

214 4732 295 4810 lenta
315 4731 422 4807 injuria
443 4737 502 4790 tam
526 4727 641 4790 lectoris
665 4725 866 4806 philosophiae
890 4727 997 4806 cupidi,
1029 4747 1116 4805 quam
1140 4737 1280 4804 veterum,
1303 4733 1354 4812 qui
1370 4729 1446 4792 hanc
1460 4729 1560 4806 philo-

214 4819 338 4898 sophiae
360 4823 472 4898 partam
494 4823 561 4878 ants
582 4835 636 4878 aas
658 4819 812 4889 triverunt,
841 4817 970 4894 ipsorum
992 4815 1103 4896 placita
1129 4817 1272 4906 derebus
1295 4817 1399 4880 iisdem
1422 4815 1560 4878 muma-
