3732 5528
793 369 877 427 moer
892 365 942 426 ui.
961 367 1049 439 caput
1067 364 1114 425 lx.

826 713 970 785 CAPUT
998 703 1079 785 ulf>

277 857 445 926 Quomodo
473 875 619 916 cortona
646 866 678 914 et
706 859 845 914 dissona
867 859 1067 916 harmonica
1094 857 1218 914 similia
1244 857 1313 914 siut
1339 856 1626 944 eodiaealibusdd

362 1020 497 1096 Rursum,
520 1007 767 1098 quemadmodum
779 1024 998 1082 consonantiae
1021 1028 1160 1082 cantuum
1185 1022 1259 1080 intra
1275 1018 1539 1098 quadriaectionem
1554 1039 1627 1083 con-

275 1111 388 1181 sistunt,
412 1111 482 1186 quia
504 1111 632 1168 maxima
655 1105 844 1188 disdiapason
869 1109 1061 1170 consonantia
1083 1105 1279 1186 quadruplum
1302 1107 1392 1168 habet
1414 1111 1553 1185 maJorem
1568 1113 1626 1170 mi-

252 1197 368 1270 noris,
401 1197 522 1256 minima
545 1214 613 1257 vero
637 1196 819 1258 diatessaron
844 1197 914 1258 iacit
934 1197 1075 1272 maj0renr
1099 1203 1204 1274 quarta
1225 1197 1272 1256 sui
1295 1204 1378 1274 perte
1409 1195 1549 1258 excedere
1571 1199 1627 1256 nri-

281 1301 397 1358 norem,
427 1284 530 1346 eodem
555 1283 642 1344 modo
673 1292 702 1344 et
721 1286 885 1362 positiones
909 1295 1052 1346 astrorum
1076 1285 1105 1342 in
1128 1281 1267 1358 zodiaco,
1299 1299 1373 1359 quas
1397 1301 1540 1346 consonas
1567 1297 1631 1345 esre

275 1370 454 1450 concipimus
466 1371 667 1449 efficacesque,
692 1369 885 1434 absolvuntur
900 1390 953 1434 serr
969 1373 1185 1432 constituuntur
1201 1369 1396 1432 divisionibus
1411 1371 1510 1432 circuli
1532 1390 1626 1450 nsque

275 1457 312 1518 ad
336 1457 627 1538 quadripartitionem
637 1455 700 1542 ¹¹¹).
747 1461 816 1520 Esto
847 1478 953 1538 nempe
983 1461 1151 1538 propositus
1179 1457 1302 1520 circulus
1327 1457 1384 1520 ΑΗ
1418 1458 1625 1536 dividaturque

275 1547 313 1606 ab
336 1546 439 1607 eodem
462 1550 562 1624 signo,
588 1557 663 1625 puta
686 1547 726 1620 A,
756 1551 784 1608 in
808 1547 866 1609 duo
890 1548 1008 1625 quidem
1039 1545 1177 1624 aequalia
1203 1565 1255 1624 per
1276 1545 1494 1631 rectamAH,
1514 1550 1542 1606 in
1566 1549 1623 1608 tria

276 1651 356 1715 vero¹
373 1635 510 1714 aequalia
532 1654 584 1713 per·
606 1645 716 1696 rectam
740 1637 806 1710 All,
838 1639 867 1692 in
891 1645 1019 1712 quatuor
1042 1653 1111 1695 vero
1135 1631 1273 1712 aequalia
1292 1639 1345 1712 per'
1365 1643 1475 1696 rectam
1498 1635 1575 1714 AD,
1597 1639 1626 1694 in

279 1739 331 1782 eea
365 1740 434 1787 uero
465 1725 605 1800 aequalia
622 1741 686 1803 per
706 1721 776 1784 AB:
805 1724 853 1784 hic
881 1724 1130 1784 circumferentiae
1158 1739 1227 1802 para
1249 1721 1308 1782 ΑΗ
1337 1722 1426 1786 faciet
1450 1725 1647 1800 positionem

1179 1915 1228 1966 l'lg.
1243 1913 1277 1956 ta.

360 2003 388 2064 Α
419 2005 506 2080 signo
528 2005 557 2062 A
589 2011 743 2064 sumuutur
774 2019 845 2079 pro-

275 2092 424 2166 portoras
447 2093 507 2150 sic:
741 2147 745 2154 ,
880 2131 883 2138 ·
1020 2161 1024 2168 ‚

342 2173 483 2240 Diapuaou:
504 2177 598 2226 ΑΗΕΔ
610 2178 642 2226 ad
655 2177 702 2228 ΔΗ
712 2196 747 2222 .-.-
769 2173 844 2228 tum.
975 2210 989 2234 f

275 2243 615 2298 nauarchum.
653 2246 842 2298 renarro
933 2237 973 2332 ss

273 2313 385 2371 :6:3.
417 2315 553 2380 Ditpmtc:
574 2315 841 2367 ΑΗἙΑιᾶΑΗΕι-
902 2263 1007 2380 Rs

273 2384 360 2440 tm.
397 2386 714 2440 nnoarau=9:6.
751 2387 843 2437 nuos
883 2347 991 2466 CV,

273 2454 459 2508 diezent.
495 2457 670 2508 Dhtemroii:
694 2457 787 2508 ΑΒΕΔ
812 2459 844 2508 ard
900 2469 902 2478 '

274 2525 503 2580 tHD==12=u
540 2526 844 2582 manahem.
889 2487 943 2610 (s

273 2597 317 2648 nia
342 2598 373 2647 ed
397 2597 443 2646 AD
462 2616 496 2642 =
514 2594 531 2648 4
547 2615 552 2644 ε
567 2595 591 2650 3.
633 2597 762 2662 Diapaaon
787 2614 844 2648 oum
866 2595 910 2760 lt<

274 2669 404 2730 diapente:
437 2665 529 2717 ΑΗΕΔ
557 2665 587 2716 ad
617 2665 659 2716 ΑΕ
685 2685 721 2713 =
747 2665 781 2720 12
797 2686 803 2719 :
818 2666 842 2720 4.

275 2737 345 2786 Alli)
370 2739 400 2788 ad
428 2737 473 2786 AD
491 2755 526 2782 =
545 2735 625 2790 923.
662 2739 843 2802 Dlediepraon:
899 2761 914 2838 χ

273 2809 370 2858 Aitna
392 2809 424 2857 ad
448 2808 495 2857 ΔΙ)
520 2825 555 2854 a:
579 2804 671 2860 1223.
715 2809 844 2872 Diapaou
914 2841 922 2870 r,

216 2888 221 2897 “
274 2877 842 2931 cumdiumsarorrzfflltadanzttru.
901 2877 919 2920 Ε

275 2950 464 3014 Sesqnioctsve:
484 2947 577 2997 AHED
590 2947 622 2996 ed
634 2948 703 2996 airu
722 2966 756 2992 =
775 2947 841 3002 9:8-

274 3017 387 3068 Circulos
408 3015 448 3078 12,
468 3016 539 3068 tiro
557 3015 588 3078 9,
607 3015 675 3066 ΑΗΕ
703 3017 727 3074 8.
753 3019 800 3067 ΑΗ
819 3017 843 3082 6,

275 3089 343 3137 roa
360 3087 387 3150 r,
405 3087 452 3137 ao
470 3086 494 3150 u,
513 3089 556 3136 uu
574 3086 599 3151 2,
618 3087 663 3136 rur
683 3087 708 3140 r.

276 3271 493 3350 memetralem,
516 3291 583 3353 para
607 3273 663 3333 AD
686 3269 960 3352 quadrangularem,
979 3287 1050 3348 pars
1076 3271 1128 3331 au
1150 3274 1369 3354 triangularem,
1394 3294 1461 3354 pare
1481 3277 1534 3338 ΑΒ
1556 3295 1627 3340 sex·
1654 3259 1657 3272 ¹

276 3361 453 3440 angularem,
478 3369 507 3423 et
522 3363 725 3440 proportiones
747 3361 873 3440 partium
897 3359 1145 3420 circumferentiae
1161 3364 1341 3439 inceptorum
1358 3364 1395 3426 ab
1412 3363 1515 3426 eodem
1531 3367 1625 3441 signo,

276 3449 305 3508 id
328 3459 372 3510 est
394 3450 432 3509 ab
456 3451 492 3518 A,
515 3450 706 3510 continebunt
728 3464 787 3507 non
802 3455 916 3506 tantum
929 3445 1160 3506 identieonornm
1176 3465 1437 3527 consonommque,
1460 3451 1513 3512 sed
1535 3454 1624 3512 etiam
1661 3500 1666 3515 .

277 3540 403 3598 tonicam
426 3541 659 3616 proportionem,
692 3535 722 3594 id
746 3533 825 3611 quod
852 3531 939 3594 laoile
961 3534 1088 3610 patebit,
1120 3537 1144 3592 si
1173 3535 1273 3596 circuli
1296 3547 1447 3614 saginenta
1471 3538 1625 3600 duodecim

277 3627 506 3700 ementuamns,
530 3625 668 3702 quiante
691 3625 801 3700 primm
823 3629 869 3680 eet
890 3637 1028 3680 umerus
1041 3637 1168 3694 eornm,
1197 3625 1247 3699 qni
1271 3623 1437 3700 dimidiam,
1459 3628 1575 3687 tertiam
1596 3633 1626 3687 et

278 3719 410 3789 quartam
436 3719 534 3790 partos
560 3713 688 3787 habent,
722 3710 825 3769 talium
856 3711 933 3768 enlm
959 3723 1067 3768 novem
1096 3717 1181 3768 oront
1211 3713 1240 3768 in
1271 3729 1339 3771 areu
1363 3712 1464 3790 Alli),
1498 3725 1566 3774 octo
1594 3715 1625 3771 in

280 3797 377 3874 ΑΗΕ,
411 3817 462 3860 sex
492 3801 521 3858 in
544 3797 745 3872 semicirculo,
775 3802 902 3873 quatuor
918 3791 952 3854 'in
976 3796 1076 3877 Anu,
1106 3803 1164 3857 tres
1195 3799 1224 3856 ln
1248 3799 1318 3874 iti),
1348 3800 1534 3878 eliciantque
1556 3817 1625 3878 sege

277 3895 375 3949 menta
405 3889 463 3948 ista
488 3889 611 3965 primam
642 3885 889 3958 identieonorum,
925 3901 965 3942 se.
997 3883 1138 3960 diapason
1171 3889 1389 3963 proportionem
1418 3896 1477 3961 ter,
1513 3887 1626 3948 scincet

281 3973 314 4058 l)
341 3979 378 4034 12
407 3982 558 4054 segmenta
588 3977 678 4034 totius
701 3971 800 4033 circuli
833 3971 871 4030 ad
893 3987 964 4031 eona
986 3971 1249 4049 semicirculorum,
1284 3971 1321 4058 ⁶1)
1346 3977 1364 4034 8
1388 3977 1416 4033 in
1440 3991 1509 4036 areu
1532 3972 1625 4048 ΑΗΕ,

276 4063 315 4123 ad
338 4065 357 4122 4
380 4065 408 4121 in
431 4081 501 4123 arou
525 4061 622 4137 nuli,
646 4061 676 4140 3)
701 4063 719 4120 6
743 4061 772 4118 in
797 4057 879 4118 ΑΕΗ
902 4059 940 4118 ad
963 4061 1019 4120 tria
1042 4061 1070 4118 in
1094 4078 1162 4119 arcu
1186 4061 1251 4120 Al).
1298 4061 1528 4141 sesquialteram
1551 4077 1622 4122 vero

275 4153 503 4229 proportionem,
527 4167 602 4226 quae
626 4158 670 4209 est
693 4150 949 4209 consonantiarum
972 4149 1130 4225 primarum
1154 4150 1281 4224 majoris,
1305 4168 1345 4210 sc.
1369 4153 1462 4228 ipsius
1479 4148 1624 4228 diapenta,

280 4255 393 4299 rursum
417 4246 459 4298 ter
482 4240 662 4316 exprimunt:
690 4239 722 4312 1)
748 4237 786 4294 li
810 4237 900 4295 totins
923 4234 1024 4295 oirouli
1047 4233 1120 4296 ad8
1144 4238 1172 4294 in
1197 4254 1265 4297 arcu
1282 4235 1380 4314 usim
1404 4239 1438 4312 2]
1462 4239 1481 4296 9
1504 4239 1533 4296 in
1557 4253 1626 4297 aren

278 4325 363 4386 AHD
387 4325 425 4386 ad
450 4329 468 4386 6
492 4327 522 4384 in
545 4343 614 4385 arcu
638 4323 712 4398 All,
745 4320 780 4404 3)
806 4321 1050 4384 senercunis
1081 4322 1118 4382 ad
1142 4332 1267 4399 quatuor
1296 4327 1324 4383 in
1352 4341 1421 4385 arcu
1446 4323 1509 4385 nu.
1554 4323 1624 4384 Ses-

276 4416 442 4491 quitettiam
465 4413 591 4488 deniqne
614 4413 846 4491 proportionem,
869 4418 1012 4487 quaeest
1035 4414 1289 4472 consonantiarum
1315 4415 1472 4490 primarum
1493 4413 1624 4488 minoris,
1726 4467 1729 4476 .

273 4501 306 4562 id
328 4510 373 4562 est
387 4504 480 4579 ipsius
494 4499 689 4572 diatessaron,
711 4497 844 4560 similiter
858 4506 914 4558 ter:
944 4493 977 4578 1)
1004 4499 1041 4556 12
1066 4501 1155 4558 totius
1179 4499 1278 4561 circuli
1301 4499 1340 4560 ad
1355 4503 1373 4560 9
1390 4503 1420 4560 in
1435 4517 1504 4562 arcu
1520 4499 1622 4575 AHD3

278 4584 1621 4665 a)aiuareuni1uaooma1:iarou;atriuncuAEmetnarcuAD.

275 4675 336 4736 Sed
358 4683 389 4736 et
410 4677 525 4754 triplam
547 4676 773 4752 proportionem,
798 4689 874 4748 qnae
896 4679 942 4731 eat
964 4673 1056 4749 ipsius
1081 4671 1425 4752 diapente-epidiaparon
1457 4691 1624 4738 consonan-

276 4765 346 4836 tiae,
369 4765 671 4839 repraesentantium:
698 4763 732 4840 l)
758 4764 796 4821 i‘l
821 4763 849 4818 irr
873 4767 936 4818 toto
959 4758 1067 4818 circulo
1091 4757 1165 4818 adt
1187 4762 1216 4818 in
1240 4779 1310 4822 arou
1325 4763 1393 4840 aa,
1418 4765 1452 4838 l)
1476 4766 1625 4824 itineres

1404 4869 1467 4930 ᾗ.
