3676 5536
304 336 367 400 aas
566 296 577 367 Ῑ
718 334 760 392 oe
779 333 1042 406 commeasses
1060 333 1237 392 semesos.

301 513 492 572 mulationem
515 520 667 575 exsereret.
711 512 819 574 Totum
848 513 904 573 hoc
932 517 1099 591 negotium,
1131 517 1269 592 inquam,
1299 514 1394 574 simile
1422 520 1468 575 est
1496 516 1652 575 memoriae
1694 525 1697 530 '
1773 548 1777 567 ·

301 601 479 661 animalium.
523 599 600 660 Nam
622 601 748 659 hominis
770 600 862 661 semel
884 601 941 660 risi
964 605 1091 678 speciem
1114 605 1211 662 animo
1235 605 1441 679 circumgesto,
1470 618 1526 662 nec
1557 610 1652 662 minen
1686 641 1689 649 -

301 705 368 748 enm
390 696 572 768 praesentem
595 705 707 765 semper
741 688 837 748 haheo
861 691 1103 766 cogitationihns;
1138 697 1169 750 at
1199 691 1249 750 ubi
1278 707 1391 750 rursum
1414 692 1580 767 apparuerit
1602 687 1652 749 ille

299 785 352 835 aut
374 775 477 834 similis
499 775 622 853 aliquis,
647 774 701 834 hic
719 774 783 850 jam
806 776 843 838 de
865 792 945 836 novo
968 777 1080 838 elicitur
1102 785 1132 836 et
1153 779 1182 834 in
1199 781 1274 838 'actu
1288 768 1446 854 'cogitandi
1470 779 1652 836 constituitur
1721 807 1724 814 v

300 867 413 941 species
436 863 487 922 ssla
509 865 633 941 pristina
655 849 711 940 per'
725 865 980 926 reminiscentiam.
1008 865 1072 924 Etsi
1094 866 1220 925 nobilior
1242 869 1271 924 in
1293 866 1350 926 hoc
1373 873 1418 926 est
1439 865 1566 924 hominis
1589 882 1651 924 me·

299 955 406 1025 moria,
437 950 517 1027 quod
540 953 582 1010 rei
604 957 783 1012 memoratae
805 967 863 1010 non
888 960 1001 1011 tanturn
1024 953 1062 1012 ab
1086 940 1207 1012 occursu
1229 955 1375 1013 forinseco
1397 951 1570 1026 admoneor,
1600 953 1651 1012 sed

300 1041 390 1099 etiam
412 1055 458 1098 ure
481 1041 575 1115 ipsum
598 1040 713 1114 quoties
737 1038 805 1098 rolo
828 1038 989 1099 admoneo:
1013 1042 1085 1116 qnia
1107 1042 1241 1100 nimirum
1257 1039 1435 1101 discurrendi
1449 1039 1573 1099 facultas
1596 1039 1651 1099 ad·

299 1134 344 1186 est
365 1127 493 1198 homini,
522 1142 599 1201 quae
623 1126 705 1186 deest
728 1125 796 1186 huic
818 1128 944 1188 animae.
990 1125 1099 1188 Verum
1121 1127 1195 1188 haec
1216 1127 1514 1205 incontemplatione
1536 1129 1651 1188 animae

298 1212 444 1274 humanae
468 1223 551 1272 eruut
574 1214 764 1273 evidentiora.

382 1301 468 1365 Nunc
490 1317 550 1362 nna
572 1300 737 1373 difficultas,
761 1317 851 1377 supra
873 1303 962 1360 etiarn
984 1307 1082 1376 tacta,
1106 1302 1158 1363 scd
1180 1303 1292 1378 leviter,
1316 1311 1361 1362 est
1384 1301 1590 1376 dissolvenda,
1613 1301 1649 1361 de

296 1387 384 1448 modo
408 1395 438 1448 et
459 1387 563 1448 mediis
586 1390 771 1466 receptionis.
817 1388 894 1448 Nam
923 1389 1002 1466 quod
1032 1407 1086 1450 nos
1118 1391 1249 1450 homines
1280 1389 1428 1450 sensilium
1457 1393 1569 1468 species
1603 1392 1648 1448 in-

296 1484 421 1540 trorsum
444 1477 474 1534 in
498 1479 624 1535 animam
647 1475 827 1555 recipimus,
853 1493 900 1537 res
923 1476 1039 1536 videtur
1062 1477 1200 1555 expedita
1230 1484 1259 1538 et
1286 1478 1392 1556 plana3
1423 1485 1490 1536 suut
1520 1479 1598 1536 enim
1618 1479 1648 1536 in

296 1563 450 1642 propatulo
474 1565 616 1624 foramina
639 1563 827 1642 pupillarum,
850 1581 902 1640 per
925 1581 999 1640 quas
1022 1565 1236 1642 ingrediuntur,
1261 1574 1305 1624 est
1320 1565 1432 1637 oculus,
1456 1567 1564 1642 speciei
1586 1566 1647 1624 lor·

295 1661 399 1725 mator,
428 1658 472 1711 eat
494 1650 681 1729 crystallinus
702 1651 816 1724 humor,
839 1651 969 1728 penicilli
994 1652 1101 1712 radiosi
1124 1661 1317 1729 temperator,
1349 1662 1394 1712 est
1414 1653 1568 1712 rstilormis
1591 1669 1647 1730 op-

296 1740 349 1797 tioi
370 1740 458 1798 nervi·
474 1741 584 1814 tunica,
617 1741 748 1815 picturae
777 1755 872 1798 rerum
895 1741 1069 1798 exteriorum
1091 1742 1247 1818 exceptrix.
1292 1738 1372 1798 Nihil
1394 1739 1453 1798 tale
1475 1747 1597 1817 apparet
1618 1742 1646 1796 in

297 1842 416 1901 corpore
439 1825 573 1900 Telluris,
597 1825 694 1885 nullus
717 1826 764 1884 hic
787 1825 906 1900 oculus,
929 1843 988 1903 quo
1011 1829 1109 1887 anima
1130 1827 1236 1887 Terrae
1260 1826 1360 1886 videat
1380 1826 1558 1887 radiationes
1581 1826 1647 1905 pla·

198 1951 203 1963 ι
296 1923 428 1972 netarum
450 1931 609 1990 eorumque
631 1913 770 1990 angulos:
807 1914 955 1990 quomodo
978 1915 1067 1990 igitur
1089 1916 1185 1975 lucem
1207 1917 1314 1975 sentiet
1335 1917 1398 1973 siue
1421 1917 1544 1988 risione,
1568 1931 1644 1990 quo·

295 1999 383 2060 modo
406 2004 546 2079 percipiet
569 2007 620 2060 ant
641 2003 767 2079 excipiet
788 2001 913 2082 angulos
936 2003 998 2061 sine
1021 2001 1235 2062 instrumento?
1280 2000 1445 2061 Difficultas
1467 2010 1512 2061 est
1534 2001 1642 2078 aliqua,

295 2088 397 2161 fateor,
427 2095 458 2147 at
488 2091 514 2146 si
536 2090 662 2164 penitius
690 2105 750 2148 rem
773 2091 928 2163 intuearis,
961 2092 1121 2150 communis
1151 2089 1204 2148 illa
1234 2095 1279 2148 est
1301 2096 1330 2148 et
1352 2089 1399 2148 hic
1421 2096 1451 2148 et
1472 2087 1540 2150 illic.
1586 2088 1644 2148 Adi

295 2193 379 2235 meae
408 2173 528 2252 Optices
561 2176 636 2234 Astr.
668 2179 760 2253 partis
790 2192 857 2255 pag.
890 2177 950 2236 169
984 2184 1024 2243 (11.
1044 2180 1129 2252 232),
1165 2175 1279 2236 ridebis
1310 2179 1460 2252 antiquam
1496 2175 1644 2253 querelam

296 2265 385 2323 etiam
414 2262 451 2322 de
481 2266 547 2322 visu
576 2264 712 2323 hnmano.
757 2262 833 2322 Nam
862 2265 917 2322 etsi
947 2263 1011 2322 loco
1040 2263 1092 2322 illo
1122 2264 1241 2324 modum
1270 2263 1389 2322 ridendi
1416 2281 1434 2322 a
1457 2281 1503 2322 me
1525 2263 1644 2324 taudem

295 2360 363 2430 post
385 2358 429 2409 tot
450 2350 627 2428 frustraneos
659 2351 782 2410 aliorum
810 2357 932 2410 conatus
964 2349 1139 2411 solidissime
1171 2347 1398 2410 demonstratum
1426 2351 1553 2410 latentur
1575 2350 1643 2420 dill-

294 2440 441 2520 gentiores
464 2439 553 2516 optici
576 2447 605 2496 et
626 2437 730 2498 medici
753 2440 910 2498 anatomici
926 2439 1110 2515 (quanquam
1126 2439 1173 2497 Fr.
1191 2439 1376 2514 Aquiloniae,
1399 2439 1483 2514 cujus
1504 2455 1644 2515 magnum

296 2542 370 2602 opus
386 2524 557 2602 Opticorum
579 2532 648 2584 ante
672 2528 799 2584 tannes
822 2524 940 2600 prodiit,
969 2525 1076 2584 librum
1098 2542 1196 2586 meum
1217 2541 1277 2584 non
1298 2525 1374 2584 vidit
1396 2541 1489 2602 eoque
1511 2528 1542 2584 in
1565 2530 1643 2585 anti·

295 2630 354 2690 quo
377 2629 471 2672 errore
494 2615 571 2672 circa
602 2612 721 2671 modurn
754 2613 876 2676 visionis
908 2629 1016 2671 novam
1046 2631 1117 2674 sane
1152 2630 1239 2690 qnam
1262 2613 1412 2691 pulchram
1435 2614 1515 2672 irrito
1538 2616 1643 2673 struxit

294 2699 475 2777 pergulam):
498 2708 595 2758 tamen
618 2698 808 2760 ille'ridendi
831 2698 935 2759 modus
959 2717 1017 2759 non
1039 2701 1116 2760 ultra
1137 2701 1312 2761 retilormem
1335 2703 1463 2761 tunicam
1484 2717 1550 2760 seso
1572 2718 1642 2779 por-

294 2790 376 2863 rigit,
407 2804 466 2863 qua
489 2787 634 2864 perspicui
657 2795 724 2846 sunt
741 2787 881 2846 humores
905 2787 997 2863 oculi,
1027 2795 1159 2867 superest
1180 2787 1276 2848 adhuc
1298 2791 1449 2865 quaestio,
1477 2789 1602 2848 necdum
1623 2805 1642 2847 a

296 2874 441 2951 physicis,
463 2874 501 2932 ad
525 2891 599 2950 quos
622 2876 797 2962 provocavi,
822 2874 969 2949 discussa,
1000 2875 1147 2950 quomodo
1172 2878 1284 2954 pictura
1306 2879 1348 2936 rei
1369 2874 1531 2950 videndae,
1555 2893 1573 2935 a
1596 2892 1640 2935 me

295 2962 422 3020 lormata
443 2963 473 3019 in
493 2961 633 3022 retilormi
657 2965 763 3035 tunica,
786 2961 853 3021 inde
876 2979 962 3039 porro
985 2979 1036 3038 per
1057 2981 1151 3041 opaca
1166 2967 1294 3040 corporis
1309 2967 1465 3023 introrsum
1486 2965 1642 3039 recipiatur

259 3075 264 3092 ·
296 3047 335 3109 ad
358 3051 473 3109 animae
495 3048 681 3126 penetralia?
713 3065 787 3108 anne
816 3048 893 3108 loras
917 3052 1014 3109 mrima
1045 3049 1244 3128 progrediatur
1266 3053 1296 3109 in
1317 3051 1382 3127 ejus
1405 3051 1581 3110 occursum?
1613 3059 1642 3110 et

296 3152 373 3212 quae
394 3136 440 3195 his
463 3135 630 3196 adhaerent.
676 3137 774 3214 Atque
797 3153 869 3212 ego,
905 3145 936 3194 nt
958 3139 1083 3212 ingenue
1105 3139 1215 3213 latear,
1247 3136 1314 3215 plns
1335 3141 1365 3196 in
1388 3140 1502 3198 visione
1525 3138 1641 3211 haereo,

296 3239 385 3299 quam
408 3223 438 3280 in
462 3223 519 3284 hac
541 3225 725 3302 perceptione
748 3222 847 3300 anguli
870 3223 1032 3293 radiorum,
1062 3225 1098 3284 da
1121 3242 1181 3302 qua
1202 3226 1303 3285 videor
1325 3225 1395 3285 mihi
1417 3225 1563 3286 balbutire
1584 3227 1642 3285 ali-

296 3310 366 3387 quid
389 3329 447 3370 non
471 3313 567 3389 inepte
590 3329 685 3389 posse,
710 3328 775 3370 oum
799 3313 828 3369 in
851 3312 904 3370 illa
927 3314 1043 3371 omnino
1065 3315 1121 3371 sim
1144 3320 1251 3372 mutus.
1274 3313 1396 3372 Possem
1418 3312 1537 3390 quidem
1559 3321 1642 3373 salva

294 3414 389 3458 rernm
411 3416 525 3458 sumina
547 3400 746 3474 subterfugere
768 3399 977 3475 speculationis
998 3399 1142 3474 laborem,
1174 3407 1203 3461 et
1225 3403 1388 3477 quaerenti,
1420 3401 1532 3478 quihus
1550 3401 1641 3461 oculis

295 3487 393 3546 anima
415 3486 521 3547 Terrae
544 3486 645 3546 rideat
668 3486 765 3547 radios
787 3487 923 3556 siderum,
945 3487 1135 3565 respondere:
1158 3488 1270 3562 iisdem,
1294 3489 1401 3564 quihus
1424 3488 1499 3548 vidit
1520 3488 1643 3548 militem

295 3589 361 3632 curn
383 3574 532 3634 laciniosis
555 3575 666 3649 caligis,
700 3575 784 3651 cujus
807 3577 962 3650 imaginem
985 3575 1131 3651 plantavit
1153 3579 1182 3632 in
1205 3575 1302 3652 lapide
1325 3575 1417 3635 fissili.
1461 3575 1572 3636 Verum
1595 3578 1642 3636 in·

294 3663 368 3720 ertia
390 3679 467 3721 mors
490 3671 535 3722 est
555 3661 767 3739 philosophiae,
793 3665 926 3721 vivamus
949 3679 1003 3721 nos
1025 3671 1054 3722 et
1075 3680 1268 3724 exerceamur.

321 3815 334 3834 p,
360 3749 508 3809 ·Primum
531 3752 629 3808 anima
651 3753 749 3826 puncti
771 3752 913 3809 rationem
934 3752 1036 3809 sortita
1059 3759 1103 3809 est
1126 3757 1193 3810 actu
1217 3749 1335 3826 (saltem
1357 3751 1469 3809 ratione
1491 3749 1641 3826 alligatio·

292 3836 338 3896 nis
366 3838 404 3896 ad
428 3855 532 3913 corpus
555 3833 673 3918 suurn),
705 3837 804 3897 circuli
826 3837 949 3914 liguram
972 3845 1132 3915 potcstate;
1162 3855 1237 3915 quae
1260 3854 1326 3897 cum
1348 3839 1387 3897 ait
1408 3841 1544 3914 energia,
1569 3836 1640 3896 didit

293 3939 358 3984 sese
380 3926 419 3983 ah
441 3925 492 3984 illa
515 3924 584 3984 sede
611 3927 710 4004 puncti
739 3928 768 3982 in
792 3925 944 4000 circulum3
977 3928 1040 3983 sive
1068 3928 1145 3984 enim
1174 3927 1280 3985 sentire
1301 3924 1409 3984 debeat
1429 3943 1475 3984 res
1498 3932 1638 3996 externas,

292 4012 362 4073 illae
385 4001 573 4088 sphaericnm'
590 4015 619 4070 in
643 4012 761 4072 modum
784 4029 848 4072 sese
871 4013 1066 4084 circumstant,
1089 4015 1153 4072 eivs
1176 4030 1280 4089 corpus
1303 4029 1412 4089 regere,
1436 4029 1541 4089 corpus
1564 4029 1639 4089 qno-

293 4105 351 4175 que
375 4100 590 4175 circumjectum
614 4100 711 4174 hahet,
735 4103 799 4175 ipsa
821 4100 894 4158 latet
917 4102 1003 4174 intus,
1026 4098 1157 4160 radicata
1179 4102 1209 4158 in
1231 4107 1339 4178 puncto
1363 4100 1427 4176 ejus
1451 4109 1540 4172 certo,
1563 4100 1638 4159 unde

293 4190 352 4246 erit
374 4203 425 4263 per
447 4190 574 4266 speciem
597 4189 643 4246 sui
665 4191 695 4245 in
718 4203 822 4262 corpus
845 4185 997 4263 reliquum.
1043 4189 1155 4263 Atqui
1180 4195 1283 4266 exeat,
1306 4190 1361 4246 nisi
1384 4203 1437 4264 per
1458 4188 1553 4247 lineas
1576 4204 1638 4246 rec-

293 4275 360 4334 us?
382 4275 537 4335 hocenim
560 4293 627 4336 vere
650 4283 695 4334 est
717 4277 810 4350 exire3
840 4277 890 4351 qui
913 4274 1002 4334 aliurn
1026 4274 1149 4334 exeundi
1173 4293 1283 4334 morem
1306 4276 1423 4348 haheat,
1448 4276 1515 4352 ipsa
1537 4284 1566 4334 et
1588 4275 1637 4332 lux

293 4365 419 4422 existens
442 4371 471 4422 et
492 4364 619 4436 flamina,
643 4379 731 4438 quam
754 4381 773 4422 a
794 4363 923 4422 lontibus
945 4365 1006 4422 suis
1022 4371 1128 4422 exeunt
1143 4363 1201 4422 alia
1224 4362 1343 4432 lumina,
1367 4362 1452 4422 lineis
1475 4379 1516 4422 so.
1531 4359 1638 4422 rectis?

293 4449 444 4524 ligreditur
467 4453 555 4527 igitur
578 4467 680 4511 versus
703 4452 846 4510 exteriore
869 4453 997 4529 corporis
1017 4449 1122 4510 iisdem
1144 4450 1269 4527 legibus,
1293 4451 1400 4526 quihus
1423 4451 1638 4510 circumstantia

291 4535 463 4596 firmamenti
486 4539 598 4620 lumina
620 4556 721 4598 versus
743 4537 821 4601 illam
855 4541 884 4596 in
907 4537 1212 4615 punctoresidentem
1235 4538 1441 4613 ingrediuntur.
1488 4537 1561 4597 Curn
1584 4555 1637 4596 an·

290 4630 351 4684 tem
378 4632 442 4684 tota
470 4624 582 4685 dimidii
611 4627 691 4703 globi
719 4625 838 4686 Terreni
869 4625 1037 4702 superficies
1060 4627 1217 4701 omniaque
1240 4625 1315 4686 adso
1337 4633 1446 4704 puncta
1475 4624 1635 4702 superficiei

292 4714 376 4786 aeds,
400 4728 459 4788 qno
481 4717 604 4773 amictus
627 4723 671 4774 est
693 4713 751 4790 ille,
776 4716 814 4774 ab
838 4731 895 4774 uno
918 4721 947 4773 et
969 4713 1072 4774 eodem
1094 4713 1213 4791 planeta
1234 4713 1408 4774 irradientur
1430 4711 1517 4772 radiis
1541 4712 1636 4772 inlini·

291 4801 345 4875 tis,
378 4817 414 4861 ex
436 4801 471 4859 lis
495 4803 628 4862 omnihus
650 4819 725 4862 nnus
747 4801 828 4863 solus
851 4801 943 4860 tendit
969 4819 1071 4861 remus
1099 4808 1238 4879 punctum
1260 4799 1349 4878 illud,
1383 4801 1462 4877 quod
1485 4808 1530 4861 est
1552 4799 1635 4862 sedes
