3732 5528
846 344 985 416 sperem.
1034 341 1044 348 ·
1526 353 1587 412 421
1623 339 1624 344 '

331 519 381 580 lid
405 521 589 600 Analysin
612 523 697 583 VIII.
749 522 843 599 Quem
872 523 921 584 hie
951 524 1033 598 ieris,
1066 523 1217 586 Roberte?
1244 535 1295 586 aut
1323 528 1388 602 quis
1417 543 1506 586 eausa
1535 526 1590 584 tibi
1640 600 1643 612 ι

241 611 315 668 tanti
347 610 467 674 motus?
510 611 584 670 Ndm
618 629 672 688 ego
701 611 819 687 quidem
849 612 949 688 procul
980 631 998 671 a
1027 615 1084 671 tuis
1116 615 1221 674 ictibus
1250 617 1279 672 in
1301 614 1441 690 angulum
1472 631 1519 674 me
1542 630 1589 674 re·

244 695 375 770 condidi;
405 704 436 756 at
463 715 659 788 spanensem
687 700 740 758 tibi
762 706 858 758 textus
881 717 963 758 meus
985 701 1134 777 praebuit,
1162 710 1195 758 ut
1218 704 1267 776 qui
1297 711 1410 778 praeter
1432 703 1589 775 Ingenuam
1626 762 1629 772 ,

242 784 472 931 οιιιέιῐιιεξιῗιθιιιό
500 793 533 870 ut
562 788 670 846 scirent
698 787 837 860 lectores,
870 805 946 862 quae
976 805 994 846 a
1023 805 1089 846 meo
1109 788 1194 848 libro
1222 796 1321 865 petere
1352 805 1410 847 nou
1441 788 1588 860 deberent,

241 874 303 930 n'i
357 890 375 930 a
416 880 435 930 t.

273 949 275 962 ’
327 869 581 1036 Adtinllyshr
605 961 662 1020 IX.
708 961 745 1018 Et
767 962 833 1035 quia
857 969 960 1036 negat,
989 969 1018 1021 te
1041 963 1131 1022 etiam
1154 963 1183 1019 in
1207 963 1320 1022 theoria
1344 968 1506 1033 versatum,
1536 961 1588 1022 sed

242 1048 271 1102 in
295 1046 376 1106 libris
399 1049 567 1123 prioribus?
612 1047 684 1122 Quis
707 1047 842 1108 dedecori
865 1050 918 1107 tibi
942 1065 1005 1108 esse
1029 1053 1132 1124 prasio
1150 1049 1268 1126 ‚garrit‘l
1313 1049 1429 1124 Dignus
1445 1048 1589 1124 equidem,
1695 1121 1701 1130 ⁴
1764 1027 1773 1040 ⁶

241 1134 422 1210 quiscunque
445 1138 482 1193 sit
505 1135 681 1206 audaculus,
709 1153 768 1194 nou
791 1144 843 1194 tua
865 1145 993 1208 tantum,
1021 1135 1073 1196 sed
1097 1145 1127 1198 et
1154 1155 1219 1196 mea
1242 1139 1334 1212 ipsius
1361 1140 1411 1197 ira
1459 1136 1535 1212 Quiri
1559 1145 1590 1206 et

241 1239 341 1282 omnes
363 1222 478 1296 predas
499 1223 691 1284 excellentiae
715 1225 767 1282 tibi
791 1222 947 1298 perlubens
970 1225 1008 1283 ob
1031 1224 1106 1282 hanc
1128 1227 1230 1300 praxin
1254 1226 1381 1300 assigno.
1427 1222 1589 1299 Transiga·

240 1326 305 1368 mus
329 1317 358 1368 et
380 1319 491 1369 cetera:
522 1311 707 1386 Pythagoras
728 1309 901 1370 malleorum
924 1313 998 1369 ietrrs
1020 1311 1216 1371 consideravit
1245 1319 1314 1370 note
1336 1329 1442 1372 causas
1464 1314 1589 1372 musices

239 1393 390 1466 inventes,
421 1406 450 1456 et
474 1407 569 1456 tamen
593 1397 739 1458 Robertus
763 1397 850 1458 hodie
874 1398 961 1458 tradit
983 1401 1174 1458 instrumenta
1196 1417 1288 1472 nova,
1318 1399 1462 1476 Keplerus
1485 1415 1589 1458 causas

240 1503 259 1544 a
281 1485 451 1562 Pythagora
474 1485 567 1544 dictas
592 1485 638 1544 vel
663 1484 802 1548 convellit
825 1486 987 1544 rationibus
1012 1485 1058 1544 vel
1078 1487 1224 1546 emendet.
1269 1486 1396 1546 Rursum
1425 1503 1483 1544 uon
1507 1486 1588 1546 solus

217 1571 386 1656 'Robertus
415 1575 561 1648 experitur
591 1591 694 1651 manu,
727 1589 785 1630 nou
809 1583 903 1632 meras
927 1573 1071 1650 Keplerus
1102 1575 1186 1633 affert
1212 1573 1443 1649 speculationes,
1479 1573 1590 1633 orditur

241 1661 318 1730 enim
341 1667 371 1719 et
393 1662 455 1736 ipse
478 1679 496 1718 a
518 1663 688 1731 manuario,
721 1659 842 1720 adhibet
864 1661 991 1720 chordae
1009 1661 1178 1735 plectrum,
1203 1679 1374 1736 campanae
1394 1662 1589 1736 mareolum

239 1747 421 1806 chordorum
444 1751 640 1822 proportione
660 1751 874 1808 consonantias
896 1749 1049 1818 ennelent,
1073 1757 1204 1808 moturum
1228 1749 1400 1808 coelestium
1422 1750 1589 1825 proportio-

240 1853 291 1894 nes
314 1838 469 1907 examinat,
492 1837 644 1894 nteliorem
670 1838 752 1894 uiam
774 1853 837 1893 non
852 1837 977 1894 invenit.
1024 1835 1106 1895 Haec
1122 1839 1229 1908 omnia,
1254 1833 1389 1909 Robertc,
1412 1843 1480 1894 sunt
1495 1838 1588 1894 utrin-
1686 1875 1689 1887 .

241 1940 298 1997 que
321 1925 350 1980 ia
374 1923 524 1998 conlass03
550 1931 578 1982 ct
600 1933 698 1982 tamen
721 1931 754 1980 ut
776 1923 810 1982 de
833 1925 945 1998 potiore
969 1940 1069 1982 verum
1093 1931 1121 1981 et
1144 1925 1271 1995 honest,
1295 1941 1342 1982 rne
1363 1941 1416 2000 pro
1440 1940 1484 1995 eo,
1509 1923 1587 1999 quod

243 2013 301 2070 tuis
317 2013 514 2070 instrumentis
531 2010 603 2070 liber
618 2028 699 2070 meus
714 2019 830 2081 careat,
844 2015 1099 2070 consonantiarum
1116 2029 1220 2070 causas
1238 2015 1295 2070 mei
1312 2012 1413 2076 lectori
1428 2020 1587 2086 praestare.

211 2151 215 2158 .
326 2097 486 2174 Pergamus
515 2097 650 2158 ulterius:
687 2105 716 2157 et
745 2115 849 2156 causas
880 2115 990 2173 quaero
1019 2101 1274 2158 consonantiarum
1309 2107 1337 2156 et
1366 2099 1591 2158 mathematicas

242 2185 505 2245 demonstrationes
536 2188 693 2256 concinno;
722 2185 770 2243 hic
800 2188 876 2245 enim
910 2201 978 2243 usus
1010 2185 1067 2244 illis
1090 2189 1195 2262 potior.
1244 2187 1418 2246 Demonstro
1451 2185 1588 2262 equidem

240 2275 269 2330 in
294 2273 457 2347 abstracto,
489 2275 544 2330 nisi
569 2273 647 2348 quod
671 2289 758 2348 super
781 2271 896 2344 charte,
927 2273 979 2331 sed
1003 2273 1120 2350 applico
1144 2273 1342 2332 demonstrata
1365 2276 1526 2347 concretis,
1558 2272 1587 2331 id

242 2367 288 2420 est
316 2361 456 2435 rtheetis
483 2361 627 2436 physicis,
656 2361 783 2420 motibus
814 2359 926 2419 scilicet
955 2377 1118 2438 corporum.
1164 2351 1201 2420 Fri
1223 2369 1320 2420 tamen
1352 2363 1500 2420 abstracta
1522 2379 1589 2420 mea

240 2455 308 2508 sunt
329 2448 435 2510 similia
457 2447 515 2506 iliis
539 2450 697 2519 concretis,
728 2446 799 2506 nihil
824 2449 901 2506 enim
922 2452 1017 2522 magis
1040 2457 1084 2506 est
1112 2448 1163 2506 aiii
1184 2449 1296 2518 simile,
1326 2465 1414 2524 quam
1434 2449 1588 2526 'antitypus

240 2552 294 2595 suo
319 2543 398 2613 typo.
445 2535 641 2596 conveniret
670 2535 784 2594 dehis.
830 2532 905 2592 Illud
930 2535 1025 2594 solum
1054 2544 1151 2597 manet
1180 2538 1208 2592 in
1233 2553 1337 2596 cauea:
1365 2535 1504 2613 physicos
1525 2539 1587 2596 sine

240 2621 379 2682 mathesis
410 2640 465 2698 ope
497 2640 647 2682 causarum
676 2624 720 2682 ais
751 2624 969 2697 inquisitionem
998 2625 1103 2684 iecisse
1132 2641 1184 2699 per
1218 2625 1363 2700 principia
1389 2626 1500 2699 priora;
1531 2640 1587 2699 ego
1695 2652 1696 2659 ι

241 2713 270 2770 iu
299 2709 385 2770 nudie
413 2713 601 2782 substantiis,
632 2713 695 2770 sine
725 2709 918 2769 accidentium
935 2712 1153 2791 internunciis,
1177 2713 1319 2786 negotiari
1343 2727 1418 2785 nego
1446 2711 1587 2788 possibile

241 2800 388 2874 cuiquam,
412 2801 486 2858 iuter
508 2797 671 2857 accidentia
695 2814 764 2856 vero
787 2801 910 2872 primum
933 2805 1027 2872 genus
1050 2802 1246 2873 quantitatum
1261 2816 1297 2858 ex
1315 2797 1472 2858 Aristotele
1488 2797 1586 2872 didici,

238 2885 353 2959 reliqua
375 2887 473 2945 omnia
494 2887 666 2961 posteriora.
712 2885 818 2960 Negas,
844 2893 957 2944 veteres
980 2885 1019 2943 ab
1042 2895 1104 2944 arte
1127 2887 1157 2944 in
1180 2895 1270 2944 artem
1295 2888 1506 2954 transcurrisse,
1531 2903 1586 2961 ego

240 2991 258 3032 a
280 2971 407 3034 Platone
428 2973 524 3045 didici,
548 2976 679 3046 gemines
703 2989 767 3031 esse
790 2972 852 3030 elas
868 2975 1072 3044 astronomiae,
1097 2975 1339 3047 geometriamet
1359 2971 1587 3048 arithmeticam

240 3062 375 3137 quamvls
397 3059 449 3120 illa
479 3059 514 3120 de
537 3059 693 3120 sensilibus
717 3069 800 3134 agat,
832 3062 905 3118 istae
930 3059 965 3120 de
988 3061 1153 3120 abstractis.
1199 3059 1264 3134 Quo
1288 3062 1382 3133 tnagis
1412 3071 1491 3119 tuam
1515 3078 1587 3120 cou-

193 3157 199 3166 '
240 3147 398 3208 elusionem
423 3150 517 3221 miror,
541 3156 573 3206 ut
595 3165 671 3221 quae
695 3146 950 3206 contradictorium
974 3150 1198 3222 praemissarum
1214 3149 1367 3220 subsumit,
1391 3149 1588 3208 harmoniam

239 3245 267 3296 et
288 3235 506 3296 mathematicis
524 3237 659 3310 indipere
682 3243 710 3294 et
730 3235 859 3311 physicis
881 3235 1103 3294 adsensorem
1120 3239 1334 3308 inventionem,
1359 3235 1586 3298 addiderisrec-

241 3325 351 3382 tissime
375 3323 589 3400 metaphyeieis.
638 3323 673 3382 Et
696 3322 779 3382 addis
802 3321 937 3396 quidem:
962 3325 1005 3380 ais
1028 3325 1114 3394 enim,
1138 3331 1233 3380 ortum
1257 3322 1476 3381 intervallorum
1500 3339 1586 3398 spec·

241 3420 301 3470 tare
323 3413 417 3484 magis
439 3411 476 3469 ad
499 3411 603 3488 physin
628 3414 740 3470 ratione
762 3427 834 3468 suae
857 3417 978 3469 naturae
1003 3410 1151 3487 occultae,
1184 3427 1271 3484 quam
1301 3410 1339 3468 ad
1368 3410 1530 3482 mathesin,
1561 3411 1585 3466 si

240 3501 381 3557 internum
404 3497 467 3572 ejus
489 3500 664 3575 principium
688 3499 886 3573 inspiciamus.
931 3495 1042 3570 Plrysin
1067 3497 1165 3570 procul
1192 3495 1281 3555 dnbio
1305 3497 1392 3565 dieis,
1418 3513 1506 3569 quam
1529 3513 1585 3570 ego

240 3585 477 3661 metaphysicam.
521 3585 596 3646 Nam
620 3586 780 3660 subjungis,
805 3599 942 3642 arcanum
967 3584 1029 3657 ejus
1062 3585 1221 3641 consistere
1252 3586 1286 3651 in,
1303 3582 1464 3658 spiritualis
1488 3591 1585 3642 mate·

241 3675 302 3732 riae
325 3664 483 3742 divisione„
513 3673 595 3748 enjus
620 3671 731 3732 divisor
752 3673 790 3728 sit
812 3671 925 3740 anima,
959 3678 1043 3730 aetrrs
1066 3672 1197 3728 canentis
1221 3670 1267 3728 vel
1290 3669 1441 3744 pulsantIs.
1487 3668 1583 3728 Multo

241 3759 319 3820 melo
341 3761 490 3821 commode
513 3770 564 3819 tua
588 3761 783 3836 interpretari,
807 3773 894 3832 quarn
926 3759 1109 3815 occasionem
1132 3758 1272 3832 arguendi
1295 3775 1469 3833 quaerere„
1491 3757 1584 3831 Igitur

126 3911 130 3924 ,
240 3865 376 3908 arcanum
400 3847 532 3925 intelligo
555 3847 675 3906 formam
706 3857 735 3906 et
758 3846 914 3905 essentiam
937 3847 1210 3921 contemperationis
1243 3845 1427 3904 harmonicae
1459 3846 1487 3902 ia
1509 3844 1584 3904 Ter-

239 3954 310 3996 ram.
355 3936 389 3994 id
412 3935 492 3996 disco
521 3953 585 3995 esse
608 3936 798 4010 spiritualem
820 3934 999 4007 moteriom;
1028 3950 1101 3992 sane
1121 3933 1288 3994 hermoniae
1317 3941 1346 3992 et
1376 3947 1431 4006 ego
1454 3936 1585 4008 agnosco

239 4041 291 4084 ens
312 4025 443 4096 rationis,
467 4026 541 4083 ratio
565 4039 634 4080 vero
658 4021 808 4097 spirituale
831 4022 980 4097 quippiam
1004 4028 1056 4080 est.
1101 4020 1173 4095 Ejus
1187 4019 1365 4080 munionem
1380 4017 1513 4094 intelligo
1528 4037 1584 4095 ego

239 4112 440 4170 discretionem
464 4111 541 4187 ejus,
574 4109 653 4184 quod
682 4117 726 4168 est
748 4104 974 4177 harmonicum(
994 4127 1012 4166 a
1034 4125 1092 4168 non
1116 4109 1292 4175 harmonico.
1340 4107 1512 4166 Diviserem
1540 4109 1584 4165 eis

239 4198 400 4258 animam?
448 4198 486 4256 Et
516 4201 577 4274 ipse
607 4197 680 4256 libro
711 4214 775 4255 meo
797 4197 850 4254 IV.
878 4198 959 4272 prius
989 4197 1116 4254 animam
1147 4196 1223 4255 inde'
1248 4213 1266 4253 a
1295 4197 1341 4252 sui
1370 4197 1515 4254 creatione
1546 4192 1584 4251 ad

240 4285 403 4360 exemplum
429 4287 498 4356 Dei,
533 4286 578 4343 sui
607 4284 775 4360 archetypi,
808 4285 884 4343 facin
915 4291 1078 4360 compotem
1107 4285 1289 4342 sonnationis
1319 4298 1444 4341 arcanae
1465 4279 1585 4342 harmu-

239 4377 335 4445 nieae,
363 4375 520 4449 impressas
543 4372 585 4429 ilii
609 4372 720 4430 scilicet
742 4371 824 4436 ideas
846 4371 1081 4448 harmoniarum,
1110 4389 1232 4446 querum
1256 4369 1452 4445 applicatione
1481 4368 1516 4428 etl
1540 4387 1584 4442 ea,

244 4478 318 4534 quae
340 4477 391 4536 per
413 4477 516 4522 sensus
540 4460 711 4526 offeruntur,
735 4459 933 4516 harmonicum
956 4475 975 4514 a
996 4473 1054 4514 uon
1078 4458 1245 4519 harmonico
1269 4457 1457 4516 discernatur.
1501 4454 1584 4515 Hae-

240 4555 323 4607 tenus
344 4551 434 4624 igitur
456 4549 543 4607 iniere
568 4549 596 4604 iu
619 4544 814 4615 cooelnsione,
839 4543 918 4619 quod
941 4547 969 4600 in
993 4547 1159 4620 praemissis
1176 4545 1406 4619 negatunribas,
1430 4560 1483 4602 nec
1498 4543 1583 4604 laeiie

242 4643 277 4707 te,
300 4651 336 4694 ne
359 4652 395 4696 ex
418 4635 607 4710 sequentihus
630 4632 749 4708 quidem
772 4631 1049 4690 eontradictionibus
1073 4631 1210 4703 exsolvo,
1247 4633 1302 4690 nisi
1319 4639 1348 4688 tu
1376 4647 1423 4688 me
1446 4631 1579 4705 adjuves.

242 4723 364 4787 Dixeras
389 4730 497 4784 ueteres
519 4723 559 4782 od
582 4729 647 4780 orte
669 4724 702 4784 in
726 4727 824 4781 amm
845 4735 909 4780 non
931 4717 1114 4791 domemus,
1136 4719 1198 4793 jam
1210 4721 1327 4790 asseris,
1351 4719 1416 4780 illos
1436 4727 1586 4783 naturam
