3732 5528
849 364 991 440 Apologia.
1535 370 1596 439 att

248 549 414 654 congeriem
437 553 526 610 etiam
557 555 652 610 ortum
675 548 872 622 harmonicas,
901 503 1016 624 inquo
1047 565 1102 626 ego
1124 547 1188 610 solo
1215 549 1255 607 tni
1288 558 1462 628 occupatus,
1492 551 1546 611 abs
1569 561 1598 612 te

248 653 385 783 propos&
411 724 589 801 Analysin
611 721 664 782 IV.
684 677 686 686 Ι
711 720 867 782 satisfacio
889 723 943 782 tihi
966 741 1025 782 nno
1041 723 1146 784 verbo:
1165 681 1375 800 comparamus
1398 726 1446 786 vel
1468 728 1506 787 sd
1523 746 1596 789 con·

247 827 365 870 sensum
397 813 444 871 vel
475 811 512 870 ad
543 810 696 870 discrimen
724 805 975 885 indicandum.⁸²)
1025 809 1116 870 Recte
1145 813 1234 886 igitur
1262 818 1314 872 tua
1344 829 1398 889 ego
1430 832 1494 875 eum
1525 819 1598 876 meis

251 899 371 971 corrtuli,
395 908 428 958 ut
451 901 538 960 sciret
559 899 652 958 lector
674 913 774 971 maus,
788 896 855 972 plus
877 899 1019 958 interesse
1042 898 1295 973 dissimilitudinis,
1321 916 1408 976 quarn
1432 919 1598 967 cousensus.
1708 952 1711 964 .
1765 965 1772 984 ‚

248 985 283 1044 In
305 987 403 1046 verbis
428 1003 496 1046 vero
520 986 592 1062 quid
614 989 719 1045 attinet
741 983 866 1044 ludere?
911 985 1101 1045 Artificialem
1125 995 1204 1045 tuam
1225 989 1366 1046 musicam
1391 989 1449 1047 dixi
1473 1009 1508 1051 ex
1523 992 1597 1051 libro

248 1081 315 1147 tuo,
349 1091 415 1133 nam
438 1083 470 1134 tu
494 1073 656 1133 naturalem
686 1073 724 1131 ab
748 1071 892 1132 artificiali
916 1072 1073 1149 distinguis
1104 1089 1183 1134 more
1213 1081 1273 1132 tuo.
1318 1074 1393 1132 Mihi
1421 1078 1532 1136 nullum
1556 1086 1601 1138 est

248 1160 411 1238 legitimum
433 1178 487 1222 nec
510 1161 625 1221 auditui
648 1168 800 1244 aoceptupr
822 1161 948 1220 musices
971 1161 1134 1235 artificium,
1158 1161 1236 1237 qnod
1260 1171 1340 1226 caret
1362 1163 1598 1225 fundamentise

247 1257 353 1308 natura
376 1251 551 1309 monstratis.
596 1249 690 1324 Igitur
722 1251 809 1307 etiam
843 1256 912 1307 tunc
935 1263 1029 1308 rerum
1052 1248 1229 1310 naturalium
1259 1253 1358 1327 sperio
1382 1267 1501 1326 causas,
1531 1269 1597 1312 cum
1672 1283 1678 1294 .

247 1335 285 1395 de
309 1339 420 1412 origine
442 1340 567 1397 musices
589 1335 748 1399 artificialis
772 1334 898 1412 disputo.

335 1425 378 1482 lin
402 1441 472 1485 vero
496 1423 643 1484 difficilem
665 1432 694 1484 te
717 1423 874 1496 hominem,
899 1440 951 1500 per
974 1439 1061 1499 quem
1085 1423 1154 1482 milri
1177 1440 1213 1483 ne
1238 1423 1371 1484 modesto
1394 1424 1512 1501 quidem
1535 1443 1599 1488 esso

254 1508 395 1594 licet⁸³);
418 1515 612 1589 suspiciosum
636 1528 722 1584 vero,
747 1511 798 1588 qui
820 1511 912 1570 verba
935 1510 1050 1586 singula
1072 1517 1191 1587 torques
1206 1513 1234 1568 in
1251 1513 1434 1572 contrarium.
1470 1513 1599 1590 dicripsl,
1644 1511 1650 1518 ’

248 1617 296 1658 me
318 1617 416 1676 pauca
444 1600 480 1659 de
503 1601 627 1658 musices
651 1599 852 1659 inventoribus
881 1597 1008 1674 tradere,
1038 1598 1158 1658 hoccine
1187 1607 1230 1658 est
1258 1600 1287 1655 in
1311 1608 1339 1658 te
1369 1600 1599 1676 superfluitatem

236 1703 389 1764 ¹arguere,
421 1705 497 1747 anne
520 1689 614 1762 magis
636 1686 791 1759 lectorem,
821 1685 857 1745 de
879 1686 1081 1745 inventoribus
1103 1692 1301 1761 satagentem,
1324 1685 1362 1746 ad
1386 1695 1415 1748 te
1438 1687 1599 1766 ablegare?

338 1774 391 1834 nd
415 1775 599 1852 Analysin
623 1774 660 1833 V.
705 1775 751 1833 De
774 1775 954 1850 temporibus
982 1773 1020 1833 ad
1043 1775 1184 1832 musicani
1216 1773 1397 1834 artificialem
1427 1779 1600 1837 necessariis

247 1861 338 1920 laudo
361 1861 626 1940 philosophantem.
672 1861 771 1938 Digna
793 1869 891 1920 tamen
915 1865 1039 1920 occurrit
1062 1863 1205 1937 quaestio,
1229 1863 1260 1920 in
1280 1879 1338 1937 qua
1361 1861 1408 1920 hic
1431 1873 1600 1925 exerceatur

249 1948 350 2008 lector.
394 1949 484 2010 Recte
507 1967 594 2023 sane,
618 1948 762 2022 Roberte‚
785 1965 889 2008 sonum
913 1947 1014 2008 definis
1037 1965 1089 2024 per
1112 1957 1236 2022 motum,
1266 1961 1321 2009 nec
1343 1957 1464 2010 amatu
1487 1954 1596 2031 pateris

248 2035 363 2112 sejungi
386 2045 508 2114 tempus.
554 2037 717 2113 Diligenter
745 2035 802 2095 hoc
825 2044 893 2095 sunt
915 2038 1062 2113 prosecuti
1085 2032 1272 2096 Ptolemaeus
1301 2037 1423 2113 ejusque
1449 2056 1598 2100 comment

248 2129 325 2183 tator
347 2123 536 2203 Porphyrius.
581 2124 705 2185 Duobus
728 2125 818 2200 igitur
839 2125 1006 2185 nominibus
1029 2132 1144 2201 tempus
1167 2123 1251 2184 adest
1273 2125 1425 2199 sonitibus,
1449 2129 1543 2202 primo
1567 2136 1601 2188 nt

249 2215 405 2271 essentiam
429 2213 535 2272 format
557 2227 704 2285 sonorum,
728 2227 781 2270 seu
804 2211 981 2274 differentias
1004 2227 1094 2272 causa
1108 2214 1262 2288 gravitatis
1286 2220 1315 2270 et
1334 2215 1484 2288 acuminis,
1509 2215 1600 2275 altero

183 2345 188 2369 ,
247 2308 282 2357 ut
300 2300 363 2376 jam
385 2301 518 2360 somatis
541 2301 720 2360 extrinsecus
744 2299 850 2358 accidit
872 2307 905 2358 nt
927 2314 1073 2362 mensura.
1120 2297 1234 2359 Graves
1249 2302 1313 2358 soni
1336 2308 1475 2362 tremores
1490 2303 1601 2363 babent

140 2419 149 2442 .
248 2387 399 2463 tardiores,
423 2391 502 2448 acuti
526 2388 689 2455 celeriores.
735 2386 825 2447 Verbi
849 2403 953 2461 cansa,
984 2389 1008 2445 si
1031 2389 1069 2445 sit
1091 2389 1273 2464 propositum
1296 2397 1426 2464 tempus,
1458 2401 1600 2466 quantum

250 2481 294 2534 est
317 2478 390 2534 inter
413 2476 543 2554 systolen
567 2483 597 2536 et
619 2474 765 2536 diastolen
778 2475 891 2552 pulsus
914 2475 1048 2547 humani,
1078 2475 1230 2551 pulsentur
1254 2473 1329 2534 duae
1352 2474 1494 2552 chor'dae,
1524 2479 1601 2555 quae

249 2561 392 2640 diapason
416 2563 541 2637 iaciunt,
574 2571 738 2639 trematque
760 2564 837 2622 intra
858 2563 1065 2643 praestitutum
1088 2565 1226 2640 temporis
1250 2565 1376 2640 spatium
1406 2563 1514 2624 chorda
1537 2566 1599 2640 illa,

250 2667 325 2726 quae
349 2667 469 2726 gravem
491 2667 596 2711 sonum
619 2653 739 2722 emittit,
772 2656 878 2710 tremat
899 2652 1019 2726 inquam
1044 2651 1085 2709 50
1109 2648 1351 2724 vlhratiunculas,
1380 2658 1484 2711 tremet
1507 2652 1601 2712 altera

251 2739 328 2813 100,
358 2755 434 2815 quae
462 2740 575 2799 scilicet
602 2747 720 2798 acutum
753 2745 902 2798 consonat.
955 2737 1042 2796 Hanc
1068 2738 1298 2815 speculationem
1327 2740 1410 2816 attigi
1440 2740 1514 2799 libro
1544 2740 1600 2799 111.

246 2824 318 2884 lolio
344 2827 414 2886 137.
439 2829 468 2884 in
491 2829 690 2905 experimento
712 2825 848 2886 mirabili.
893 2823 995 2899 Vides,
1019 2823 1156 2899 Roberte‚
1181 2825 1381 2901 deceptionem
1405 2826 1453 2886 hie
1477 2845 1512 2887 ex
1535 2845 1600 2887 aar·

248 2913 392 2989 higuitate
414 2918 495 2974 vocis
521 2915 674 2990 „tempus“
700 2929 820 2984 causam
843 2913 897 2972 tibi
921 2912 1011 2972 luisse
1034 2913 1167 2972 mirandi.
1213 2912 1324 2987 Quodsi
1354 2931 1412 2973 non
1435 2917 1599 2992 attigissem

247 2999 323 3062 banc
346 3003 469 3079 primam
490 3001 752 3062 considerationem
776 3001 924 3080 temporis,
948 3003 1109 3079 potuissem
1130 3001 1272 3076 excipere,
1294 3017 1340 3060 me
1356 3000 1431 3061 hanc
1454 3019 1520 3062 cum
1536 3005 1600 3081 ipsa

248 3104 389 3148 sonorum
418 3088 581 3150 differentia
609 3091 638 3146 in
671 3091 805 3150 acumine
838 3097 866 3148 et
896 3091 1043 3165 gravitate
1073 3090 1273 3167 supposuisse.
1318 3089 1365 3172 De
1388 3089 1481 3150 altero
1511 3091 1601 3168 igitur

248 3185 400 3252 respectu,
425 3193 484 3252 quo
507 3184 621 3253 tempus
645 3185 689 3235 est
711 3180 875 3236 extrinseca
896 3193 1033 3235 mensura
1055 3193 1209 3249 sonorum,
1233 3175 1365 3251 loquitur
1387 3184 1485 3236 textus
1507 3195 1599 3253 mens,

246 3263 378 3339 loquitur
400 3266 488 3323 etiarn
512 3272 588 3338 tuus,
614 3253 701 3340 qu'em
725 3281 872 3343 comparo.
919 3264 974 3322 illo
998 3267 1073 3323 enirn
1097 3270 1232 3340 respectu
1259 3281 1316 3322 non
1341 3273 1385 3322 est
1403 3265 1600 3328 'arbitrarium

249 3359 371 3430 tempus,
396 3351 447 3411 sed
470 3350 610 3412 adhaeret
632 3354 770 3430 gravitati
794 3351 841 3410 vel
866 3352 990 3409 acumini
1014 3354 1187 3423 necessario,
1212 3359 1244 3408 at
1258 3349 1315 3409 hoe·
1330 3359 1463 3428 respectu
1480 3355 1598 3412 omnino

249 3445 293 3496 est
325 3439 530 3514 arbitrarium,
561 3457 620 3518 qno
653 3442 771 3499 nomine
801 3442 875 3496 inter
899 3443 1010 3498 ceteras
1034 3455 1138 3496 causas
1166 3439 1278 3496 musica
1301 3438 1460 3498 artificialis
1486 3439 1599 3498 dicitnr.

251 3523 399 3600 Quantum
422 3531 499 3586 errirn
522 3530 551 3586 in
575 3545 606 3588 re
629 3527 761 3604 qualibet
784 3527 861 3585 inest
883 3541 918 3584 ex
941 3525 1061 3584 arbitrio
1077 3523 1204 3597 artificis,
1228 3531 1321 3584 toturn
1340 3523 1412 3583 illud
1434 3528 1489 3584 arti
1504 3534 1601 3586 trans·

248 3613 391 3686 scribitur,
416 3624 556 3690 quantum
580 3631 652 3674 vero
675 3633 722 3674 ars
745 3622 878 3671 naturam
901 3613 1032 3670 imitatur
1054 3613 1233 3687 arbitrioque
1257 3628 1311 3671 suo
1343 3611 1425 3687 leges
1448 3615 1513 3688 ipsa
1535 3615 1599 3688 seri,

250 3705 361 3760 tanturn
384 3711 518 3762 censetur
544 3705 573 3760 ln
599 3701 721 3761 artificio
749 3701 891 3760 bonitatis
919 3701 1023 3758 inesse.
1069 3699 1159 3758 Verbi
1183 3715 1287 3774 causa,
1319 3701 1422 3759 breves
1454 3717 1541 3759 sonos
1569 3703 1599 3758 in
1671 3766 1678 3775 .

252 3789 387 3848 omnibus
412 3797 515 3850 cautus
537 3790 652 3866 figurati
676 3789 800 3848 vocibus
823 3793 951 3846 statuere
974 3793 1071 3864 potest
1094 3787 1213 3862 artilex3
1243 3787 1268 3846 si
1290 3793 1392 3864 xtamen
1420 3787 1508 3846 basso
1530 3787 1598 3847 lon-

249 3893 303 3951 gas
326 3878 527 3937 accommodat
550 3893 709 3951 mensuras,
733 3875 867 3935 discanto
892 3874 1012 3949 breves,
1037 3874 1085 3934 hic
1106 3881 1241 3933 naturam
1264 3873 1314 3933 ille
1337 3881 1468 3950 spectat,
1492 3890 1597 3952 graves

249 3967 327 4023 eninr
349 3979 438 4024 sonos
461 3964 586 4024 diximus
610 3967 699 4024 etiarn
720 3965 749 4021 in
774 3959 919 4023 essentiae
934 3977 1005 4022 suae
1027 3964 1200 4022 sormadone
1218 3961 1314 4039 longis
1330 3963 1510 4039 temporibus
1534 3981 1599 4025 esse

249 4059 399 4128 cognatus,
423 4061 525 4136 acutos
549 4053 703 4126 brevibus3
734 4053 813 4110 atsi
836 4067 852 4110 e
875 4052 1019 4109 contrario
1043 4051 1161 4110 bassum
1188 4051 1363 4128 quandoque
1390 4049 1476 4127 jubet
1500 4051 1599 4109 brevi·

250 4140 304 4199 bus
328 4143 469 4199 mensuris
493 4141 744 4212 circumvolitare,
774 4135 990 4198 condimentum
1012 4138 1492 4213 machinaturextraordinarium,
1526 4155 1598 4198 con-

252 4227 317 4287 silio
341 4243 412 4286 usus
436 4243 472 4287 ex
495 4230 565 4287 artis
588 4245 659 4286 suae
681 4225 810 4286 flosculis
842 4226 1052 4301 arbitrariaque
1079 4223 1197 4286 licentia
1228 4226 1370 4286 desumto.
1415 4223 1526 4303 Tetigi,
1542 4227 1600 4287 hoc

252 4329 313 4391 cap.
342 4317 390 4372 16.
414 4314 463 4374 iol.
491 4316 551 4376 193
575 4317 604 4372 iu
629 4313 820 4374 alternatione
843 4315 1107 4373 consonantiarum.
1644 4377 1653 4398 ἱ

337 4399 421 4477 Quae
443 4403 495 4461 uhi
517 4410 548 4460 tu
571 4399 766 4478 perpenderis,
789 4400 916 4460 mirabor
938 4399 1088 4474 equidem,
1120 4402 1144 4458 si
1168 4399 1238 4475 quid
1263 4401 1460 4460 excusationis
1483 4401 1600 4480 insuper

252 4487 351 4548 afferre
373 4491 479 4566 possis,
503 4505 554 4548 cnr
576 4488 633 4549 line
655 4488 743 4564 hujus
766 4486 922 4564 analyseos
945 4489 1108 4562 negaveris,
1132 4494 1303 4562 temporum
1327 4487 1524 4548 dimensiones
1546 4505 1599 4548 va-

250 4579 313 4634 rias
335 4579 369 4635 tn
392 4576 580 4653 longitudine
600 4584 630 4636 et
649 4576 791 4636 breuitate
814 4587 871 4634 csse
893 4573 1085 4633 arbitrariae.
1130 4573 1205 4632 liam
1235 4573 1271 4634 de
1294 4575 1351 4634 boc
1373 4577 1437 4654 ipso
1463 4583 1598 4653 respectu

251 4665 407 4739 temporis,
430 4671 462 4722 ut
484 4681 637 4738 mensura,
659 4661 797 4739 loqueris.
1228 4669 1233 4682 ·

338 4749 486 4826 Quantum
515 4753 604 4828 igitur
634 4752 738 4811 attinet
767 4751 844 4810 hanc
874 4753 1037 4826 respectum
1068 4749 1222 4824 temporis,
1257 4766 1316 4826 quo
1344 4757 1476 4828 tempora
1502 4755 1599 4828 potius

306 4859 402 4911 Keplart
417 4859 492 4911 Opera
504 4857 531 4902 V.
996 4923 999 4930 Ι
1402 4856 1441 4915 27
1553 4929 1559 4936 1
