3676 5536
331 307 394 368 tos
451 361 457 378 ,
532 290 539 370 ζ
765 305 808 360 iis
823 302 1043 378 Propertiom'tur
1061 303 1236 363 Ηιιιιιοιιιιίι.

329 482 381 556 qui
411 481 447 542 iis
474 481 618 547 ιιιιιιιιιι
662 482 738 544 blant
760 499 839 559 qnae
857 481 987 544 Bodinns
1013 481 1154 544 hactenns
1184 485 1213 540 in
1232 481 1348 558 judiciis
1370 493 1596 562 tenperanterus
1616 485 1666 548 rb·

330 568 486 645 sideravit,
516 588 553 630 ea
574 571 831 648 provocationibus
861 569 977 630 modern
1010 568 1048 631 ad
1078 571 1172 646 ipsum
1194 573 1264 646 reip.
1288 588 1432 632 summum
1461 572 1666 658 moderatorem

331 653 536 718 devolvuntur.
582 659 679 734 Atque
708 666 776 722 tuuc
805 657 867 731 ille,
898 675 963 719 cum
984 657 1232 734 proportionibus,
1262 675 1341 734 quas.
1358 659 1529 722 Aristotcles
1552 660 1667 736 judiciis

330 750 360 802 et
378 744 513 819 justitiae
528 744 617 819 dedit,
641 744 772 822 derogat,
792 761 851 804 non
870 745 933 822 jam
944 745 1065 822 judicet,
1088 743 1140 804 sed
1155 743 1251 804 officie
1269 749 1410 823 superiori
1426 747 1563 824 iungitur,
1586 757 1667 808 tuens

257 831 260 840 '
329 847 419 907 remp.
443 839 474 892 et
493 831 611 908 singula
633 833 697 909 ejns
719 834 856 893 membra
901 831 978 892 Huic
1000 849 1069 892 sane
1091 829 1273 906 moderatori,
1292 836 1360 894 sire
1383 851 1434 894 rex
1455 837 1495 894 sit
1514 839 1579 896 sive
1593 837 1667 914 opti-

310 924 423 978 mates
445 921 511 980 sive
530 919 657 996 populus
681 922 849 993 uniuersus,
880 937 934 997 ego
956 919 1107 979 suaderem
1137 922 1339 996 proportiones
1361 921 1559 997 mmcnicns,
1590 924 1666 984 nullo

328 1009 522 1083 geometricas
545 1007 719 1084 analogiae,
748 1007 829 1066 nullo
852 1007 1049 1068 arithmeticae
1072 1007 1275 1084 aequalitatis,
1304 1007 1357 1070 sed
1379 1007 1457 1069 nudo
1480 1019 1668 1070 concentuum

328 1101 471 1170 respectu,
490 1093 680 1171 jubarumque
696 1101 728 1154 ιιι
742 1094 863 1155 subtiles
877 1094 942 1154 illes
957 1094 1108 1171 analogias
1119 1093 1299 1156 harmonicis
1314 1097 1510 1170 concentibus,
1535 1101 1579 1156 sie
1600 1101 1668 1174 rigi·

329 1181 396 1242 dem
426 1183 576 1258 uniusque
601 1184 734 1259 justitiae
756 1181 1034 1243 administrationem
1063 1184 1183 1242 summis
1212 1185 1339 1258 imperiis
1370 1192 1400 1246 et
1427 1183 1515 1244 saluti
1546 1187 1618 1262 reip.
1641 1189 1666 1242 in

327 1268 393 1330 loco
417 1268 528 1330 cedere.
573 1269 652 1334 Proh
674 1269 779 1343 Deum,
803 1277 913 1348 quanta
926 1268 974 1330 bic
988 1269 1216 1346 disputationum
1231 1287 1325 1347 seges,
1344 1274 1373 1330 ‘si
1394 1274 1459 1347 qnis
1474 1272 1668 1348 comparando

327 1373 379 1433 per
402 1355 517 1434 singula
540 1356 629 1418 rellet
651 1356 715 1418 ire?
760 1355 919 1423 Considera
933 1374 961 1414 n.
984 1366 1118 1418 naturam
1136 1360 1286 1436 utrimque
1300 1360 1352 1418 rei.
1397 1357 1583 1422 Geometriea
1598 1378 1668 1424 ana-

327 1445 409 1521 logia
430 1446 591 1506 communis
614 1451 658 1506 eet
678 1447 806 1507 numeris
828 1452 857 1504 et
879 1427 1035 1522 quantitati
1054 1447 1220 1516 continnae,
1243 1449 1286 1506 sic
1302 1453 1334 1506 nt
1355 1447 1498 1522 posterius
1522 1448 1551 1506 in
1566 1461 1668 1510 nnme-

328 1547 375 1592 ros
399 1535 513 1608 veniat,
544 1541 613 1592 tnnc
642 1533 791 1608 nimirum,
826 1549 890 1592 enm
918 1532 1052 1610 figuratio
1081 1534 1292 1610 quantitatibus
1321 1532 1376 1594 boc
1398 1533 1464 1608 dat,
1492 1543 1527 1594 ut
1549 1553 1667 1596 numero

328 1617 421 1685 efferri
441 1622 564 1696 possint
609 1618 679 1682 Jam
701 1621 871 1680 ereberrime
893 1617 934 1694 tit,
958 1628 990 1679 ιιι
1012 1619 1174 1682 ineffabiles
1195 1623 1254 1680 sint
1275 1622 1388 1682 termini
1410 1619 1577 1698 analogiam
1597 1641 1668 1700 geo·

327 1699 476 1780 metricam
490 1706 642 1784 complexi,
665 1715 695 1768 et
715 1724 775 1784 qno
797 1706 996 1785 progredimur
1017 1706 1147 1784 longius,
1169 1707 1226 1768 boc
1247 1710 1341 1785 magis
1364 1709 1402 1768 ab
1423 1709 1596 1777 affabilitate
1619 1711 1668 1770 de·

325 1803 475 1871 generent.
518 1795 543 1854 Ε
566 1797 709 1856 contrario
729 1797 856 1859 numeris
879 1796 957 1854 effari
981 1801 1080 1872 potest
1099 1797 1195 1868 omnir
1216 1794 1385 1856 harmonica
1397 1797 1554 1876 proportio.
1594 1796 1669 1874 Quid

327 1881 384 1948 hoc
406 1882 464 1964 qibi
487 1883 551 1946 ruit
572 1881 653 1945 aliud
674 1881 713 1944 ad
735 1881 855 1960 politice
876 1883 1069 1960 applicatum,
1098 1901 1186 1959 quam
1209 1885 1368 1944 sententias
1386 1883 1518 1959 juditam
1539 1884 1668 1962 justissi-

325 1987 390 2035 mas
420 1969 517 2047 adque
546 1969 648 2048 legum·
671 1972 887 2047 aequitatisqne
918 1971 1310 2032 normamrentilatinnibua
1335 1971 1565 2048 jurisperitorum
1594 1963 1685 2034 sub-¹

325 2057 459 2118 tilissirne
482 2065 601 2120 exactat
625 2076 690 2118 esee
713 2065 859 2135 oportere3
883 2057 1111 2120 moderationem
1141 2065 1242 2132 eontra
1262 2061 1334 2135 reip.
1357 2058 1481 2120 solutam
1503 2064 1594 2120 tantis
1616 2079 1667 2120 na·

326 2147 520 2220 assabatihns,
543 2152 630 2222 prout
652 2154 785 2222 tempora
797 2145 919 2224 inerint,
942 2147 1007 2206 siue
1021 2145 1113 2212 rnnlto
1126 2149 1248 2224 strepitu
1272 2145 1453 2206 adsalutem
1468 2149 1668 2227 universorum

322 2228 466 2294 arbitratu
488 2235 656 2311 imperantis
678 2225 962 2296 accommodandam
1006 2231 1065 2293 Hic
1079 2233 1243 2302 diducenda
1262 2240 1339 2294 esset
1354 2237 1486 2312 quaestio
1509 2237 1539 2292 in
1560 2243 1667 2312 partes,

325 2320 472 2396 quomodo
495 2320 695 2404 arithmetieae
716 2322 933 2397 progressionis
947 2323 1022 2381 ratio
1044 2320 1133 2395 indu,
1156 2321 1218 2381 sine
1237 2313 1453 2398 nobili'aliqna
1473 2322 1668 2397 formaselis

324 2410 464 2469 materiae
486 2407 722 2474 dimensionibus·
737 2411 880 2483 insistens,
903 2411 1092 2482 commerciis,
1112 2408 1247 2485 opificiis,
1271 2411 1362 2470 rtetni
1383 2409 1499 2486 plebejo
1521 2411 1670 2470 amimila·

324 2503 412 2572 retur,
433 2497 610 2574 geometrica
632 2495 792 2556 similitudo
814 2495 923 2572 (legem
939 2513 1027 2556 unam
1041 2495 1134 2558 solam
1150 2496 1319 2572 observans,
1343 2511 1396 2556 uec
1414 2498 1570 2574 quicquam
1587 2500 1667 2574 pensi

323 2581 447 2656 habeus,
465 2582 557 2658 linea,
581 2601 669 2660 quarn
692 2586 826 2656 intuetur,
849 2583 928 2648 latus
951 2583 1164 2660 quinquennali
1187 2586 1284 2644 sitan
1308 2585 1457 2660 trianguli,
1482 2585 1611 2648 effabilis
1632 2603 1668 2646 an

329 2665 500 2751 ineffabilis)
529 2671 653 2748 simplex
678 2669 810 2747 judicum
840 2669 966 2732 officiunt
993 2669 1164 2754 adumbrot3
1196 2677 1228 2730 at
1249 2673 1377 2732 uniones
1399 2670 1601 2747 harmonicae,
1633 2691 1667 2734 ex

325 2757 424 2820 multis
447 2766 529 2824 ortes
551 2757 650 2836 liguris
672 2758 851 2836 angularibus
872 2758 1040 2832 scibilibus,
1072 2774 1178 2835 genere
1202 2757 1400 2821 differentibus
1422 2761 1451 2818 in
1474 2777 1563 2820 unum
1587 2779 1669 2822 cnm·

324 2847 492 2934 paginatae,
513 2845 606 2908 multa
627 2845 765 2915 distincta
786 2847 897 2923 imperii
920 2848 1021 2906 munia
1041 2853 1266 2923 repraesentent,
1290 2863 1412 2923 quorum
1436 2849 1594 2925 unicnique
1617 2867 1668 2910 sua

226 2993 228 3000 ,
324 2935 440 3010 propria
462 2932 525 3008 lex,
555 2941 668 2996 secreta
693 2953 712 2994 a
739 2937 849 2996 ceteris.
894 2932 952 2996 Hic
981 2951 1047 2994 cum
1069 2933 1240 2996 Ptolemaeo
1264 2929 1355 3015 (inira
1383 2935 1411 2991 in
1441 2935 1603 3012 appendice
1632 2935 1667 2996 sd

127 3046 129 3055 ι
203 3097 205 3104 y
325 3021 376 3079 lib.
405 3016 460 3102 V.)
492 3039 527 3081 ex
556 3023 712 3098 generibus
744 3022 956 3082 harmoniarum
990 3031 1020 3082 et
1048 3030 1167 3094 cantus,
1197 3021 1284 3082 molle
1315 3021 1432 3098 quidem
1454 3018 1519 3099 paci
1543 3022 1667 3096 (ιιιιιιι,

324 3106 428 3170 darom
450 3107 536 3182 ballo,
560 3109 740 3186 dissidiaqne
762 3127 899 3187 generum
922 3107 1033 3184 eadem,
1056 3127 1133 3184 quse
1156 3111 1184 3166 in
1208 3112 1327 3170 civitate
1351 3117 1536 3187 utrorumque
1552 3118 1667 3187 tempo·

323 3212 396 3256 rnrn.
441 3194 550 3256 Verum
580 3198 652 3258 haee
681 3197 748 3258 aliis
776 3197 900 3258 curanda
927 3197 1076 3272 relinquo,
1107 3197 1213 3274 quibus
1235 3199 1314 3280 vitae
1336 3199 1449 3258 ratione
1479 3200 1573 3274 magis
1598 3216 1668 3258 corr-

326 3283 466 3357 vcnlunt;
488 3285 552 3360 ipse
574 3302 657 3346 nune
673 3284 710 3346 ad
734 3292 888 3362 sequentes
910 3285 1203 3360 meae‘proieasionis
1225 3285 1362 3346 materies
1384 3301 1517 3362 propero.
1562 3285 1667 3362 Itaque

323 3355 468 3430 liuditum
491 3374 570 3449 prius
594 3372 755 3449 expediam.
800 3371 847 3432 Ad
861 3371 939 3448 ¹ojus
963 3374 1039 3432 enim
1062 3371 1127 3431 libri
1155 3371 1242 3432 tinem
1270 3370 1415 3448 simulque
1438 3371 1476 3432 ad
1495 3373 1587 3448 hujus
1611 3377 1665 3436 mei

324 3459 597 3535 tertiiprincipinm
618 3463 766 3537 pervenio.

410 3545 533 3606 xxrlt
554 3546 625 3610 Jam
651 3552 727 3608 eninr
750 3545 880 3609 Bodirtue
910 3554 989 3608 totns
1011 3545 1057 3606 ad
1087 3547 1241 3616 musicam,
1269 3553 1303 3606 ut
1333 3553 1378 3607 est
1406 3563 1494 3606 ame
1522 3543 1669 3624 descripta

197 3637 198 3644 ’
324 3636 445 3693 seorsim
467 3653 485 3693 ιι
508 3637 742 3714 proportionibus
764 3637 955 3711 geometricis,
979 3635 1122 3694 transiens
1142 3651 1275 3710 eamque,
1299 3641 1331 3692 nt
1344 3633 1414 3694 mibi
1430 3651 1547 3710 quoque
1563 3633 1666 3711 placet,

323 3721 435 3798 pestiis
457 3723 690 3798 accommodans,
713 3722 785 3782 nibil
809 3724 970 3800 speciosius
986 3729 1048 3782 toto
1064 3719 1138 3782 libro
1155 3719 1292 3804 disputat,
1316 3737 1405 3796 quam
1421 3720 1456 3781 de
1471 3723 1552 3798 regni
1568 3722 1667 3794 torma,

324 3825 463 3886 supressa
483 3813 608 3872 umeris
633 3815 661 3886 l,
686 3814 714 3884 i,
738 3813 767 3883 3,
791 3813 820 3883 l,
844 3811 903 3889 qni,
929 3816 961 3871 ιιι
982 3811 1147 3885 primiaunt
1169 3818 1273 3868 natura
1301 3811 1449 3871 etenira·
1472 3807 1591 3884 quidem
1614 3825 1667 3868 nn-

324 3908 467 3958 metornm
479 3900 662 3975 principium,
686 3900 729 3958 ita
739 3898 934 3974 quantitatum
949 3897 1101 3973 prineipio,
1118 3903 1233 3972 puncto,
1255 3894 1380 3972 indeque
1400 3896 1556 3974 speciebus
1570 3913 1666 3966 earum

266 4021 268 4024 -
324 3987 426 4058 tribus,
451 3988 468 4044 2
492 3985 597 4058 lineae,
621 3988 640 4045 3
663 3984 835 4062 superficiei,
858 3987 877 4044 t
901 3987 1014 4061 corpori
1036 4001 1110 4061 pene
1134 3982 1236 4055 eodem
1258 3983 1357 4056 modo,
1374 4001 1461 4060 quem
1483 3985 1566 4046 initio
1582 3983 1667 4059 bnjns

323 4072 379 4136 111.
408 4073 476 4133 libri
510 4091 546 4134 ex
578 4073 781 4151 Pythagoricis
812 4068 961 4147 recensui,
996 4071 1127 4147 jucundo
1162 4073 1270 4146 ingenii
1305 4069 1371 4131 lusu
1403 4073 1564 4147 comparati
1592 4079 1665 4130 snut

323 4160 439 4222 Deinde
461 4162 559 4221 unitas
589 4159 633 4221 illi
660 4179 710 4222 rex
733 4169 790 4235 est,
820 4159 877 4220 Dei
904 4162 1101 4236 praepotentis
1132 4160 1161 4216 in
1183 4175 1243 4235 rep.
1268 4160 1408 4232 sicarius,
1441 4162 1566 4218 issem·
1588 4157 1665 4230 ordo,

325 4249 344 4306 8
369 4247 502 4310 militaris
524 4265 576 4309 seu
600 4250 759 4327 equestris,
781 4249 800 4306 t
823 4247 961 4324 populos,
988 4249 1064 4306 etis
1086 4245 1204 4322 quidem
1221 4247 1343 4322 ¹omnino
1366 4244 1565 4322 quadruplex:
1588 4247 1664 4322 agri·

324 4335 422 4409 colae,
452 4335 636 4416 scholastici,
658 4343 854 4408 mercatores,
878 4335 1013 4412 opifices.
1064 4333 1121 4394 Hic
1149 4336 1223 4394 inter
1252 4333 1316 4392 bes.
1335 4350 1470 4394 numeros
1501 4333 1665 4394 harmonias

324 4423 547 4498 comprehensas
571 4421 672 4486 endem
694 4421 780 4484 modo
802 4429 947 4492 recenset,
971 4437 1029 4497 qun
1052 4437 1108 4497 ego
1130 4439 1219 4498 snpra
1240 4438 1304 4480 sum
1327 4436 1412 4494 usus3
1440 4439 1547 4482 vanam
1572 4431 1664 4480 ιιιιιιιι

323 4517 419 4568 metus
446 4527 565 4586 ιιιιιιιιι
592 4511 696 4586 habet,
726 4510 764 4571 ad
793 4511 953 4585 quinarium
984 4508 1201 4586 progrediendi,
1234 4509 1317 4584 quasi
1347 4509 1477 4568 turbetur
1505 4506 1663 4580 bnrmooia,

325 4592 404 4670 quod
426 4595 531 4658 salsam
554 4615 619 4660 ease
640 4617 678 4662 ex
699 4605 761 4660 toto
783 4597 840 4660 hoc
861 4597 937 4660 libro
959 4601 1048 4673 patet.
1093 4595 1159 4656 Sint
1180 4613 1252 4656 sane
1275 4602 1304 4656 et
1327 4594 1447 4656 valeant
1468 4593 1544 4656 aliae
1560 4611 1664 4656 emtas

323 4681 502 4745 subsistendi
528 4687 558 4744 in
586 4688 792 4763 quaternarios
818 4687 888 4762 quin
919 4685 1008 4748 etiarn
1036 4685 1076 4757 in·
1090 4682 1207 4743 bomine
1239 4685 1303 4761 ipso
1332 4681 1460 4744 relucere
1489 4678 1667 4742 demonstrat

324 4769 401 4833 banc
421 4772 493 4851 reip.
516 4770 637 4837 torm
658 4791 695 4836 ax
715 4772 854 4846 Platone,
886 4773 915 4832 in
938 4787 999 4848 qna
1023 4773 1037 4830 1
1061 4787 1156 4846 mens,
1188 4773 1207 4828 2
1231 4771 1439 4832 ratiocmetire
1464 4769 1608 4846 incultas,
1633 4769 1663 4826 in
