3698 5534
297 337 360 400 110
897 335 1039 409 Arm&

295 511 456 574 meandum
479 509 609 594 aliquam
630 520 847 598 proportionem
868 520 1065 597 quantitatum
1079 517 1213 596 eludam
1225 515 1344 596 gareb
1353 518 1440 590 sumt,
1463 527 1530 578 aaut
1544 523 1644 578 umeri

294 601 352 662 nial
374 605 404 665 iu
426 607 624 680 quantarum
647 607 915 684 comparationibus
937 607 1108 667 barsreniae
1129 607 1227 668 luceas
1248 595 1306 666 r'sou
1328 597 1454 682 mitt.

383 688 470 766 Quod
493 709 563 752 raro
587 695 648 753 toni
671 692 828 754 mundales
851 701 1055 770 comparentur
1077 691 1231 756 edentum
1251 701 1283 755 et
1302 692 1434 752 mbas
1455 690 1590 772 publicis,
1613 689 1644 750 id

296 778 411 838 emendi
433 782 559 840 maxime
581 781 714 842 amurelo
737 797 802 842 esee
824 789 854 842 et
875 781 1125 842 memorandum
1147 793 1271 858 canaam
1295 780 1347 840 ubi
1368 781 1525 840 mulsae
1546 787 1644 840 tubae

295 864 468 926 Ptolemalcl
486 865 606 928 ‚adduxi
635 865 878 947 pbilosophorum
905 871 1053 930 ranem·
1075 870 1185 948 placita
1214 869 1252 930 de
1274 867 1450 946 reputent
1470 867 1643 940 ubernent,

295 967 481 1014 numerorum
504 962 533 1014 at
554 953 769 1018 harmoniarum
792 959 931 1032 nterea,
952 957 1061 1034 quibes
1083 964 1113 1018 et
1134 955 1284 1036 epilogum
1306 957 1364 1016 moi
1377 954 1443 1014 tert
1458 953 1496 1014 V.
1511 953 1644 1031 etiami.

300 1040 339 1100 iit
362 1039 636 1117 quod‘nomiratlm
659 1043 764 1105 attinet
786 1045 906 1107 emens
930 1051 1066 1106 toaomm
1087 1045 1116 1104 iu
1138 1045 1293 1108 merendo
1311 1043 1416 1104 nimie
1438 1041 1645 1116 dumi-oda,

294 1126 375 1187 illam
404 1131 557 1206 materiam
584 1147 641 1208 ago
671 1133 841 1210 compleant
865 1129 1104 1210 'sumpecullerl
1129 1147 1194 1210 capr
1227 1133 1277 1194 15.
1304 1131 1376 1192 libri
1400 1131 1459 1192 mel
1488 1125 1542 1188 tit
1593 1127 1643 1189 su

295 1214 374 1292 quod
396 1216 501 1278 anicet
525 1213 672 1295 justitiane
693 1222 935 1281 cometarium
958 1220 1238 1297 dtetrtbrairamque
1262 1227 1293 1280 et
1313 1218 1472 1278 amtduam
1500 1224 1532 1277 et
1552 1231 1643 1278 σωο-

293 1303 411 1362 uomica
433 1311 522 1381 etque
543 1305 680 1383 politice,
710 1307 747 1367 de
770 1308 827 1368 luae
848 1310 986 1383 mamete,
1018 1316 1164 1384 menum
1186 1309 1216 1366 in
1239 1307 1276 1368 fle
1299 1305 1422 1367 valeant
1440 1303 1644 1383 proportiones

294 1391 439 1470 musicae,
466 1392 520 1453 leci
549 1393 757 1471 &menonem
790 1397 819 1456 ln
848 1393 906 1458 inc
932 1399 990 1458 rest
1018 1395 1071 1455 lib.
1100 1395 1156 1455 111.
1201 1393 1337 1471 Deultpna
1365 1394 1519 1454 murtam
1547 1393 1643 1469 ipsu

213 1515 215 1520 ,
245 1487 247 1494 “
293 1481 446 1555 praemissi
474 1479 538 1556 jam
566 1483 672 1558 cepitis
701 1483 730 1544 3.
753 1490 783 1544 et
806 1484 843 1558 t,
875 1492 1003 1561 atquae
1035 1482 1071 1544 de
1095 1484 1128 1559 5,
1162 1483 1197 1557 t,
1232 1485 1260 1540 7.
1291 1483 1321 1541 iu
1348 1495 1457 1558 gnere
1486 1495 1558 1540 rua
1583 1479 1643 1542 diet

291 1573 465 1643 potuerant,
495 1567 665 1645 complente
694 1585 750 1647 ego
779 1583 844 1630 sum
874 1573 968 1634 trtbm
996 1571 1099 1648 petatis
1124 1576 1156 1632 st
1175 1579 1298 1630 rursum·
1317 1569 1445 1647 septimo
1463 1570 1561 1644 eapite
1583 1569 1643 1628 mci

292 1653 360 1712 libri
390 1653 448 1727 lv,
484 1655 534 1713 ubi
564 1655 710 1733 explicata
749 1660 911 1718 animorum
942 1665 1048 1718 namra
1078 1655 1210 1732 onendi,
1248 1654 1488 1734 quandoquidem
1516 1655 1643 1715 obtulus

291 1742 467 1818 geometrice
490 1750 587 1802 metus
610 1759 662 1821 per
683 1745 900 1824 inscriptionem
923 1746 1083 1824 figurarum
1097 1744 1261 1824 planetum,
1285 1741 1643 1823 muoparstlonsprrttu

292 1845 360 1888 mm
382 1836 463 1902 toto,
496 1829 617 1892 dellniat
639 1847 708 1894 vare
729 1843 759 1894 et
779 1835 896 1911 proprie
917 1836 1121 1911 proportiones
1144 1832 1345 1906 hamericus,
1373 1833 1403 1890 lu
1425 1831 1533 1892 animle
1552 1833 1643 1908 igitur

292 1915 443 1978 essentiali
466 1917 593 1994 quadam
625 1922 739 1980 ratione
760 1922 857 1982 inesse
880 1917 1020 1982 circulum
1046 1921 1207 1982 iomalltar
1229 1928 1259 1980 at
1280 1921 1428 1981 abstraata
1454 1933 1513 1978 uon
1534 1932 1644 1978 Νι·

292 2007 365 2064 teria
388 2012 518 2080 tanum,
550 2004 715 2068 sedetiam
745 2010 784 2068 ab
808 2012 872 2086 ipsa
895 2001 1112 2086 quodammodo
1141 2007 1304 2085 quantitate
1328 2003 1522 2067 materialiter
1543 2007 1643 2065 cousi-

292 2091 410 2168 derata,
442 2109 533 2169 qnam
562 2110 628 2154 cum
658 2096 767 2156 circulo
790 2098 886 2157 inesse
916 2099 946 2155 in
969 2097 1075 2156 culmis
1103 2101 1132 2157 et
1154 2097 1338 2169 barmoniae,
1366 2102 1397 2156 et
1422 2093 1500 2154 tuus
1521 2109 1643 2156 aeuum

295 2195 376 2260 essa,
409 2195 460 2241 cur
489 2181 578 2240 animi
607 2191 784 2243 moveantur
808 2185 982 2261 hermoniim
1012 2182 1065 2244 sed
1093 2183 1170 2245 baec
1197 2186 1296 2243 maia
1324 2184 1361 2241 la·
1381 2189 1489 2258 grume
1518 2189 1641 2258 mm,

291 2266 374 2328 nuile
396 2274 594 2345 consequente
617 2273 788 2332 causatione
811 2272 1026 2333 distributionis
1048 2271 1138 2332 enimi
1163 2274 1194 2330 is
1215 2271 1373 2332 insalutes
1393 2267 1549 2348 epsetdee.
1591 2267 1643 2330 flia

291 2357 381 2432 igitur
401 2355 492 2416 babet
513 2373 559 2417 ree
582 2371 648 2418 cum
671 2359 777 2419 animis
799 2359 944 2424 humanis.

378 2441 466 2519 Quod
485 2446 631 2506 motiones
659 2446 801 2508 coelestes
824 2449 951 2520 attinet,
971 2445 1159 2510 rutensem
1188 2438 1255 2526 uprt
1276 2447 1322 2506 arri
1345 2444 1401 2504 111.
1425 2459 1489 2522 rap.
1502 2441 1535 2503 '8
1556 2459 1640 2504 curu-

291 2538 376 2608 parst
396 2529 550 2592 aodiacum
572 2549 639 2593 cam
660 2541 821 2612 systemate
842 2548 895 2595 eeu
917 2533 998 2594 scale
1013 2535 1141 2610 mueieap
1163 2535 1262 2612 eapite
1282 2534 1313 2593 1.
1334 2531 1543 2596 commanire
1557 2533 1640 2609 pase

198 2667 200 2671 .
291 2635 356 2678 curu
379 2621 547 2698 aspectibus
570 2619 764 2699 planetarum.
809 2621 867 2683 Hic
897 2620 1013 2683 ostendi
1035 2638 1107 2700 ego,
1136 2621 1242 2700 quibus
1264 2623 1294 2679 iu
1316 2619 1449 2698 partibus
1470 2635 1577 2680 mattea
1598 2621 1638 2680 rit

291 2704 424 2765 doctriua
451 2705 494 2766 de·
513 2708 682 2784 aspectibus
709 2708 788 2787 apud
811 2709 1031 2783 Ptolemaeum,
1062 2716 1092 2769 et
1118 2705 1266 2786 quomode
1294 2709 1490 2784 integmtiene
1516 2710 1639 2782 numeri,

290 2791 359 2851 binc
380 2800 568 2871 aspectuum,
600 2795 670 2856 inde
691 2799 962 2870 comonntlurum,
992 2803 1135 2876 appareat
1155 2795 1274 2856 tandem
1295 2795 1437 2873 naturalis
1459 2802 1491 2855 et
1511 2795 1640 2856 auselii

237 2947 240 2964 Ι
291 2877 394 3026 bapppg
416 2896 510 2940 rerum
533 2881 685 2944 monerio.
730 2885 783 2945 list
804 2892 904 2946 summ
925 2885 1001 2946 baec
1022 2886 1151 2962 genuina
1171 2883 1303 2944 materia
1316 2885 1374 2944 rasi
1395 2881 1463 2943 ltbrl
1476 2882 1530 2944 tv.
1552 2899 1640 2960 pree·

290 2981 322 3027 se
412 2983 476 3046 cep.
501 2971 536 3043 4,
561 2971 594 3043 5,
620 2973 648 3031 6.

350 3073 354 3082 ·
378 3054 483 3132 cupite
509 3059 557 3119 10.
580 3055 769 3120 Ptolemaeus
791 3077 827 3122 ea
849 3066 931 3120 motu
953 3057 1092 3137 planetae
1114 3057 1234 3118 abortu
1255 3059 1437 3118 inmun
1458 3056 1529 3117 iacit
1544 3073 1640 3132 qaae·

293 3138 362 3200 darn
383 3141 558 3214 melodiam,
588 3156 651 3223 cap.
678 3149 727 3205 11.
759 3163 796 3208 er
817 3155 899 3207 motu
921 3163 993 3208 rero
1015 3146 1199 3224 manarum
1224 3146 1256 3202 ln
1282 3144 1375 3204 altum
1404 3151 1436 3203 et
1464 3143 1640 3220 proiuudum

291 3228 362 3289 lacit
383 3245 492 3307 genera
515 3239 631 3307 centus,
655 3250 720 3312 cep.
747 3236 797 3293 11.
820 3253 857 3296 ax
878 3241 961 3295 motu
982 3235 1012 3294 la
1036 3232 1129 3293 latera
1151 3234 1319 3308 mquaiorls
1346 3232 1418 3291 taett
1441 3230 1639 3292 11νωὶ1111111

291 3323 426 3377 tonorum
449 3319 643 3394 musicalium,
665 3337 730 3400 cap.
756 3323 806 3382 lt.
828 3340 865 3382 cx
886 3323 978 3383 variis
999 3317 1278 3397 configurationibus
1292 3317 1476 3396 planetarum
1488 3335 1554 3379 eum
1569 3317 1640 3381 dola

290 3405 362 3466 lacit
390 3408 473 3466 varta
503 3408 889 3484 systematis-tetrachorda
933 3407 969 3468 Iu
990 3407 1037 3468 bie
1059 3409 1080 3466 4
1103 3407 1249 3483 capitibus
1273 3407 1402 3480 ostendi,
1433 3405 1637 3468 Ptolemaeum

291 3493 438 3554 luxuriare
461 3497 598 3576 exercitio
621 3495 809 3574 comparandi
830 3499 948 3576 politico
970 3494 1018 3557 rel
1041 3495 1185 3569 oratorie,
1216 3507 1283 3555 nm
1305 3511 1356 3568 ea,
1378 3507 1455 3570 quw
1477 3503 1637 3570 comparat,

291 3596 349 3641 non
372 3583 432 3642 sint
453 3585 483 3642 ln
507 3583 590 3646 coelo
611 3585 712 3660 reuda,
736 3592 858 3664 excepta
880 3583 1025 3662 particula
1047 3597 1111 3662 cap.
1139 3585 1193 3655 ll,
1216 3595 1305 3659 quam
1326 3581 1364 3641 ad
1383 3583 1439 3641 trts
1461 3581 1565 3642 utana
1586 3599 1638 3644 ca-

288 3670 353 3746 pita
375 3668 413 3730 ad
434 3672 639 3749 cognationem
661 3671 801 3733 materiae
823 3671 893 3734 volo
915 3672 1062 3748 rejectam.
1107 3667 1230 3730 Ostendi
1253 3673 1358 3744 111111,
1391 3669 1439 3730 bic
1460 3671 1569 3746 partim
1590 3671 1639 3728 lu·

291 3758 502 3836 comparabilia
523 3775 701 3838 comparare,
723 3760 900 3822 molestante
922 3764 1156 3838 comparaturum
1175 3765 1290 3830 satum,
1313 3757 1429 3836 parum,
1451 3771 1528 3835 quae
1542 3758 1638 3818 umut-

285 3845 347 3905 bue
373 3847 510 3906 membris
538 3847 724 3926 respondent,
754 3845 949 3909 accidentaria
977 3845 1098 3918 saltem,
1129 3859 1187 3904 non
1209 3859 1281 3904 rcro
1307 3859 1345 3905 er
1373 3844 1501 3922 alicqu
1531 3861 1638 3906 mune

290 3935 468 3994 necmeitata
491 3933 658 3996 cohaerere.
704 3933 857 4000 Hactenus
879 3937 969 4013 igitur
990 3933 1062 3994 nibil
1084 3932 1262 4012 talparum,
1284 3931 1364 4009 quod
1386 3945 1454 3994 cum
1474 3935 1548 3994 mels
1570 3933 1640 3994 bar·

291 4023 396 4082 moniis
419 4021 596 4082 coelestibus
619 4025 785 4084 conueniat

379 4109 420 4168 rit
441 4125 519 4171 vero·
534 4125 660 4186 sequeus
683 4127 747 4189 cap.
773 4109 822 4169 14.
845 4107 1009 4170 Ptolemaei
1030 4108 1168 4186 proponit
1189 4107 1345 4184 inquirere,
1366 4108 1462 4180 praeta
1481 4123 1557 4184 pesce
1577 4124 1640 4166 nu·

289 4200 876 4274 merosprimoseompuroriposetnt
905 4197 1167 4272 ronirprtcmotie
1202 4195 1639 4255 machamaticum

290 4285 425 4359 rpltaertr
452 4287 562 4360 primia
590 4287 625 4344 in
654 4293 811 4364 eputernotr
834 4285 1019 4361 planetorio.
1063 4281 1123 4342 Hic
1149 4297 1205 4358 ego
1234 4281 1362 4355 ostendi,
1392 4283 1639 4360 temperalium

292 4368 463 4430 Ptolemaeo
487 4379 517 4432 et
539 4371 745 4450 Pythagoricis
768 4375 798 4432 ln
820 4387 876 4432 arua
896 4372 1007 4432 asima
1021 4371 1202 4430 muoncmia
1223 4370 1314 4430 iubeo
1331 4369 1551 4448 impossibilem,
1571 4369 1641 4429 lieet

291 4459 465 4517 tenurenm
487 4458 600 4536 aliquid
622 4462 772 4540 principiis
793 4455 982 4520 Ptolemelcla
1004 4465 1233 4518 conmutaman
1255 4453 1452 4532 comminisci,
1483 4465 1517 4517 ut
1536 4459 1580 4517 ita
1600 4459 1640 4516 ti·

291 4543 355 4602 tulo
376 4541 457 4604 nudo
483 4561 555 4607 euna
577 4555 731 4609 contextus
752 4545 933 4608 subderetur.
979 4544 1103 4606 Omsudt
1132 4547 1237 4619 etism,
1266 4561 1333 4606 cum
1354 4547 1469 4622 pnraaa
1497 4543 1640 4623 sphaeras

292 4630 506 4708 quantitatibus
528 4637 590 4694 suis
612 4642 755 4710 cousmnt,
778 4649 836 4695 non
859 4635 955 4694 minus
970 4645 1059 4710 quam
1074 4629 1201 4693 cbordae
1215 4635 1279 4693 suta
1292 4629 1534 4710 longitudinibus,
1552 4647 1640 4709 opor·

291 4720 385 4779 tulaae
416 4723 663 4796 comparationem
695 4721 856 4784 seeundum
886 4723 1067 4798 verutatas
1099 4721 1229 4794 tuentur,
1263 4733 1329 4781 cura
1361 4727 1460 4782 tameu
1489 4721 1640 4798 proportio

290 4805 481 4885 sphaerarum
496 4825 515 4868 a
527 4812 715 4890 proportione
730 4808 903 4874 martianum
917 4809 1141 4872 murcnmuun
1156 4805 1314 4894 plurimum
1327 4807 1495 4872 1111111111.
1532 4807 1640 4869 linu-
1658 4827 1662 4846 ⁸
