3732 5528
261 349 381 408 ,430
682 389 683 392 ,
785 337 951 409 appendicis
969 317 1192 396 Harmoulccmm
1290 409 1333 438 ‚v

317 535 432 596 cunque
454 519 541 595 igitur
563 519 741 595 quantitates
764 533 799 576 ex
822 517 1008 592 opinionibus
1019 525 1160 594 xveterum
1187 521 1395 593 nascebantur,
1427 535 1502 596 quas
1525 536 1580 596 ego
1603 537 1659 580 non

317 609 454 667 eruebam
484 625 518 665 ιιι
550 608 615 682 ipsa
640 613 756 672 natura,
789 601 818 666 id
841 613 885 662 ιιι
913 622 950 664 ex
971 605 1071 680 liguris
1092 605 1274 682 regularibus
1305 615 1356 667 aut
1385 611 1660 686 excomparatione

317 705 419 754 mutua
441 695 695 754 consonantiarum
725 691 822 750 abiis
853 690 1061 766 derivatarum‚
1093 693 1158 752 illas
1179 711 1235 769 ego
1258 695 1354 754 dimisi
1381 695 1592 770 utplurimum
1614 699 1660 756 in·

315 789 424 859 tactas3
449 799 522 858 quaa
547 798 616 842 vero
639 797 693 856 ego
719 771 822 851 elicui,
847 779 883 838 ad
906 780 1016 858 placita
1039 789 1168 842 veterum
1190 799 1247 842 uon
1271 782 1426 859 applicavi,
1453 783 1504 842 ulri
1528 784 1659 843 conlusio

316 873 405 930 metui
437 871 541 946 potuit.
587 869 777 926 Diatessaron
809 863 940 940 quidsm'
955 867 1118 946 applicavi,
1149 871 1218 945 quia
1248 887 1305 928 non
1333 880 1428 930 errant
1459 870 1508 930 hic
1537 880 1660 944 veteres,

316 958 407 1018 diesin
432 974 500 1016 vero
523 963 580 1014 non
605 954 763 1033 applicavi,
785 970 844 1013 uon
867 958 1044 1031 comparavi,
1068 956 1124 1030 hoc
1147 965 1192 1016 est
1214 960 1404 1033 aequiparavi
1422 975 1488 1016 cum
1504 976 1548 1030 ea,
1572 975 1660 1035 quam

315 1055 428 1104 veteres
452 1043 543 1103 diesin
567 1043 709 1115 dixerunt,
733 1043 804 1117 quia
826 1039 877 1100 illa
901 1042 1017 1102 diversa
1039 1051 1083 1102 est
1106 1061 1212 1104 amca.
1256 1044 1339 1104 Idem
1355 1045 1512 1106 tenendum
1533 1045 1569 1106 ds
1585 1047 1660 1105 lem·

315 1141 393 1192 mate
416 1149 481 1190 meo
513 1139 541 1190 et
572 1138 715 1201 vstemm,
749 1128 832 1203 cujus
860 1128 919 1189 alia
950 1133 1110 1204 quantitas,
1144 1131 1218 1190 alius
1241 1132 1429 1194 abscindendi
1452 1133 1566 1192 modus.
1612 1134 1661 1193 Sic

314 1228 416 1278 cantus
439 1235 560 1296 genera,
585 1217 687 1276 durum
709 1223 739 1274 et
760 1213 862 1288 molle,
891 1234 949 1276 non
972 1219 1139 1292 comparavi
1163 1234 1219 1294 ego
1242 1236 1306 1278 cum
1331 1221 1365 1279 iis
1387 1223 1559 1296 generibus,
1582 1239 1658 1297 quae

314 1315 427 1366 veteres
451 1313 643 1383 agnoverunt,
667 1304 736 1380 quia
758 1321 777 1362 a
799 1304 967 1362 contusione
990 1305 1090 1364 lectori
1114 1323 1179 1365 meo
1202 1309 1300 1379 metui,
1327 1324 1384 1366 noo
1408 1310 1483 1368 enim
1506 1307 1658 1368 fundatam

313 1396 412 1454 inueni
435 1397 465 1457 ιιι
487 1401 593 1452 natura
614 1391 812 1468 triplicitatem
835 1391 913 1450 illam
936 1409 1074 1466 generum
1097 1401 1207 1452 curtius.

399 1481 487 1542 Libro
519 1488 622 1555 quarto
647 1477 747 1537 videor
774 1478 825 1537 tibi
850 1479 951 1537 tollere
982 1479 1162 1540 harmoniam
1194 1497 1307 1540 omnem
1340 1488 1455 1555 praeter
1477 1481 1655 1542 circularem.
1689 1505 1692 1512 ·

316 1569 377 1628 Etsi
401 1571 513 1646 primae
535 1570 722 1628 terminorum
745 1564 978 1626 harmonicorum
1002 1567 1086 1628 ideas
1110 1571 1227 1628 suntin
1251 1569 1375 1628 arcubus
1392 1567 1500 1642 circuli,
1524 1587 1543 1628 a
1565 1569 1658 1646 ligura

310 1657 436 1732 regulari
468 1656 570 1728 divisi,
604 1663 701 1718 tanen
735 1653 803 1713 illae
826 1653 1055 1732 multiplicantur
1087 1658 1173 1720 etiam
1200 1659 1230 1736 in
1254 1665 1348 1716 rectae
1370 1659 1567 1732 quantitatem
1602 1676 1657 1718 nec

309 1748 389 1805 enim
412 1743 537 1820 amplius
566 1741 640 1802 fiunt
661 1742 774 1800 termini
802 1744 994 1818 proportionis
1024 1753 1141 1818 propter
1163 1743 1285 1818 liguram
1308 1743 1494 1822 circularem,
1526 1753 1559 1804 ut
1579 1762 1655 1821 quae

311 1832 455 1892 divisione
474 1832 536 1908 jam
560 1837 605 1889 est
627 1828 789 1900 destructa,
821 1828 872 1886 sed
896 1829 990 1888 solum
1017 1839 1133 1906 proptor
1155 1829 1380 1906 longitudinum,
1413 1849 1490 1906 quae
1516 1837 1657 1910 reperitur

311 1922 399 1979 etiam
421 1921 450 1977 in
473 1920 568 1979 rectis.
612 1916 678 1976 Non
703 1918 790 1991 igitur
812 1916 966 1976 circulares
989 1917 1065 1976 lacio
1088 1917 1254 1978 harmonias
1276 1917 1376 1990 aliter,
1409 1936 1498 1995 quam
1522 1929 1656 1996 respectu

309 2010 466 2084 primarum
488 2006 620 2066 idoamm
641 2004 811 2064 mentalium
835 2014 973 2078 ortusque
995 2022 1094 2065 aarum
1118 2023 1152 2065 ex
1176 2004 1291 2066 circulo.

397 2094 453 2154 Hic
476 2103 506 2153 tu
531 2097 618 2152 etiam
651 2109 698 2152 me
721 2100 848 2164 mactas,
883 2092 1027 2164 Rolrerte,
1061 2095 1118 2151 tuis
1149 2092 1364 2164 additionibus,
1399 2076 1451 2154 ubl
1473 2093 1655 2155 voluntatem

312 2186 459 2286 egregiam
482 2181 636 2252 collaudo,
659 2188 796 2240 ceterum
819 2195 936 2255 oporam
960 2179 1134 2255 deprecor·
1129 2199 1156 2238 ιιι
1180 2181 1413 2256 meteorologicis
1442 2185 1514 2241 mois
1538 2183 1657 2242 harmo-

309 2273 379 2330 niis:
404 2269 508 2330 nullas·
522 2286 577 2346 ego
600 2277 699 2345 partes
721 2270 849 2328 musicae
873 2266 1004 2326 diversas
1021 2268 1143 2332 diversis
1159 2263 1284 2343 planc'tis
1303 2271 1434 2344 signisve
1450 2270 1656 2344 accommod03

256 2359 257 2362 ’
309 2374 390 2418 mana
413 2365 473 2431 tua,
498 2365 530 2417 ut
553 2357 649 2428 video,
673 2357 832 2433 praecurrit
854 2353 965 2428 oculos.
1010 2354 1135 2414 Rursum
1151 2355 1329 2414 harmoniam
1346 2355 1518 2431 angulorum
1542 2367 1656 2417 tantum

309 2447 403 2519 abest,
428 2453 460 2504 ιιι
481 2448 516 2503 ιιι
538 2451 623 2505 motu
645 2447 801 2502 comittere
824 2441 937 2516 dicam,
969 2449 1001 2502 ut
1022 2445 1138 2517 potius,
1161 2443 1299 2518 quamdiu
1323 2453 1351 2502 ιι
1375 2446 1403 2500 in
1427 2452 1568 2518 quantum
1592 2463 1657 2504 mo·

308 2543 414 2592 ventur
437 2533 582 2609 planetae,
608 2533 745 2592 contiuua
768 2532 806 2590 ait
829 2529 1023 2602 dissonantia,
1048 2531 1272 2592 concordantias
1297 2548 1365 2592 vero
1388 2547 1505 2612 omues,
1529 2535 1558 2590 ιιι
1582 2549 1657 2608 quus

309 2619 445 2700 planctae
476 2627 558 2680 motu
590 2609 752 2690 transeunt,
786 2619 844 2676 sint
866 2627 1102 2691 momentaneae,
1134 2621 1158 2676 ιι
1183 2621 1364 2678 exactissime
1393 2635 1443 2686 res
1465 2622 1655 2694 pensitantur.

308 2707 366 2767 Sed
391 2723 459 2780 nec,
495 2704 643 2783 quomodo
676 2707 795 2767 mixtam
827 2721 882 2780 ego
914 2711 1040 2764 statuam
1073 2701 1267 2778 lrarmoiriam,
1303 2709 1375 2773 satis
1406 2705 1483 2768 clare
1516 2707 1655 2784 explicas

307 2793 430 2853 Mixtsm
452 2798 549 2870 patior
575 2793 726 2870 appellari,
750 2795 820 2867 quia
842 2809 908 2852 cum
922 2792 1005 2865 radii,
1029 2794 1079 2867 qui
1095 2793 1229 2869 angulos,
1253 2796 1448 2870 proportionis
1470 2793 1656 2856 harmonicae

310 2883 466 2954 terminos,
498 2883 735 2954 interstinguunt,
758 2879 816 2938 sint
839 2880 988 2952 coelestes,
1013 2881 1139 2955 angulus
1162 2893 1258 2941 tamen
1282 2885 1359 2959 ipse,
1389 2885 1438 2956 qui
1462 2884 1603 2944 terminus
1626 2883 1657 2943 fit

307 2970 512 3048 proportionis,
537 2971 564 3026 in
589 2967 679 3028 Terra
701 2967 848 3026 formatur.
893 2968 954 3026 Neo
976 2967 1049 3026 nilril
1072 2969 1153 3028 deest
1176 2969 1268 3028 atilli
1293 2977 1361 3028 tuae
1382 2971 1553 3042 narrationi,
1587 2971 1655 3030 dum

308 3057 441 3116 sextilem
464 3073 483 3114 a
505 3073 551 3115 ms
574 3057 617 3118 ais
640 3057 804 3130 comparari
827 3055 930 3114 tertiae
951 3053 1047 3129 molli;
1080 3073 1137 3115 nou
1168 3057 1384 3132 ipsi‚.inquam
1410 3074 1483 3131 ego,
1515 3057 1567 3118 ssd
1591 3059 1656 3134 ejus

221 3181 227 3192 -
309 3145 408 3204 sociae
432 3143 568 3219 diapente
591 3141 845 3218 epidisdiapason;
873 3143 914 3199 ita
938 3149 967 3201 et
990 3141 1026 3202 de
1047 3146 1150 3203 octaris
1174 3145 1316 3205 omnibus.
1360 3145 1457 3219 Atque
1480 3145 1527 3204 lric
1548 3149 1656 3224 repetis

310 3233 537 3308 comparationis
560 3247 642 3292 meae
666 3230 769 3303 verba,
804 3247 880 3306 quac
903 3246 958 3305 ego
982 3237 1095 3289 tantum
1118 3231 1154 3290 de
1177 3231 1252 3290 libro
1276 3231 1330 3290 lll.
1361 3231 1455 3307 deque
1477 3234 1652 3308 investigato

308 3319 527 3380 harmoniamm
539 3319 666 3378 omnium
682 3325 745 3376 ortu
763 3316 850 3376 ideali
867 3319 1047 3393 scripseram,
1071 3327 1104 3378 ut
1119 3318 1203 3378 lacilo
1218 3327 1338 3396 apparet
1355 3319 1557 3394 consideranti,
1581 3339 1657 3396 quae

309 3424 365 3484 ego
389 3409 432 3466 tui
455 3408 551 3486 operis
574 3407 671 3482 capita
693 3421 758 3463 cum
782 3405 888 3480 quibus
910 3405 967 3467 mci
991 3409 1227 3483 comparaverim
1274 3407 1399 3466 tudina
1423 3415 1519 3468 tamen
1551 3409 1654 3483 obiec-

309 3498 403 3555 tloues
425 3503 501 3565 tuas,
524 3495 549 3552 si
572 3492 642 3569 quid
666 3491 734 3552 illae
757 3493 878 3554 lorsituu
902 3495 982 3568 operi
1003 3511 1069 3552 meo
1093 3501 1207 3571 practer
1230 3502 1260 3556 et
1281 3495 1357 3554 ultra
1378 3496 1468 3554 verba
1490 3497 1561 3569 ista,
1583 3513 1654 3624 per-

306 3601 405 3662 peram
429 3582 486 3641 huc
510 3581 673 3658 applicata,
696 3588 828 3656 creptum
849 3588 925 3643 eant

398 3669 564 3742 Videtur,¹
557 3671 662 3743 inquis,
686 3669 767 3743 quod
786 3686 848 3728 non
870 3668 1035 3743 ungulus
1024 3687 1057 3728 ιιι
1078 3675 1160 3728 torvo
1176 3667 1313 3730 duorum
1328 3670 1537 3728 recitationum
1561 3687 1653 3732 curuo

303 3762 342 3818 sit
364 3764 589 3832 tempestatem,
617 3755 668 3814 sed
686 3759 789 3829 potius
811 3755 990 3832 influentiae
1017 3755 1178 3839 ceduallam
1201 3759 1298 3816 uirtus
1320 3759 1436 3818 aceruo
1465 3765 1492 3816 ei
1513 3757 1653 3817 admiro-

304 3847 379 3906 bilr's.
425 3845 517 3917 Haec,
539 3846 578 3908 mi
602 3842 738 3915 Roberte,
762 3859 820 3900 vox
843 3851 887 3902 ost
910 3844 995 3901 unius
1019 3860 1034 3902 ι
1058 3844 1202 3902 communi
1225 3853 1309 3904 coetu
1327 3842 1485 3916 doctorum,
1509 3847 1559 3920 qui
1583 3846 1650 3904 nul·

303 3933 362 3994 lam
386 3932 454 3992 dum
477 3947 595 4008 operam
618 3933 718 4008 posuit
740 3931 769 3986 in
791 3931 1041 4007 pervestigatione
1065 3947 1227 3990 causarum.
1274 3931 1317 3990 Ex
1341 3932 1526 4004 admirando,
1559 3935 1652 4009 inquit

303 4021 363 4095 ille,
387 4021 477 4080 coorti
494 4025 561 4077 sunt
584 4017 713 4079 studium
736 4025 824 4094 atque
847 4015 930 4076 labor
953 4017 1157 4090 investigandi.
1205 4017 1262 4078 Hic
1283 4037 1348 4078 crrnr
1371 4029 1402 4079 tu
1424 4037 1503 4080 meas
1520 4021 1650 4080 molitio-

303 4107 493 4180 possideas,
522 4103 714 4182 jamdudum
738 4107 815 4164 enim
845 4111 874 4164 ιι
897 4121 953 4180 ego
976 4121 1051 4164 ιιιιιιι
1075 4105 1189 4164 illorum
1219 4106 1276 4179 lui,
1310 4109 1359 4182 qui
1385 4107 1564 4182 influentias,
1598 4109 1649 4184 qui

301 4197 433 4257 οιιιιιιαι
455 4194 606 4255 coelorum
631 4196 754 4254 uirtutes
776 4191 955 4264 admirabar,
980 4194 1067 4253 miror
1090 4192 1233 4268 equidem,
1258 4211 1308 4252 cur
1323 4211 1381 4254 non
1404 4195 1464 4254 alia
1482 4213 1513 4256 ιι
1530 4213 1649 4256 censeas

302 4284 370 4343 illas
392 4282 603 4360 reprimendas,
627 4297 715 4363 qupm
738 4281 860 4358 pristina
882 4277 933 4338 illa
955 4285 985 4338 et
1006 4279 1140 4339 obsoleta
1162 4280 1363 4342 admiratione.
1409 4282 1539 4344 Hoccine
1563 4285 1649 4358 igitur

303 4383 356 4443 est,
380 4370 587 4448 philosophum
611 4385 716 4443 agore,
738 4367 882 4438 Roberte,
914 4365 1168 4444 philosophantem
1193 4369 1309 4443 objectu
1333 4372 1513 4444 ignorantiae
1537 4373 1649 4430 iuvstc·

302 4467 384 4518 ratae
406 4458 560 4533 prohibere
583 4457 620 4516 ab
645 4455 725 4521 aditu
748 4454 939 4534 penetralium
961 4455 1103 4514 naturas?
1150 4455 1185 4516 Et
1200 4465 1325 4532 quantae
1346 4474 1456 4534 quaeso
1479 4467 1547 4518 sunt
1574 4461 1647 4518 vires

304 4544 384 4604 illius
406 4553 474 4604 tuae
497 4546 578 4606 vocis
608 4543 751 4617 Videtur,
774 4559 847 4622 quas
871 4558 938 4602 cum
959 4545 1137 4618 argumentis
1161 4546 1234 4604 meis
1257 4545 1412 4608 conseras?
1600 4541 1606 4560 ¹

391 4632 537 4708 Aspacara
556 4635 585 4690 ιιι
609 4631 692 4692 coelo
714 4649 772 4691 uon
796 4639 849 4702 est,
874 4633 902 4688 in
926 4631 1016 4692 Terra
1038 4631 1194 4704 lormaiur3
1217 4633 1245 4689 in
1267 4631 1358 4692 Terra
1380 4649 1450 4692 vero
1474 4641 1503 4693 ιι
1525 4636 1647 4693 circum·

302 4718 367 4778 luso
391 4723 459 4780 acre
480 4721 613 4796 sequitur
635 4729 785 4794 aspectum
808 4721 980 4792 commotio,
1011 4726 1146 4795 aspectus
1170 4736 1238 4796 ergo
1261 4735 1354 4780 causa
1380 4729 1425 4780 est
1447 4723 1645 4784 commotionis

303 4813 517 4884 tempestatum
563 4806 707 4882 Rursum,
738 4825 796 4870 non
826 4809 920 4868 omnis
950 4805 1076 4882 angulus
1097 4807 1294 4870 coincideutes
1321 4806 1412 4868 habet
1442 4815 1537 4868 motus
1558 4807 1642 4880 alitis,
