3732 5528
765 329 910 390 hiberlll
931 329 1079 405 caputii.
1532 347 1594 406 357

243 508 395 578 clementis,
414 508 539 580 ιιιιιιιιι,
555 508 679 566 remissio
697 505 864 578 disciplinae,
883 504 996 562 hbertss
1008 506 1157 578 popularis,
1175 463 1328 581 submissio,
1340 512 1503 586 obedientia,
1522 515 1595 585 paci-

243 587 296 644 fica
313 593 341 643 et
359 587 466 644 seruilis
483 587 666 658 tranquillitas
685 585 727 642 vel
746 583 915 656 compositio.
952 584 1019 641 Tale
1036 586 1102 656 quid
1121 589 1311 658 exspectabam
1330 589 1383 647 dici
1401 591 1596 662 aPtolemaeo,

242 666 289 736 qui
306 663 434 732 sciebat,
460 664 692 722 Lacedaemonios
719 663 828 734 publice
847 663 994 733 punivisse
1016 664 1229 721 introductorem
1257 669 1363 737 generis
1382 671 1575 728 enharmonii
1566 689 1595 728 ιι

243 761 320 802 suam
337 745 550 816 rempublicam
578 745 626 816 qui
644 743 725 800 etiam
743 741 839 814 procul
857 742 939 797 dubio
958 743 1074 812 sciebat,
1102 745 1167 817 quid
1184 746 1345 804 Aristoteles
1367 749 1402 806 de
1418 753 1596 822 proportione
1646 795 1649 800 -

242 825 411 882 arithmetica
429 833 458 881 et
475 824 641 896 geometrica
658 821 797 893 scripserit
817 822 846 876 lu
860 821 985 890 justitior
1003 824 1147 892 speciebus
1174 823 1352 884 observanda.
1387 827 1488 884 Verum
1504 829 1595 886 Ptole·

242 919 335 960 mseus
356 904 500 962 laborabat
523 902 696 960 multitudine
714 901 832 978 partium
859 905 957 956 emme
980 901 1223 972 comparandarum
1246 919 1308 960 cum
1325 905 1407 961 rebus
1426 906 1461 962 ad
1479 909 1595 965 enimam

241 985 449 1055 pertinentibus
487 984 554 1041 Cum
577 982 660 1052 igitur
682 982 717 1037 de
735 980 778 1035 bis
802 979 873 1034 inira
895 985 1006 1036 acturus
1029 981 1065 1037 ιιι
1083 981 1136 1038 alio
1155 983 1259 1052 capite,
1285 983 1414 1040 hocloco
1438 995 1595 1045 contentum
1622 1039 1624 1042 .

241 1079 303 1122 esse
321 1064 444 1134 oportuit
461 1062 645 1135 qualicunque
662 1059 845 1116 similitudine.

326 1144 400 1198 Nota
417 1141 465 1198 ΠΙ.
502 1139 708 1214 Operatirarum
733 1139 863 1196 ιιιιιιιιι
888 1136 1051 1208 principium
1083 1144 1127 1194 ιιι
1153 1138 1294 1210 voluntas,
1326 1095 1595 1215 contemplativarum

240 1221 404 1279 intellectus.

326 1299 400 1356 Nota
417 1297 464 1353 iv
502 1297 609 1354 Genera
635 1297 673 1352 ait
691 1293 800 1352 differre
827 1293 898 1352 mole
928 1311 977 1350 sen
1001 1293 1292 1372 amplitudinssoysp,
1318 1301 1596 1370 quassconicum

240 1379 390 1436 elevatione
408 1377 451 1434 vel
464 1377 664 1447 contractione,
689 1382 758 1446 puta
775 1397 806 1431 το
826 1375 960 1440 terrenos
984 1369 1221 1444 ἤιυνισιαλμιιον.
1257 1377 1324 1432 Cum
1337 1378 1466 1448 viridice,
1483 1396 1597 1451 querum

238 1458 405 1515 differentias
422 1457 482 1513 vult
500 1455 534 1511 ad
553 1471 653 1526 genera
676 1462 773 1512 cantus
793 1452 1010 1522 accommodare,
1035 1451 1155 1506 interce
1174 1451 1304 1524 distingui
1323 1456 1437 1514 dixisset
1463 1460 1595 1550 magnitp-

238 1525 302 1594 dine
321 1536 437 1609 quadam
456 1537 636 1604 objectorum,
655 1535 762 1591 censuit
780 1535 831 1589 sibi
850 1533 932 1588 etiam
949 1532 1021 1587 iuter
1038 1545 1140 1600 genera
1157 1539 1255 1589 cantus
1279 1535 1471 1603 magnitudinis
1490 1537 1596 1608 aliquas

151 1641 160 1652 ·
240 1616 407 1674 differentius
425 1614 609 1670 ostendendas
628 1629 702 1683 esse,
726 1619 756 1670 ut
774 1613 941 1682 comparatio
959 1607 1083 1682 speciose
1105 1609 1210 1666 institui
1234 1613 1331 1682 possit.
1369 1615 1449 1687 Quod
1467 1617 1574 1688 igitur
1566 1635 1595 1678 m

236 1699 297 1768 ipsa
310 1695 380 1750 serie
398 1692 580 1750 distinctionis
598 1693 835 1750 tetrachordorum
853 1707 908 1746 non
924 1689 1073 1760 appellavit
1085 1689 1299 1761 magnitudinem
1317 1693 1418 1764 (omnia
1430 1695 1501 1752 euim
1513 1695 1595 1751 inter·

238 1775 311 1832 valla
328 1773 493 1828 tetrachordi
512 1769 654 1843 complexa
671 1780 737 1830 sunt
759 1773 831 1827 iuter
848 1785 880 1827 se
895 1769 1042 1840 aequalia),
1068 1769 1121 1824 ld
1110 1783 1168 1838 Jam
1187 1771 1232 1826 bic
1253 1778 1384 1842 respectu
1402 1775 1595 1844 magnitudinis

238 1856 321 1926 hujus
340 1855 412 1910 circa
429 1853 544 1910 uirtutes
561 1853 684 1923 appellat
701 1851 926 1922 magnitudinem
951 1849 1016 1918 quia
1033 1864 1070 1904 sc
1095 1856 1137 1902 est
1161 1849 1293 1904 habitudo
1319 1853 1453 1921 quaedam
1482 1855 1594 1912 chorda·

238 1949 365 1990 rumseu
383 1950 511 1990 sonorum
529 1931 695 1990 tetrachordi
713 1933 749 1988 sd
767 1947 797 1986 se
813 1938 909 1988 mutuo
922 1927 1051 1984 distincta
1068 1927 1253 1996 magnitudine
1265 1929 1373 1987 diverse
1383 1933 1594 2000 intervallorum

236 2013 339 2070 Verum
357 2009 475 2082 explicat
493 2010 615 2081 ulterius,
635 2011 770 2080 quomodo
788 2023 890 2079 genera
906 2005 1092 2076 magnitudine
1110 2007 1218 2070 diversa
1229 2009 1433 2068 intervallorum
1452 2015 1533 2070 ιιιι
1524 2024 1596 2070 luter

237 2107 266 2146 se
285 2091 426 2160 distincta,
454 2097 580 2146 manente
598 2089 694 2145 eadem
712 2105 820 2158 semper
837 2087 921 2143 totius
939 2084 1131 2142 ιιιιιιιιιιιιιιι
1149 2085 1286 2146 interualli
1304 2092 1472 2163 quantitate,
1496 2109 1594 2166 nempe

238 2169 387 2226 secundum
405 2132 583 2225 cierationem
602 2175 630 2223 et
648 2167 877 2235 contractionem,
902 2165 991 2220 inesse
1011 2164 1081 2218 enim
1105 2162 1132 2216 in
1151 2166 1297 2235 generibus
1314 2168 1356 2238 id,
1383 2171 1454 2242 quod
1480 2173 1595 2230 densum

238 2257 265 2306 et
286 2249 429 2304 indensem
447 2245 609 2318 appelletur,
629 2246 672 2301 cui
690 2247 760 2303 baec
779 2245 895 2301 elevatio
914 2249 942 2299 et
960 2241 1109 2298 contractio
1127 2242 1241 2314 accidat,
1260 2252 1289 2301 et
1306 2261 1339 2302 ea
1356 2249 1466 2320 quidem
1478 2250 1594 2321 gemina,

238 2329 282 2386 cel
300 2331 371 2385 enim
388 2328 492 2384 ratione
510 2327 663 2396 positionis,
681 2326 724 2381 rel
742 2327 848 2382 ratione
866 2324 1020 2395 potestatis.
1057 2323 1133 2377 Haec
1151 2322 1267 2378 obscura
1280 2333 1345 2382 sunt
1357 2335 1512 2402 propterea,
1531 2329 1595 2400 quia

237 2423 366 2476 generum
392 2405 440 2461 illa
463 2405 600 2461 distinctio
622 2420 676 2459 nou
702 2410 744 2460 est
768 2401 915 2474 naturalis,
943 2400 991 2456 sed
1018 2399 1168 2456 artificialis
1192 2409 1298 2459 tantum
1325 2414 1353 2462 ιι
1379 2406 1594 2466 instrumentalis

238 2487 376 2555 hodieque
394 2501 449 2540 non
467 2484 610 2555 amplius
597 2501 629 2540 ιι
647 2499 699 2540 ιιι
717 2491 774 2555 ιιις
797 2497 881 2555 quare
899 2482 981 2536 etism
998 2495 1079 2535 voces
1098 2479 1174 2548 ipsae
1196 2481 1343 2538 desierunt.
1381 2486 1476 2542 Dicam
1495 2493 1594 2551 tamea,

239 2573 271 2621 ιι
289 2563 551 2620 existimoiacillime
564 2563 778 2634 perceptnmirl.
814 2563 986 2618 Diatonicum
1009 2559 1080 2616 libro
1099 2573 1149 2613 suo
1166 2561 1253 2656 primo
1278 2579 1336 2633 cap.
1351 2563 1395 2622 13.
1417 2565 1563 2636 appellas·
1555 2583 1595 2620 m.

239 2645 366 2715 densum,
391 2643 584 2700 chromaticum
607 2659 670 2700 vero
690 2651 718 2700 ιι
736 2643 957 2700 enharmonicum
982 2641 1079 2708 densa,
1104 2639 1171 2695 illud
1189 2642 1292 2713 minus,
1318 2643 1372 2699 boc
1388 2644 1483 2715 magis.
1519 2645 1594 2701 Ecce

236 2739 317 2780 uoces
335 2721 527 2792 magnitudinis
545 2721 662 2792 alicujus
681 2721 867 2792 qualitativas,
890 2722 1048 2790 indensum,
1071 2719 1288 2790 densiusculum,
1308 2723 1430 2779 densum.
1465 2725 1594 2781 Deusitas

238 2805 401 2860 censebatur
423 2801 505 2856 trium
528 2815 657 2856 sonorum
682 2799 716 2855 de
739 2808 857 2872 quatuor
884 2802 965 2858 unius
984 2798 1151 2856 tetrachordi
1169 2802 1358 2872 propinquitas
1381 2803 1416 2858 ad
1434 2818 1465 2859 ιι
1481 2812 1592 2875 mutuo;

237 2883 308 2937 sicut
330 2879 495 2950 inphysicis
520 2878 634 2934 densum
657 2879 686 2935 id
708 2887 766 2950 est,
792 2880 819 2934 in
839 2897 893 2953 quo
912 2881 1027 2940 multum
1044 2879 1177 2936 materiae
1193 2889 1320 2938 cocetum
1337 2890 1380 2938 est
1400 2882 1429 2937 iu
1448 2893 1592 2952 angustum

235 2960 363 3033 spatium
401 2959 446 3014 Sic
463 2965 510 3027 at,
528 2976 559 3014 re
577 2955 636 3013 soni
655 2957 743 3012 rarius
761 2957 934 3016 intervallum
952 2959 1070 3026 iaciunt,
1088 2959 1141 3026 mi,
1158 2960 1190 3028 fa
1205 2957 1329 3027 densius,
1350 2961 1423 3032 quod
1441 2961 1529 3018 solum
1548 2961 1593 3016 de·

237 3037 392 3096 claraticnis
411 3053 495 3094 causa
519 3037 593 3107 dico,
621 3053 675 3092 nou
702 3036 776 3108 qubd
799 3044 907 3094 veteres
929 3035 982 3094 boc
999 3035 1186 3107 intervallum,
1214 3039 1317 3111 quod
1308 3056 1336 3094 su
1360 3041 1414 3097 boc
1431 3057 1492 3098 mee
1510 3058 1593 3112 opere

236 3119 407 3175 semitonium
425 3117 547 3189 appello,
574 3116 699 3172 absolute
717 3117 788 3172 inter
806 3117 891 3173 densa
909 3103 1062 3175 habuerint.
1100 3117 1169 3172 liam
1188 3117 1350 3176 addiderunt
1368 3126 1469 3176 certam
1487 3121 1593 3191 quenti

235 3203 334 3266 tatem,
356 3197 428 3253 intra
445 3213 525 3268 quam
544 3196 665 3251 densitas
688 3197 742 3252 ista
759 3201 946 3266 reputaretur,
971 3198 994 3252 si
1013 3211 1050 3253 sc.
1071 3211 1104 3250 ex
1134 3195 1221 3252 tribus
1239 3197 1389 3253 interuallis
1411 3199 1491 3254 unius
1510 3206 1593 3254 tetra·

236 3277 331 3334 chordi
356 3277 410 3352 duo
438 3283 530 3332 essent
552 3273 657 3332 minora
681 3277 762 3332 tertio
789 3275 870 3331 ιιιιιιι
896 3281 1000 3343 sumta,
1034 3273 1108 3344 quod
1138 3275 1241 3332 usitata
1266 3277 1372 3348 ratione
1399 3277 1518 3349 ¹cauendi
1546 3293 1593 3332 ne-

236 3356 295 3424 quit
317 3355 464 3424 decimam,
489 3357 528 3411 sic
553 3363 644 3411 tamen
666 3369 716 3423 per
739 3354 829 3410 clares
853 3367 1015 3422 organorum
1040 3351 1171 3409 declarari
1196 3353 1310 3422 poterit:
1334 3355 1371 3410 sit
1389 3355 1592 3411 tetrachordum

236 3434 307 3490 iuter
320 3435 353 3504 θ,
374 3435 405 3503 (l,
425 3436 611 3505 exprimantur
623 3433 684 3490 soni
694 3433 727 3502 G,
744 3433 781 3502 Β,
799 3433 838 3502 Η,
860 3433 927 3488 Oet
938 3432 975 3487 ιιι
989 3432 1047 3500 iam
1066 3432 1182 3486 omissus
1194 3447 1277 3487 sonus
1290 3433 1324 3487 A.
1362 3433 1415 3487 Est
1427 3433 1510 3501 igitur
1521 3433 1592 3489 iuter

238 3513 271 3580 G,
289 3513 316 3568 Β
333 3511 503 3568 intervallum
522 3513 555 3584 ll,
573 3512 656 3570 tertia
674 3511 771 3579 mollis,
790 3519 818 3567 et
835 3511 906 3568 inter
923 3511 959 3580 Β,
978 3511 1010 3565 Η
1027 3511 1145 3578 est-'qn
1163 3509 1260 3579 diesis3
1284 3510 1400 3580 denique
1417 3511 1489 3566 inter
1505 3509 1548 3578 Η,
1570 3511 1593 3568 0

235 3599 278 3647 est
306 3594 361 3664 mi„
385 3593 562 3648 semitonium.
597 3593 700 3648 Juucta
725 3606 788 3646 vero
818 3590 876 3659 iis„
900 3596 930 3644 ct
955 3591 1012 3657 ιιι,
1037 3586 1140 3643 ιιιιιιι
1162 3587 1223 3656 ²⁰l,.
1247 3597 1344 3642 tonum
1362 3587 1501 3644 minorem.
1537 3589 1590 3644 Hic

237 3671 319 3738 igitur
337 3671 377 3740 θ,
403 3671 446 3742 Η,
476 3671 588 3728 (linter
605 3672 693 3726 miuus
717 3667 890 3724 intervallum
908 3665 1015 3722 reducti
1033 3673 1109 3734 sunt,
1138 3679 1219 3734 quam
1238 3665 1275 3733 G,
1301 3667 1337 3722 Β.
1373 3664 1590 3721 Tetrachordum

234 3749 318 3819 igitur
336 3749 367 3818 G,
386 3749 421 3818 Β,
439 3749 477 3818 H,
499 3749 620 3806 Obabct
636 3749 673 3820 ιι,
691 3749 764 3818 quod
785 3747 900 3803 densum
919 3746 1025 3816 dicitur,
1046 3743 1116 3816 quod
1130 3744 1256 3802 consistit
1271 3745 1298 3800 in
1311 3746 1496 3802 ιιιιιιιιιοιι
1508 3747 1589 3802 ιιιιιι

236 3843 364 3884 sonorum
382 3830 410 3884 in
429 3836 579 3898 angustum.
616 3829 653 3884 At
671 3827 875 3883 tetrachordum
895 3827 931 3894 G,
956 3827 996 3894 A,
1014 3825 1057 3892 Η,
1084 3823 1163 3880 Oest
1181 3823 1330 3882 intervallis
1348 3825 1504 3894 diremtum,
1530 3843 1588 3882 sus·

239 3922 362 3976 pensum,
383 3908 525 3976 clevatum,
545 3907 661 3976 demque
674 3905 826 3962 indensem.
864 3905 939 3960 Haec
951 3904 1032 3974 igitur
1050 3904 1199 3958 contractio
1213 3910 1241 3958 et
1252 3903 1368 3960 elevatio
1380 3913 1423 3960 est
1437 3907 1589 3976 potestatis,

239 3984 304 4054 qnia
328 3987 479 4058 quaeritur,
504 4001 585 4058 quam
608 3992 773 4058 potestatem
797 3984 919 4040 habeant
942 3983 1004 4052 ipsa
1025 3995 1075 4050 per
1098 3997 1129 4038 ιι
1146 3981 1288 4039 intervalla
1310 3983 1390 4040 unius
1413 3985 1589 4055 tetrachordi,

236 4065 429 4120 contractiram
451 4081 486 4120 an
510 4065 696 4121 dilatatiram'i
732 4067 785 4121 Est
803 4064 857 4119 alie
873 4062 1028 4133 positionis,
1054 4075 1117 4115 nam
1142 4059 1210 4116 baec
1229 4069 1368 4116 contracta
1385 4061 1528 4118 intervalla
1545 4066 1588 4121 sel

237 4155 320 4209 supra
337 4151 401 4198 euni
418 4143 461 4199 vel
478 4143 562 4212 infra;
583 4143 655 4198 uude
666 4158 747 4198 voces
760 4143 914 4211 ὀξιπυιινιη
932 4152 1112 4211 deposceres,
1130 4139 1198 4195 illud
1214 4139 1297 4210 igitur
1309 4140 1425 4195 habetur
1446 4143 1588 4206 ἑφειμινοι,

237 4217 282 4274 Sic
300 4220 381 4276 etiam
398 4222 427 4276 iu
444 4221 590 4290 diatonico,
609 4239 670 4278 cum
689 4222 922 4292 reminescere,
942 4223 988 4288 mi,
1006 4221 1045 4290 fa,
1064 4219 1373 4288 boccvcraipeeosepos,
1392 4226 1423 4273 ιι
1440 4225 1468 4273 ιι
1484 4219 1512 4274 in
1531 4219 1586 4276 dia·
1640 4228 1645 4242 “

238 4299 341 4367 ιιιιιο,
360 4317 421 4356 uum
440 4301 561 4356 cauimus
579 4301 621 4366 la,
638 4301 693 4369 eol,
711 4303 756 4370 lc,
774 4304 826 4372 mi,
846 4309 874 4358 et
889 4303 940 4368 cci,
955 4303 1001 4368 sc,
1019 4299 1073 4366 sol,
1092 4300 1121 4354 lc
1137 4307 1189 4354 etc.

324 4379 449 4436 Notcll.
486 4379 698 4446 Chromaticum,
716 4387 843 4450 respectu
861 4379 969 4448 quidem
986 4377 1126 4446 diatonici,
1150 4385 1193 4434 ιιι
1209 4383 1378 4434 contractum
1394 4385 1423 4432 ct
1440 4376 1533 4447 molle,
1560 4387 1588 4436 ιι

168 4463 171 4469 ’
238 4445 364 4548 respectu
383 4457 551 4514 enharmonii
569 4464 612 4512 est
628 4457 765 4512 intensum
791 4466 819 4513 et
842 4459 953 4529 durum;
976 4459 1015 4512 ita
1032 4457 1226 4512 chromaticum
1251 4459 1284 4512 lit
1300 4456 1587 4516 diatonico-enharmo-

239 4535 312 4590 nium
329 4537 482 4607 quoddam,
499 4535 531 4592 fit
549 4545 577 4594 et
594 4535 780 4592 enharmonio
782 4535 948 4594 diatonicam
965 4535 1127 4612 quoddam
