3564 5540
533 425 537 436 ·
605 399 783 456 Harmonicis.
818 397 965 477 1666661111.
985 399 1073 491 Caput
1088 397 1133 454 lx.
1484 399 1545 463 166

193 596 254 642 666
279 578 447 648 discernunt
470 597 534 642 eam
557 595 643 640 aures
665 578 815 648 castet,
841 579 922 654 justa
944 577 1126 656 longitudine
1147 579 1238 656 partis
1262 594 1328 637 rere
1352 581 1546 653 consonantis,

139 725 143 744 ,
192 677 223 728 66
244 668 394 728 residuum
416 669 495 728 illins
519 671 600 728 3297
607 669 624 725 5
648 683 705 726 666
729 673 774 726 666
796 665 949 725 dimidium
978 669 1070 744 ipsius
1094 667 1210 727 67025.
1230 690 1239 716 ι
1256 667 1349 727 Aliter
1372 683 1442 742 ergo
1473 682 1544 726 con-

191 757 310 818 sonabit
332 755 452 834 duplnm
482 757 559 814 iliius
586 755 707 828 66960,
743 753 827 812 aliter
850 756 915 831 ipsa
939 755 1058 829 67025,
1092 771 1157 814 curu
1179 756 1254 814 inter
1275 771 1308 814 66
1340 753 1466 814 collatas
1488 754 1544 814 hae

193 843 319 904 chordae
348 844 497 904 diversum
527 860 631 902 sonum
659 843 776 902 saciant.
795 876 800 892 ,
822 839 909 916 Quod
940 843 1027 918 igitru
1058 844 1087 900 in
1109 842 1262 902 harmonia
1291 859 1349 901 non
1379 841 1545 902 6166666666

193 932 260 992 61166
284 949 377 1004 66666,
402 931 434 990 66
456 931 540 1006 6666,
564 932 635 1006 6616
656 928 784 988 medinm
807 943 957 988 numerum
980 930 1118 1006 probant,
1146 931 1170 988 si
1192 945 1295 990 senens
1318 931 1432 990 ratione
1454 947 1544 990 6666·

192 1027 249 1093 666,
277 1019 388 1080 66616666
413 1021 536 1093 66661,
568 1024 600 1077 66
630 1017 692 1093 6666
722 1017 967 1096 complementum
997 1019 1035 1076 sit
1059 1017 1181 1089 33333,
1217 1016 1366 1076 dimidium
1397 1033 1437 1076 66
1466 1016 1545 1077 111666

193 1112 305 1167 exacte.
887 1143 894 1156 x
1163 1125 1168 1132 ·

280 1191 418 1254 Stabilito
437 1193 499 1268 jam
521 1209 625 1252 666666
647 1194 781 1254 acumine
804 1192 832 1250 in
856 1189 1065 1266 dijudicatione
1088 1188 1257 1251 6666666666
1278 1193 1296 1248 6
1320 1190 1392 1250 663
1417 1192 1544 1267 itemque

195 1285 210 1340 1
236 1280 275 1340 66
298 1283 328 1356 3,
352 1281 483 1356 66666666
506 1286 538 1339 66
560 1279 692 1340 similiter
715 1281 803 1339 ctiam
827 1276 863 1338 de
887 1283 905 1336 2
930 1285 961 1336 66
982 1281 1000 1338 3
1025 1296 1092 1338 cnm
1116 1279 1133 1335 5
1153 1277 1328 1353 judicemus,
1354 1277 1449 1355 deque
1475 1282 1489 1336 1
1516 1289 1545 1339 st

193 1371 211 1428 3
237 1386 303 1428 cnm
327 1369 355 1427 t.
399 1367 476 1426 Nam
499 1370 524 1426 si
549 1368 656 1428 59785
680 1375 853 1427 consonaret
876 1383 942 1426 cum
966 1367 1102 1439 100000,
1126 1371 1215 1442 atquc
1236 1367 1280 1447 sic
1294 1367 1382 1424 ctiam
1397 1364 1545 1426 residuum

192 1457 309 1529 40216,
330 1459 410 1515 Ι66666
432 1454 490 1515 666
512 1472 570 1514 uon
593 1461 637 1516 666
660 1456 711 1514 666
736 1454 771 1514 66
794 1453 853 1526 6116,
879 1471 944 1513 cnm
967 1462 1064 1513 tamen
1087 1439 1182 1512 hessis
1205 1457 1397 1513 consonantia
1417 1454 1545 1530 perlecta

188 1543 352 1620 justificata
369 1541 433 1618 jam
455 1545 501 1614 sit,
525 1560 566 1602 sc.
593 1544 698 1602 60000
722 1560 787 1601 cum
811 1542 927 1610 40000.
972 1540 1039 1601 6666
1062 1549 1148 1618 pacto
1171 1540 1343 1600 transierim
1358 1541 1495 1614 auditus,
1519 1543 1545 1609 sl

190 1633 305 1692 ratione
329 1637 458 1703 acuatur,
482 1631 520 1690 ab
545 1649 603 1690 nna
625 1632 753 1690 sectione
777 1628 814 1688 ad
839 1629 943 1706 aliam,
967 1631 1108 1707 incipiens
1129 1629 1168 1687 66
1192 1631 1326 1702 6666666,
1351 1630 1544 1704 666666661-
1638 1681 1641 1691 ,
1671 1665 1675 1681 .

191 1719 232 1778 tio
257 1725 287 1778 et
309 1717 480 1794 dijudicatio
503 1727 548 1778 666
570 1717 725 1788 facillima,
756 1733 848 1793 nsque
878 1715 947 1774 dnm
970 1732 1071 1777 omnes
1100 1716 1259 1792 pervadat,
1288 1718 1414 1794 probans
1437 1725 1544 1793 partes,

192 1822 267 1881 quas
290 1807 348 1866 mci
371 1806 639 1888 numerisignant,
662 1803 819 1883 repudians
842 1803 1027 1865 mechanicae
1049 1805 1135 1882 primi
1158 1802 1275 1864 ordinis.

279 1891 355 1952 Vide
379 1894 594 1966 argutissimam
622 1892 711 1952 aliam
739 1892 827 1968 hujus
849 1895 964 1968 generis
987 1892 1281 1967 contemperationem
1310 1890 1389 1968 apud
1412 1891 1543 1950 Vtracn:

191 1982 263 2039 tium
287 1978 463 2052 Galilacum,
487 1998 545 2040 non
567 1981 732 2056 ignorantia
755 1979 1002 2042 demonstrativae
1025 1997 1161 2038 sonorum
1177 1981 1358 2055 quantitatis,
1381 1977 1433 2037 sed
1447 1977 1544 2036 studio

189 2069 332 2144 singulari
354 2069 478 2142 iactarn;
507 2076 596 2144 66666
620 2085 675 2144 ego
698 2067 924 2144 quidemnsum
953 2067 1017 2143 ejus
1040 2067 1240 2128 mechanicum
1266 2082 1410 2143 agnosco,
1439 2073 1472 2123 66
1493 2081 1544 2123 or·

189 2151 276 2232 genis
300 2154 403 2216 cadem
426 2173 500 2234 pene
521 2155 657 2215 libertate
681 2155 869 2227 intensionis,
902 2160 1046 2228 quaeest
1073 2157 1103 2212 in
1125 2153 1254 2213 humana
1278 2170 1367 2226 6666,
1398 2154 1545 2228 possimus

190 2245 247 2316 nti,
271 2242 309 2302 66
333 2242 561 2319 speculationem
586 2260 671 2316 vero,
702 2243 760 2300 imo
791 2242 829 2302 ad
852 2250 985 2300 naturam
1014 2248 1117 2300 cantus
1140 2240 1368 2316 dignoscendam
1398 2241 1545 2314 pernicio-

192 2349 257 2390 sam
281 2332 415 2390 existimo
448 2346 582 2407 6666666
606 2329 662 2390 666
690 2331 812 2403 alliciat,
847 2337 879 2388 66
908 2347 1046 2405 organum
1070 2331 1279 2404 ingenuitatem
1301 2328 1421 2387 hnmani
1444 2335 1546 2391 6666666

192 2435 261 2478 6666
283 2435 434 2494 nunqnam
456 2425 638 2494 assequatur.
846 2431 850 2438 ·

763 2665 904 2738 CAPUT
931 2666 984 2740 tx.

191 2829 237 2885 De
265 2831 519 2898 diagrammate,
546 2827 610 2882 hoc
629 2835 680 2883 est
699 2831 906 2886 chordarum
933 2848 989 2886 sen
1007 2845 1124 2887 vocum
1143 2829 1367 2905 denotatione
1386 2831 1545 2892 moderna

303 2933 363 2988 per
385 2917 494 2971 166666
518 2924 550 2970 66
574 2913 698 2970 1666666
717 2917 894 2987 alphabeti
918 2926 951 2972 66
970 2911 1084 2988 notas',
1112 2917 1221 2989 66666
1247 2925 1440 2988 systemata.

277 3095 342 3155 Non
366 3097 429 3156 sine
451 3095 503 3156 lite
526 3112 571 3155 res
594 3102 654 3170 666,
685 3094 737 3156 666
759 3113 866 3174 666666
888 3115 943 3174 ego
966 3099 1093 3159 rationes
1118 3099 1308 3158 necessarias.
1351 3099 1458 3161 Musici
1472 3119 1562 3161 6666Ι

187 3195 253 3244 trae
284 3187 391 3243 6666666
419 3185 544 3261 pingunt
574 3182 697 3243 chordas
720 3183 856 3244 61666666
880 3184 1140 3263 diagrammatibus
1164 3185 1377 3260 testudinariis,
1408 3188 1492 3248 aliter
1514 3191 1544 3247 in
1590 3220 1591 3230 ¹

192 3271 338 3332 canteriis.
383 3269 448 3331 Illic
479 3273 556 3331 enirn
585 3269 718 3347 singulas
748 3270 843 3332 lineae
876 3272 1094 3350 diagrammatis
1122 3271 1253 3349 singulas
1282 3273 1405 3336 chordas
1431 3283 1543 3348 notant,

192 3377 316 3436 quarum
339 3358 488 3434 quaelibet
509 3375 561 3434 pro
585 3357 708 3417 diversis
733 3362 860 3418 tactibus
877 3360 1008 3420 66666666
1023 3368 1173 3439 praestant
1188 3362 1310 3434 6666666,
1334 3365 1360 3420 66
1378 3362 1544 3441 6616666666

191 3449 219 3504 66
242 3448 380 3506 666666666
404 3445 482 3524 typis
504 3463 562 3505 non
586 3445 681 3505 lineae
703 3453 817 3506 tantum
840 3449 973 3527 singulae
996 3449 1126 3526 singulas
1150 3465 1239 3508 66666
1261 3467 1317 3508 666
1336 3448 1469 3523 chordas,
1491 3450 1544 3510 sed

189 3537 254 3611 ipsa
277 3536 365 3594 etiam
389 3534 544 3592 intervalia
568 3533 690 3592 6666666
706 3533 848 3594 linearum
871 3537 1036 3611 significant
1058 3554 1146 3596 uuam
1169 3534 1308 3595 chordam
1329 3535 1543 3598 intermediam.

277 3620 344 3682 Hoc
366 3626 453 3697 pacto
478 3625 497 3678 4
528 3621 623 3682 166666
646 3629 828 3682 66666666666
857 3640 922 3683 cram
953 3626 1045 3683 trihus
1069 3622 1228 3684 intervallis
1252 3623 1391 3684 denotant
1416 3627 1433 3682 i
1456 3619 1562 3687 chor-¹

191 3709 243 3768 das
267 3717 297 3768 66
320 3709 337 3766 5
361 3707 455 3767 166666
484 3725 549 3767 cnm
574 3705 778 3768 46666666166
808 3711 930 3770 6666666
959 3729 1074 3771 novem.
1121 3709 1234 3770 Deinde
1264 3713 1428 3787 exprimunt
1455 3728 1543 3770 66666

189 3799 289 3856 666661
312 3797 480 3872 systematis
503 3795 551 3855 661
566 3799 643 3856 66616
658 3797 866 3873 peculiaribus,
890 3816 943 3858 ano
961 3798 1123 3876 quamlibet
1137 3799 1203 3857 loco
1222 3797 1441 3875 diagrammetis
1455 3797 1543 3878 (6666

188 3892 278 3943 66666
300 3881 387 3942 simul
411 3887 549 3960 temporis
573 3902 737 3944 mensuram
760 3883 912 3968 innuunt),
936 3885 984 3947 vel
1007 3888 1098 3946 literis
1122 3885 1271 3962 alphabeti
1294 3889 1394 3963 primis
1419 3892 1542 3962 septem,

191 3971 240 4030 661
265 3964 459 4048 6666666666
474 3970 610 4049 syllabis,
633 3979 676 4047 nt,
700 3991 744 4066 66,
765 3976 819 4048 mi,
842 3976 887 4053 fn,
911 3976 963 4048 666,
986 3977 1027 4051 lo,
1053 3974 1110 4049 661,
1136 3983 1168 4033 66
1183 3973 1271 4034 66666
1286 3974 1407 4050 helgas,
1431 3980 1542 4049 septem

189 4061 273 4131 istis,
297 4057 361 4132 Bo,
386 4075 432 4133 cc,
454 4057 500 4132 dt,
525 4077 582 4134 66,
606 4059 652 4134 lo„
676 4078 743 4136 ma,
766 4063 809 4119 666.

277 4145 352 4205 Nam
376 4147 445 4222 qnia
468 4154 570 4206 cantus
593 4163 701 4220 genera
724 4145 781 4206 dno
805 4155 882 4222 snut,
907 4148 1010 4207 durum
1025 4156 1054 4208 66
1069 4146 1166 4220 molle,
1189 4163 1313 4222 qnorum
1332 4149 1370 4207 ab
1387 4165 1446 4206 una
1461 4165 1543 4210 eom·

188 4235 269 4292 muni
292 4249 365 4292 6666
389 4236 447 4292 ima
469 4236 650 4310 inceptorum
673 4234 746 4292 6666
769 4243 813 4294 666
836 4234 1015 4309 differentia,
1047 4233 1234 4312 6666666666
1261 4242 1395 4295 etsexta
1417 4237 1447 4294 in
1470 4235 1543 4296 6666

189 4329 277 4380 66666
301 4325 449 4380 6666666
472 4319 546 4381 66666
569 4320 693 4380 61666666·
711 4340 798 4397 qnam
821 4324 849 4379 in
875 4323 974 4396 molli,
1000 4322 1125 4382 6666666
1147 4323 1264 4397 166666,
1290 4325 1375 4382 666666
1398 4329 1428 4384 66
1449 4333 1541 4398 sexta,

188 4425 247 4468 non
272 4415 396 4485 possunt
418 4427 534 4468 manere
558 4407 678 4468 stabiles
702 4411 730 4464 in
754 4421 878 4485 6666666
902 4417 1005 4484 66666,
1036 4408 1087 4470 666
1111 4414 1225 4486 oportet
1247 4407 1314 4467 ilias
1342 4411 1390 4471 661
1412 4413 1542 4486 geminas

187 4498 284 4557 lacere
308 4497 336 4554 in
360 4497 557 4556 instrumentis
581 4503 609 4554 66
633 4499 759 4572 organis,
784 4507 816 4555 66
839 4498 948 4557 lactum
971 4500 999 4554 in
1022 4498 1149 4555 numeris
1172 4513 1235 4573 cap.
1261 4499 1289 4568 i,
1315 4497 1362 4557 661
1385 4505 1463 4560 tactu
1486 4518 1541 4559 ra-

187 4587 279 4658 riare,
310 4589 343 4642 66
366 4583 451 4642 66666
482 4583 590 4642 iactum
621 4583 690 4642 olim
720 4585 748 4641 in
770 4583 834 4662 lyra
867 4595 897 4644 et
919 4585 1094 4662 syringibns.
1138 4581 1249 4642 Eadem
1275 4583 1310 4644 de
1334 4585 1541 4662 diagrammate

187 4681 218 4730 66
248 4687 322 4731 6666
345 4669 474 4730 hnmana
496 4679 564 4729 suut
588 4669 719 4732 dicende.
766 4669 839 4730 Cum
863 4673 939 4731 enirn
961 4688 1014 4750 pro
1044 4672 1194 4746 utriusque
1217 4675 1330 4746 generis
1353 4678 1474 4749 octaris,
1498 4675 1537 4734 ah

186 4759 290 4822 eadem
314 4758 413 4819 radice
436 4760 630 4836 surgentibus,
654 4777 745 4820 unum
767 4759 862 4818 solnm
876 4759 1055 4834 diagramma
1077 4757 1128 4816 fiat
1155 4759 1242 4834 66666
1265 4777 1300 4820 66
1330 4768 1443 4824 tanturn
1473 4771 1540 4822 noto

188 4849 268 4922 loca,
303 4855 369 4906 octo
393 4861 530 4906 sonorum
552 4845 682 4921 indices,
712 4847 750 4908 ab
780 4853 904 4935 utroque
935 4863 1004 4908 6666
1033 4863 1138 4931 genere
1161 4854 1263 4910 666666
1294 4853 1324 4910 66
1346 4869 1436 4919 naam
1457 4856 1540 4915 66666
