3564 5540
615 373 860 432 Demonstrations.
896 373 1020 439 uberi,
1447 379 1488 440 88

154 555 243 634 potuit
262 553 424 631 significare
447 553 582 628 Terram,
606 560 639 616 et
657 553 767 616 mundo
790 553 993 622 dodeceiidron
1015 553 1150 628 adscribi,
1165 555 1245 630 quia
1266 545 1373 616 Terrae
1397 533 1489 614 curri-⁸

154 642 243 703 culum
264 641 319 702 hae
340 642 433 720 ligura
456 644 635 716 continetur,
669 641 822 702 duodecim
850 632 1041 718 longitudinis
1069 643 1202 719 pertibus
1232 641 1416 718 distinctum,
1448 643 1491 702 uti

153 729 200 790 illa
218 729 309 807 ligura
326 720 484 790 'duodecim
515 736 577 789 toto
606 723 717 788 ambitu
740 729 836 807 planis
855 731 1031 808 ,contimtun
1077 727 1163 805 Quod
1184 732 1271 806 igitur
1293 723 1491 808 inmystetiis

153 815 394 896 Pythagoreorum
420 815 478 877 hoc
509 824 596 894 pecto
628 820 757 894 quinque
786 817 897 894 figurae
928 817 1100 878 distributae
1122 818 1229 878 luerint
1251 834 1309 878 non
1331 819 1407 878 inter
1429 817 1492 878 ele·

154 912 251 980 menta,
273 915 306 964 nt
323 905 497 965 Aristoteles
514 904 644 980 credidit,
667 905 720 966 sed
742 907 816 964 inter
839 896 1184 982 ipsosplanetes,·illud
1207 904 1254 964 vel
1277 909 1402 966 maxime
1420 921 1491 965 con-

153 991 247 1067 firmat,
270 992 348 1070 quod
364 991 487 1053 Procius
510 993 597 1053 finem
619 991 796 1070 geometriae
819 994 897 1058 iuter
920 1001 1032 1054 ceteros
1055 993 1133 1051 hunc
1155 991 1252 1066 tradit,
1276 993 1363 1069 quod·
1378 993 1491 1068 doceat,

154 1097 206 1156 quo
227 1079 313 1140 modo
336 1079 443 1158 figures
466 1069 812 1142 convenientes'eoelum
837 1081 923 1140 certis
946 1083 992 1142 sui
1013 1080 1320 1157 partibusaceeperit.

194 1201 198 1208 ·
231 1167 361 1227 Necdum
389 1162 456 1227 finis
487 1177 532 1248 est
555 1168 669 1243 damni,
700 1167 780 1246 quod
801 1167 914 1228 Remus
935 1169 1021 1228 nobie
1045 1166 1142 1244 dedit;
1172 1183 1239 1227 eccs
1261 1168 1493 1228 sollertissimum

153 1263 355 1334 geometrarum
377 1254 584 1316 hodiernorum
606 1255 762 1330 Suedium,
785 1255 874 1333 plane
897 1257 1106 1332 suffragantem
1128 1253 1237 1328 Rama,
1260 1257 1440 1332 praefatione
1463 1257 1492 1314 in

154 1341 295 1420 Ludolphi
317 1361 336 1402 a
359 1341 479 1403 Goeller
501 1339 738 1421 Problemata²):
761 1346 886 1420 primurn
900 1346 950 1419 ait,
974 1343 1016 1404 ed
1037 1361 1128 1404 usum
1143 1343 1282 1402 inutilem
1298 1361 1356 1402 ease
1370 1343 1493 1404 esame

152 1448 214 1489 nem
242 1431 328 1490 illam
356 1429 558 1507 ineffabilium
588 1434 621 1490 in
644 1431 784 1492 tredecim
805 1435 923 1510 speeies.
968 1430 1119 1505 Concedo,
1150 1432 1175 1490 si
1202 1429 1314 1489 nullum
1337 1429 1386 1490 ille
1408 1444 1494 1489 usum

156 1525 305 1594 agnoscat,
330 1519 386 1576 nisi
409 1521 438 1576 in
462 1520 525 1578 vita
547 1523 693 1579 communi
722 1527 751 1580 ct
773 1520 798 1578 si
820 1518 919 1578 nullus
949 1517 1226 1595 contemplationum
1249 1518 1436 1597 physicarum
1459 1519 1497 1577 sit

153 1623 217 1665 usus
239 1605 275 1665 ad
301 1607 401 1668 vitam.
446 1605 487 1664 At
510 1623 560 1665 cur
581 1623 640 1668 non
663 1605 799 1696 Prpclum
828 1608 975 1683 sequitur,
1008 1623 1094 1683 quem
1122 1605 1247 1682 allegat,
1279 1607 1331 1683 qui
1362 1609 1495 1684 agnoscit

153 1693 263 1769 aliquod
292 1692 389 1768 majus
418 1697 596 1770 geometriae
623 1695 747 1769 bonum,
779 1712 868 1771 quem
896 1704 971 1754 sunt,
993 1703 1070 1756 artes
1103 1694 1141 1753 ad
1169 1698 1260 1760 vitem
1290 1693 1495 1774 necessariae?

152 1787 215 1840 tunc
236 1781 371 1856 equidem
394 1789 423 1841 et
446 1779 550 1840 decimi
573 1781 640 1841 libri
662 1799 734 1842 usus
756 1784 940 1859 apparuisset
970 1783 999 1840 in
1029 1781 1232 1845 :testimendisv
1247 1781 1403 1864 figurarum
1425 1797 1495 1859 spe-

153 1869 255 1929 clebus.
303 1867 422 1944 Allegat
443 1867 570 1930 Suellius
594 1878 728 1932 auctores
756 1877 935 1948 geometras,
963 1871 1017 1947 qui
1044 1885 1102 1930 non
1133 1877 1251 1930 utantur
1265 1870 1352 1946 libro
1382 1868 1494 1929 decimo

153 1944 284 2016 Euclidis.
331 1955 409 2016 Sane
433 1974 533 2016 omnes
555 1955 599 2016 illi
622 1967 675 2018 aut
695 1957 818 2044 linearia
841 1965 967 2018 tractant
987 1956 1171 2034 problemata
1193 1966 1245 2018 eut
1267 1957 1377 2031 solida,
1407 1945 1495 2018 et'de

153 2041 247 2120 figuris
268 2043 318 2104 vel
340 2045 554 2120 quantitatibus
576 2044 694 2122 talibus,
718 2061 795 2122 quse
817 2046 1009 2122 nonhabent
1025 2045 1116 2104 linem
1138 2061 1224 2106 suum
1246 2047 1421 2124 intrasese,
1444 2042 1495 2104 sed

153 2133 297 2210 manifeste
322 2130 444 2192 tendunt
466 2131 604 2218 aduena*
620 2133 695 2193 alios
718 2150 772 2196 nce
793 2135 857 2194 sine
880 2134 916 2194 iis
940 2134 1167 2210 exquirerentur.
1213 2134 1253 2193 At
1275 2132 1385 2210 figurae
1407 2141 1496 2207 regu-

152 2218 222 2280 lares
243 2227 362 2296 propter
384 2237 415 2280 se
435 2221 517 2298 ipses
540 2222 730 2298 exquiruntur
750 2229 784 2285 ut
805 2219 966 2298 archetypi,
989 2238 1073 2280 suam
1096 2223 1125 2278 ln
1148 2239 1180 2280 se
1203 2221 1274 2298 ipsis
1297 2221 1406 2280 hebent
1427 2233 1497 2295 per-

153 2307 300 2368 lectionem
325 2315 450 2383 suutque
473 2309 548 2368 inter
569 2308 704 2385 subjecta
725 2307 879 2386 planorum
901 2307 1133 2388 problematum,
1156 2325 1215 2367 non
1237 2309 1387 2382 obstante,
1400 2305 1492 2383 quod

152 2394 242 2472 planis
264 2393 364 2455 hedris
386 2393 513 2455 solidum
536 2397 625 2456 etiam
648 2397 808 2461 clauditur:
832 2398 966 2458 similiter
989 2405 1019 2458 et
1041 2397 1146 2457 decimi
1167 2395 1234 2455 libri
1256 2397 1379 2466 materia
1400 2388 1497 2471 potl's-

153 2483 252 2546 simum
274 2481 314 2542 ad
338 2481 427 2559 plana
448 2484 583 2560 pertinet.
629 2483 688 2544 Cur
710 2487 797 2562 igitur
820 2485 1016 2562 allegarentur
1032 2480 1263 2560 ,heterogereet'
1284 2491 1408 2542 auteur
1430 2481 1497 2540 vilis

153 2573 321 2630 aestimatur
343 2587 439 2644 merx,
470 2587 559 2647 quam
581 2563 640 2646 noh
663 2574 732 2632 emit
756 2571 883 2646 Codrus,
916 2581 952 2632 ut·
977 2590 1013 2632 ea
1033 2579 1165 2632 ventrem
1188 2578 1306 2648 pascat,
1336 2587 1350 2630 e
1383 2572 1404 2628 ‘t
1428 2572 1497 2628 verb

153 2655 317 2734 Cleopatra,
341 2664 480 2718 utentes
503 2657 605 2718 ornet?
637 2659 735 2736 „Crux
755 2665 871 2719 tantum
895 2661 990 2740 defixa
1012 2667 1057 2721 cst
1079 2658 1249 2735 ingeniis“i
1286 2657 1361 2734 Equi
1384 2674 1429 2716 cnr
1451 2659 1496 2730 iis,

152 2747 199 2821 qui
219 2747 365 2819 numeris,
393 2745 450 2804 hoc
478 2753 523 2806 est
552 2745 665 2806 effando
695 2755 803 2808 vexant
830 2749 1000 2809 ineffabilia.
1047 2749 1087 2807 A:
1110 2764 1165 2824 ego
1195 2746 1383 2828 haslspecies
1405 2753 1498 2803 tracto

151 2849 207 2892 non
227 2834 366 2907 numeris,
390 2849 449 2892 non
471 2851 523 2910 per
544 2831 703 2909 algebram,
727 2834 779 2896 sed
793 2837 1017 2904 ratiocinatione
1039 2838 1161 2910 mentis3
1186 2852 1255 2894 sene
1280 2835 1349 2909 quia
1370 2835 1405 2890 iis·
1428 2833 1499 2891 mibi

152 2929 272 2981 nonest
298 2937 372 2997 opus
396 2918 434 2980 ad
455 2921 660 2981 subducendas
683 2925 810 2983 rationes
834 2933 1029 2996 mercatuum,
1059 2922 1110 2983 sed
1133 2921 1171 2981 ed
1194 2919 1382 2998 explicandas
1403 2938 1498 2988 rerum

153 3025 260 3068 causas.
308 3007 497 3085 Segreganda
519 3019 618 3072 censet
640 3011 761 3070 subtilia
783 3013 840 3069 ista
861 3031 881 3070 a
902 3031 1074 3090 mergerem:
1103 3012 1190 3086 inque
1215 2995 1415 3068 *bibliothecas
1442 3010 1498 3067 ab·

151 3095 318 3156 'struddnda
365 3093 491 3155 Omnino
514 3095 605 3156 ddum
627 3096 713 3164 Remi
737 3097 912 3174 discipulum
940 3101 1003 3175 agit
1031 3114 1085 3157 nee
1112 3100 1253 3175 ineptam,
1269 3095 1348 3155 locat
1370 3112 1497 3172 operam.

152 3182 259 3266 Esmm
283 3181 419 3244 aedilicio
443 3183 581 3244 Euclideo
596 3185 726 3245 ‚sormam
749 3186 874 3260 ademit,
902 3187 1016 3246 culmen
1046 3188 1174 3262 proruit,
1203 3186 1332 3261 quinque
1361 3199 1499 3260 corpore3

153 3273 255 3358 quibus
278 3271 389 3331 ablatis
418 3277 711 3348 compages-omnis
733 3272 876 3334 dissoluta
903 3275 976 3348 tuit,
1005 3280 1084 3339 stant
1106 3274 1179 3331 muri
1210 3271 1286 3345 fissi,
1314 3269 1439 3330 fornices
1469 3273 1499 3330 in

151 3361 262 3419 ruinam
286 3361 429 3418 minaces:
454 3358 581 3419 Suellius
605 3363 693 3438 igimr
714 3364 802 3422 etiam
819 3370 1000 3430 caementum
1024 3363 1126 3436 aufert,
1149 3367 1182 3433 ut
1201 3359 1288 3436 c'ujus
1309 3361 1366 3419 nisi
1389 3358 1426 3419 ad
1449 3376 1500 3418 so·

152 3445 295 3507 liditetem
319 3446 422 3506 domus
445 3448 500 3507 sub
524 3451 652 3526 quinque
674 3448 775 3525 liguris
791 3457 1013 3526 coagmentatae
1036 3448 1135 3508 nullus
1158 3455 1203 3507 est
1217 3464 1305 3522 usus.
1336 3443 1362 3506 Ο
1383 3446 1498 3506 felicem

154 3544 269 3612 captum
295 3533 459 3612 discipulii·
475 3552 562 3611 quam
591 3535 641 3594 ille
672 3535 771 3597 dcxhe
793 3537 946 3599 Euclidem
968 3536 1131 3614 intelligere
1155 3535 1255 3594 didicit
1278 3553 1296 3595 a
1318 3533 1427 3594 Ramcl
1457 3551 1499 3594 ac.

153 3621 216 3683 ideo
238 3629 347 3700 putent
368 3641 495 3700 mergere
518 3623 613 3703 dicta,
639 3624 718 3699 quod
741 3627 906 3687 inveniatur
929 3629 958 3683 in
981 3623 1110 3686 Euclide'
1125 3625 1356 3702 propositionum
1378 3630 1407 3680 ct
1429 3638 1499 3697 pro-

153 3711 313 3770 blematum
336 3717 366 3790 et
387 3710 599 3774 theorematum
622 3713 775 3772 omnifarie
797 3715 897 3789 eopia,
920 3714 959 3772 ed
982 3728 1067 3772 omne
1089 3729 1183 3788 genus
1206 3713 1401 3788 quantitatum
1424 3711 1496 3768 arti-

153 3815 259 3875 umque
283 3800 360 3858 circa
382 3796 448 3858 illae
464 3807 686 3876 occupatarum:
710 3817 775 3860 cnm
797 3799 871 3860 liber
884 3817 1062 3880 anargirorum
1083 3803 1122 3859 sit
1137 3799 1231 3859 dictus
1254 3815 1272 3856 a
1295 3798 1395 3870 tonna,
1418 3794 1502 3878 quod

152 3903 266 3964 semper
289 3903 414 3961 sequens
437 3889 599 3964 propositio
621 3889 761 3948 innitatur
782 3889 967 3965 praecedenti
984 3905 1076 3965 usque
1100 3887 1138 3946 ad
1161 3887 1293 3946 ultimam
1315 3883 1498 3943 libri-ultimi

154 3977 275 4050 (purtim
300 3982 328 4033 et
351 3973 416 4034 libri
440 3977 533 4050 noni),
566 3991 641 4051 quae
664 3977 747 4036 nulla
767 3979 895 4053 priorum
918 3993 1014 4036 carere
1036 3983 1144 4052 potest,
1189 3975 1232 4032 Ex
1256 3970 1415 4030 architecto
1437 3969 1499 4030 sal·

74 4057 98 4100 '-
153 4064 281 4121 tuariurn
303 4061 414 4120 iaciunt
443 4070 497 4121 aut
525 4067 734 4138 materiariam,
765 4057 985 4138 existimantes,
1003 4063 1159 4122 Euclidem
1190 4060 1257 4119 ideo
1286 4059 1392 4117 librum
1415 4071 1500 4117 suum

152 4151 321 4226 scripsisse,
345 4157 377 4208 ut
400 4150 534 4210 omnibus
557 4150 624 4210 aliis
647 4153 859 4224 commodaret,
891 4151 972 4212 solus
995 4154 1057 4227 ipae
1080 4151 1227 4226 propriam
1251 4147 1367 4205 domum
1391 4147 1499 4206 nullam

152 4235 285 4300 haberet
306 4235 375 4296 ,Sed
395 4237 462 4314 plus
484 4237 556 4296 satis
573 4237 635 4298 hoc
654 4239 724 4310 loco
745 4239 885 4315 dehisce,
909 4238 1112 4300 revertendum
1135 4234 1232 4296 ested
1248 4239 1337 4310 caput
1353 4237 1500 4294 orationis.

209 4327 214 4330 ’
241 4323 318 4383 Cum
341 4325 417 4383 enim
439 4325 594 4398 cernerem,
618 4321 703 4386 veras
726 4335 755 4386 et
776 4329 1036 4402 genuinasrerum
1052 4326 1293 4401 geometricorum
1316 4321 1501 4393 differentias,

153 4412 306 4489 aquibus
335 4413 527 4474 arcessendae
555 4412 625 4470 mihi
655 4421 723 4472 sunt
753 4415 859 4474 causae
890 4415 1122 4474 harmonicorum
1149 4411 1381 4488 proportionum,
1412 4410 1502 4486 vulgo

152 4501 285 4576 ignorari
308 4501 433 4577 penitus,
457 4499 616 4576 Euclidem,
639 4503 691 4577 qui
713 4501 812 4560 studio
833 4501 899 4564 illas
915 4501 1083 4577 tradiderat,
1105 4497 1190 4556 Remi
1206 4496 1319 4557 cavillis
1334 4514 1504 4575 oppressum

154 4585 278 4665 eiplodi
304 4587 484 4666 strepituque
504 4588 728 4664 ‚inservientium
758 4588 932 4648 obturbante'
961 4607 980 4648 a
1008 4578 1122 4648 nemine
1152 4583 1297 4660 exaudiri,
1329 4595 1381 4647 aut
1409 4585 1504 4646 surdis

155 4679 246 4735 etiarn
269 4690 388 4736 narrare
410 4675 617 4754 philosophiae
640 4678 797 4754 mysteria,
825 4674 978 4749 Proclum,
1011 4677 1060 4751 qui
1084 4681 1208 4732 mentem
1232 4672 1361 4733 Euclidis
1384 4671 1507 4750 aperire,

156 4763 296 4842 abstrusa
318 4779 432 4842 eruere,
461 4761 625 4848 difficiliora
652 4774 739 4841 captu
766 4761 865 4828 facilia
886 4762 1005 4821 reddere
1028 4763 1179 4838 potuisset,
1208 4769 1236 4820 et
1260 4760 1420 4821 deridiculo
1444 4776 1507 4818 esse

52 4893 56 4901 -
155 4867 211 4911 nac
235 4849 455 4910 commentaria
475 4867 529 4910 sne
550 4869 644 4932 usque
667 4851 704 4912 ad
727 4852 832 4912 librum
847 4851 992 4910 decimum
1008 4851 1209 4910 continuasse:
1237 4849 1295 4908 vidi
1318 4849 1375 4908 hoo
1391 4847 1508 4906 omnino

1313 4949 1354 5005 6*
