3564 5540
455 423 496 482 De
514 423 739 496 Propertiooibua
761 421 940 480 llarmouieis.
977 423 1060 481 hiber
1076 425 1125 482 111.
1407 435 1467 497 129

124 607 174 668 eila
195 613 253 678 est,
278 605 495 683 proportionum
517 603 751 666 harmonicorum
773 601 963 676 differentiae,
993 620 1100 680 genera
1121 604 1282 683 modosque
1304 607 1471 670 abstrahere

123 702 213 754 mente
236 711 255 752 a
278 693 398 752 vocibus
422 699 451 754 et
465 695 546 752 sonia
561 690 763 764 musicalibus,
784 703 851 748 cnm
871 706 930 749 uon
949 689 1009 751 alia
1030 694 1115 752 noble
1137 703 1292 772 suppetant
1316 698 1472 778 voeabula,

123 783 205 842 rebus
227 779 405 859 explicandis
426 781 604 851 necessaria,
637 795 726 856 qnam
755 779 881 837 musica·
912 777 979 838 ideo
1010 781 1230 855 conjungendus
1257 783 1342 843 rroble
1366 785 1450 843 erit
1443 803 1472 844 m

124 869 176 930 hou
203 867 279 927 libro
305 867 388 928 locut
417 868 518 926 tertius
548 883 613 928 oum
636 868 738 943 quinto
770 873 798 926 et
820 865 937 938 ultimo,
967 862 1179 942 dicendumque
1207 885 1265 932 non
1295 880 1408 930 tarnum
1437 871 1474 932 de

125 955 354 1034 proportionibus
375 954 550 1014 harmonicis
572 955 736 1024 abstractis,
759 952 811 1012 sed
832 955 920 1012 atium
942 955 1214 1032 praeoccupandum
1238 957 1293 1016 hoc
1316 959 1475 1018 humanum

126 1045 274 1104 mentionis
296 1043 507 1104 imitamentum
528 1044 557 1100 in
580 1051 682 1116 narrtu3
713 1042 868 1101 creationis
892 1057 961 1100 vero
983 1041 1218 1120 coelorumopus
1241 1052 1358 1122 proptor
1380 1049 1475 1106 subli-

127 1135 251 1192 mitatem
275 1139 303 1190 et
326 1129 579 1190 incredibilitatem
603 1127 821 1188 differendum·
814 1143 843 1186 ru
867 1126 963 1186 locum
987 1128 1133 1202 ultimum,
1157 1130 1258 1192 ordine
1281 1133 1348 1206 lllo,
1372 1137 1422 1210 qui
1446 1136 1475 1194 ln

126 1219 205 1278 titulo
228 1218 293 1276 libri
317 1220 512 1295 praescriptus
534 1225 588 1276 eat
633 1215 670 1276 Et
693 1214 766 1275 haee
789 1215 826 1276 de
849 1215 949 1274 ordine
972 1215 1169 1277 dicendorum

205 1303 276 1374 Jam
299 1315 332 1364 nt
354 1306 497 1364 contraria
520 1305 595 1364 inter
615 1321 647 1363 se
670 1304 806 1381 opposita
827 1305 922 1378 magia
944 1303 1123 1378 elucescant,
1146 1304 1228 1364 lubet
1251 1303 1478 1385 disputationem

128 1393 160 1454 de
181 1402 266 1454 cantu
290 1391 417 1454 hnmano
440 1393 586 1469 auspicari
607 1409 626 1450 a
648 1394 923 1452 commemoratione
938 1406 1046 1465 eorum,
1070 1397 1147 1468 qnae
1169 1403 1283 1454 veteres
1306 1409 1393 1472 seper
1416 1404 1480 1455 ortu

117 1481 378 1552 ‚consentanearum
400 1487 469 1539 srrnt
492 1479 657 1538 commenti.

209 1567 351 1628 Nimirum
373 1568 449 1626 sieut
477 1574 522 1626 eet
548 1572 747 1644 comparatum
777 1568 806 1623 in
828 1565 915 1624 rebus
938 1565 1072 1625 omnibus
1095 1565 1243 1641 hirmanie,
1273 1576 1306 1627 nt
1328 1585 1405 1645 qnae
1428 1583 1483 1628 nu-

131 1663 190 1714 tura
211 1655 296 1717 nobis
319 1662 387 1714 suut
409 1654 526 1726 tributa,
550 1655 581 1711 iu
603 1655 639 1712 iia
654 1669 724 1712 neus
738 1653 934 1729 cognitionem
957 1669 1110 1713 causarum
1133 1663 1306 1728 antevertat,
1330 1658 1483 1716 sio'etiam

131 1744 200 1802 circu
221 1741 338 1804 cantum
361 1743 460 1818 generi
483 1741 610 1804 humano
633 1757 688 1800 neu
712 1743 801 1814 verrit,
824 1751 857 1798 ut
879 1740 945 1800 inde
968 1742 1006 1800 ab
1029 1749 1094 1799 ortu
1116 1757 1170 1800 suo
1193 1741 1319 1802 modulis
1342 1752 1371 1803 et
1394 1745 1485 1803 irruer-

133 1830 211 1888 rallis
233 1847 341 1890 vocum
364 1831 426 1892 eine
440 1829 643 1906 speculatione
657 1835 708 1887 aut
724 1829 889 1904 cognitione
912 1844 1066 1888 cansarum
1090 1836 1218 1888 uteretur
1241 1829 1353 1902 iisdem,
1378 1834 1485 1907 quihus

133 1919 232 1976 utimur
263 1916 351 1976 hodia
383 1916 472 1992 vulgo
503 1920 532 1977 in
563 1914 767 1978 decantatione
804 1914 997 1974 melodiarum
1027 1931 1085 1974 non
1115 1921 1229 1976 tantum
1257 1919 1286 1974 in
1318 1918 1434 1996 templis
1458 1927 1488 1978 et

134 2007 220 2064 eboris
234 2007 422 2076 musicorum,
444 2004 496 2064 scd
513 2005 623 2081 poesim
636 2005 700 2062 sine
724 2005 931 2063 exercitatione
946 2005 1026 2076 artie,
1050 2005 1139 2064 etiam
1157 2007 1184 2060 in
1205 2007 1339 2083 compitis
1356 2018 1385 2064 er
1399 2009 1486 2083 agris.

212 2095 345 2170 Apparet
368 2092 440 2151 baec
462 2093 623 2168 arrtiqnitas
646 2098 748 2150 cautus
772 2107 808 2150 ex
830 2089 904 2150 libro
926 2091 1020 2167 primo
1043 2089 1202 2150 Geneeeoe.
1247 2091 1388 2169 Magnam
1411 2095 1488 2153 enim

135 2179 256 2257 oportuit
278 2196 344 2240 osae
368 2179 590 2241 delectationem
614 2197 650 2240 ex
673 2186 761 2238 cantu
794 2179 875 2236 vocis
899 2176 1044 2237 humanae
1071 2181 1152 2253 (cum
1175 2193 1244 2238 vero
1268 2179 1491 2242 delectationem

136 2265 209 2340 dico,
237 2265 394 2328 intervalla
416 2265 481 2328 dico
504 2266 674 2328 harmonica
696 2273 726 2326 et
748 2262 921 2344 concinna),
951 2282 1027 2341 quae
1053 2265 1116 2341 jam
1148 2273 1285 2326 octavum
1314 2269 1351 2327 ah
1376 2268 1490 2328 Adomo

136 2353 266 2417 lubaloro
290 2355 445 2433 permovit,
470 2361 502 2414 nt
523 2363 625 2415 eantm
649 2351 798 2412 hominurn
822 2353 915 2411 brutia
938 2354 1137 2412 instrumentis
1161 2355 1268 2412 imitari
1290 2354 1413 2414 disceret
1436 2357 1491 2414 do-

138 2453 274 2518 ceretque.
321 2441 384 2502 Nisi
413 2440 512 2514 iullor,
542 2440 635 2502 Jubal
662 2439 847 2517 hic=Apollo
878 2447 937 2513 est,
968 2439 1027 2500 lerl
1058 2443 1219 2501 motatione
1249 2441 1411 2516 literarum,
1441 2445 1491 2520 qul

138 2529 246 2590 tratrem
259 2528 399 2590 dabelem
420 2531 576 2605 pecuariae
600 2537 749 2590 auctorem
770 2527 928 2603 fistulaquo
951 2529 1059 2604 agresti
1082 2528 1259 2605 gaudentem
1283 2526 1382 2611 (Parra
1397 2529 1493 2590 Deum

139 2615 291 2676 aGraecie
316 2611 473 2698 creditum)
497 2615 635 2692 cytharae
657 2624 789 2693 repertas
812 2615 891 2674 claro
915 2616 1022 2674 tinnitu
1043 2619 1211 2695 superavit,
1234 2620 1386 2676 materiam
1409 2617 1495 2677 chor·

141 2703 232 2764 darum
254 2723 274 2764 a
295 2703 411 2764 Tuhal-
413 2703 505 2765 Caino
527 2703 631 2782 tratre,
660 2706 711 2779 qui
737 2703 823 2762 nobis
851 2720 887 2762 ex
915 2704 1041 2762 nominis
1071 2701 1216 2762 allusione
1239 2703 1390 2818 Vulcanus
1421 2715 1494 2782 esto,

142 2800 292 2852 mutuatus.

184 2877 377 2953 Utcunque
400 2887 497 2938 teman
519 2878 643 2952 antiquo
663 2877 701 2938 eit
723 2883 828 2936 cantus
848 2877 968 2936 humant
990 2876 1093 2951 lorma,
1117 2895 1152 2937 ex
1176 2877 1337 2938 intervallis
1361 2881 1497 2940 consonis
1542 2926 1543 2932 ,

143 2965 184 3026 rel
205 2967 356 3030 concinnis
378 2967 554 3042 composita,
588 2980 694 3026 caueae
718 2971 815 3024 taruau
836 2959 1057 3026 intervallorum
1081 2964 1228 3024 latuerunt
1250 2966 1398 3041 homines,
1422 2967 1497 3027 adeo

142 3061 169 3112 nt
188 3063 252 3114 ante
275 3052 480 3130 Pythagoram
502 3069 539 3113 ue
561 3061 768 3127 quaererentur
790 3051 925 3128 quidem,
953 3061 984 3113 et
1005 3054 1155 3130 quaesitas
1173 3069 1226 3130 per
1249 3052 1308 3112 dno
1329 3054 1421 3114 millia
1443 3073 1498 3114 an-

142 3159 252 3214 nornm,
280 3142 397 3220 primus
419 3156 492 3216 ego,
519 3139 577 3197 nisi
599 3137 702 3212 fallor,
727 3142 911 3200 examiesime
931 3130 1087 3218 proteram.
1132 3140 1247 3200 Primus
1269 3142 1388 3218 quidem
1410 3142 1500 3202 lertnr

142 3227 342 3306 Pythagorae,
373 3244 440 3286 cnm
461 3225 539 3304 apud
563 3224 709 3288 cilicinam
739 3227 888 3288 senariam
910 3230 1046 3288 transiret
1067 3243 1214 3304 sonosque
1236 3227 1408 3289 malleorum
1431 3227 1501 3289 lr'ar-

143 3319 247 3379 monica
270 3323 508 3392 contemperatus
523 3312 785 3387 animadvertisset,
810 3313 1045 3394 deprehendisse,
1069 3314 1259 3375 differentiam
1275 3333 1413 3376 sonorum
1436 3334 1501 3377 esse

145 3421 174 3462 er
194 3401 396 3481 magnitudine
418 3401 598 3475 malleorum,
622 3408 655 3460 nt
677 3404 774 3478 magni
796 3419 904 3478 graves
918 3418 1008 3462 sonos
1025 3401 1152 3477 ederent,
1175 3405 1260 3480 parvi
1283 3414 1395 3464 acutos.
1428 3403 1501 3463 Crrm

145 3498 232 3552 autem
254 3495 333 3551 inter
354 3489 568 3566 magnitudines
591 3496 738 3566 spectetur
753 3492 867 3567 propris
882 3493 1052 3567 proportio,
1075 3508 1198 3549 mensus
1221 3489 1356 3569 malleos,
1379 3507 1502 3570 propor-

146 3580 229 3640 tiones
250 3577 340 3642 lecile
362 3576 583 3650 animadvertit,
613 3578 722 3652 quibus
750 3577 923 3638 harmonica
950 3593 1056 3637 vocum
1081 3576 1237 3637 intervalla
1261 3582 1505 3640 constituerentur

145 3672 171 3725 et
195 3668 298 3744 quibus
334 3663 468 3738 dissona,
499 3665 607 3741 quibua
637 3665 781 3724 concinna
818 3671 848 3725 et
878 3665 986 3741 quibus
1015 3667 1196 3725 inconcinna.
1247 3665 1353 3725 Statim
1383 3668 1459 3725 enim
1486 3679 1505 3724 a
1582 3647 1586 3670 ¹

146 3753 248 3815 malleis
272 3753 311 3815 ed
337 3752 509 3814 chordorum
531 3753 667 3811 transivit
689 3751 902 3827 longitudines,
926 3753 976 3811 ubi
999 3769 1085 3812 aures
1109 3755 1239 3813 exactius
1261 3753 1405 3826 indicant,
1429 3769 1513 3828 quae

147 3849 234 3918 partes
256 3838 386 3902 chordae
413 3858 480 3900 eum
502 3848 566 3900 tota
593 3849 770 3914 cernennent,
799 3857 875 3915 quae
908 3841 945 3898 ab
977 3840 1029 3898 illa
1059 3840 1217 3901 dissonent.
1264 3839 1505 3919 Propontionibue

148 3933 223 3990 certis
244 3930 384 4008 repertis,
408 3935 439 3987 ut
462 3951 502 4004 rep
525 3923 585 3996 ὁτι,
606 3935 774 4003 supererat,
799 3937 830 3986 nt
854 3929 943 3988 otiam
965 3945 1081 4001 consae,
1105 3945 1157 3988 eeu
1180 3949 1213 3988 eo
1237 3925 1270 3988 δι’
1296 3924 1355 3992 ὁτι,
1380 3925 1507 4002 indaga-

148 4025 243 4091 rentur,
268 4033 319 4078 cur
343 4015 399 4075 hae
421 4017 623 4092 proportiones
645 4017 796 4088 concinna,
821 4018 926 4074 suavia
940 4031 1128 4091 consonaque
1152 4013 1308 4074 intervalla
1323 4029 1428 4074 vocum
1453 4013 1507 4074 de·

149 4101 268 4178 linirent,
292 4103 370 4164 aliae
393 4103 596 4180 proportiones
619 4098 749 4176 dissona,
780 4102 969 4162 abhorrentia
991 4104 1029 4162 ab
1052 4104 1180 4174 auribus,
1205 4105 1328 4160 insueta.
1374 4101 1412 4160 lit
1435 4103 1507 4161 itum

150 4189 196 4250 luit
216 4210 267 4269 per
289 4207 384 4254 annos
408 4192 453 4270 hie
474 4188 554 4248 mille
578 4189 606 4245 in
629 4187 705 4251 hane
728 4191 917 4265 sententiam,
949 4205 1052 4250 caueam
1077 4189 1217 4266 petendas
1240 4207 1258 4246 a
1280 4180 1508 4266 proprietalibus

150 4279 268 4354 ipsarum
291 4281 529 4358 proportionum,
558 4282 591 4333 ut
613 4273 683 4336 illae
715 4279 898 4338 eontinentur
922 4278 978 4336 errb
1007 4279 1135 4336 terminis
1159 4278 1332 4352 quantitatis
1356 4275 1508 4348 discretae,

151 4366 255 4426 scilicet
270 4383 466 4426 numerorum.
512 4361 657 4422 Viderunt
673 4366 749 4424 enim
771 4363 980 4441 Pythagoraei,
1005 4367 1149 4441 perlectus
1172 4364 1309 4420 constitui
1333 4363 1508 4440 harmonias,

152 4454 171 4510 ei
192 4455 317 4514 chordae
341 4471 434 4529 aeque
457 4463 556 4515 tensae
580 4451 797 4527 proportionem
820 4451 950 4510 babeant
971 4453 1045 4510 inter
1060 4469 1092 4510 ee
1114 4449 1305 4526 longitudinis
1330 4449 1456 4529 duplam,
1481 4461 1510 4512 ct

154 4541 173 4596 si
192 4542 317 4618 triplam,
341 4551 371 4602 et
392 4543 416 4598 si
441 4537 642 4616 quadruplam,
667 4541 742 4598 inter
764 4555 900 4598 numeros
927 4541 988 4610 1,2
1013 4545 1042 4595 et
1069 4543 1094 4609 l,
1121 4539 1138 4595 3
1163 4547 1192 4596 et
1219 4541 1244 4610 l,
1260 4540 1289 4595 l.
1335 4537 1417 4614 Quos
1441 4557 1510 4618 pro-

157 4631 295 4702 portiones
324 4628 458 4688 dicnntur
484 4629 512 4684 in
548 4625 731 4688 arithmetica
761 4623 947 4700 unrltiplioes.
1000 4623 1126 4683 Rursum
1156 4625 1245 4702 paulo
1282 4628 1509 4704 imperfectiores

155 4730 208 4774 csse
231 4718 440 4777 consonantiae
463 4715 650 4779 chordarum.
679 4731 756 4788 qnae
779 4712 889 4770 iaciunt
912 4713 1390 4788 proportionem‘sesquialteram‚
1416 4715 1510 4772 lierni-

155 4797 263 4876 boliam,
288 4813 318 4864 et
341 4805 563 4878 sesquitertium,
587 4803 743 4878 epitriton;
765 4816 807 4859 ec.
830 4800 904 4857 inter
920 4814 1056 4858 numeros
1079 4801 1108 4866 2,
1134 4801 1152 4858 3
1174 4807 1203 4859 et
1227 4803 1256 4870 3,
1282 4803 1311 4874 4,
1336 4817 1411 4877 qnae
1435 4800 1510 4860 dnae

73 4919 74 4950 i
156 4892 348 4966 proportiones
372 4889 545 4966 conjunctae
567 4889 677 4950 iaciunt
700 4888 915 4970 proportionem
939 4885 1072 4966 duplam,
1106 4887 1181 4948 inter
1202 4905 1341 4948 numeros
1365 4893 1401 4962 2,
1424 4891 1444 4948 4
1465 4887 1512 4948 vel

201 4999 293 5050 lleplerl
308 4999 383 5050 Opere
396 4999 423 5040 V.
1325 4993 1343 5052 9
