3668 5526
735 334 739 348 ’
812 317 952 414 Apologia
1165 312 1177 350 ²
1448 345 1451 352 “
1493 340 1561 414 nr

208 543 228 584 o
251 517 317 583 Deo
339 523 523 600 sapientiam
546 504 730 600 miscentque
751 511 894 598 spirtt'nm
917 525 981 602 ejus
1003 543 1018 582 ι
1039 507 1151 584 sanctis
1165 490 1280 584 codis?
1322 521 1387 589 Νοιι
1411 527 1507 606 igitur,
1529 502 1568 620 si

207 608 341 690 difficiles
369 629 450 670 mese
481 609 758 682 demonstrationes,
790 618 944 688 propterea
971 617 1000 672 et
1012 604 1195 690 tentabiles,
1230 605 1284 673 nec
1312 613 1338 672 si
1365 613 1413 676 vel
1443 624 1475 678 tu
1507 583 1567 677 sel

207 701 363 778 quisquam
386 693 460 760 alius
483 716 542 757 nou
565 697 641 760 ultra
663 699 885 774 opinationem,
914 679 1047 781 legendo
1062 715 1159 760 meum
1183 716 1270 778 opus,
1302 703 1441 780 profecit,
1464 722 1567 793 prop·

207 796 286 852 terea
307 789 355 846 sei
375 789 499 846 veritate
520 804 584 850 non
594 783 819 864 confirmatam
841 781 872 843 id
893 784 995 846 haberi
1016 772 1167 848 debet.

295 872 371 949 Quid
395 889 463 934 vcro
488 873 612 952 denique
636 883 665 945 te
688 881 798 934 struere
821 871 925 946 dicam,
949 873 1028 952 quod
1051 856 1240 952 astrologiam
1257 867 1381 943 illem
1369 893 1473 940 vanarn
1491 841 1569 944 sire

208 963 265 1021 tuis
288 965 352 1020 sive
374 943 573 1022 Mirandulani
605 959 703 1022 verbis
726 978 832 1062 vexas,
867 979 956 1038 quam
984 979 1093 1040 egor
1073 959 1147 1021 libro
1170 979 1237 1024 meo
1255 958 1359 1042 operis
1383 964 1553 1028 Harmonici

209 1057 316 1152 quarto
343 1048 466 1130 (utnon
497 1048 592 1136 dicam
622 1047 676 1120 dc
681 1044 748 1110 aliis
771 1049 844 1106 meis
866 1045 960 1130 libris)
993 1043 1145 1118 asibce'ra
1174 1049 1360 1144 philosophia
1386 1041 1567 1132 longissime'

207 1137 334 1210 secrevi,
364 1155 452 1239 quam
481 1143 511 1194 tu
540 1147 654 1210 muron,
683 1135 851 1198 comitatam
881 1135 1073 1228 chiromantia
1104 1135 1140 1198 ιι
1159 1123 1342 1214 geomantia
1355 1139 1553 1220 pedissequis,

206 1243 342 1304 magnam
367 1225 463 1333 operis
484 1221 526 1281 tui
547 1232 662 1302 partem
685 1221 793 1296 iecisti,
817 1241 905 1302 quam
927 1241 985 1282 non
1008 1212 1065 1287 uno
1088 1218 1154 1294 lbco
1180 1222 1230 1302 huj
1234 1244 1267 1285 us
1215 1229 1384 1306 Jipsius
1409 1237 1482 1296 tuae
1501 1216 1554 1293 ιιι-
1563 1287 1567 1297 ,
1628 1277 1634 1284 ,

209 1297 386 1372 elerationis
400 1329 452 1372 sen
475 1315 553 1373 reris
576 1319 629 1371 scri
651 1305 735 1372 taleis
759 1308 897 1372 laudibus
929 1311 1122 1372 ebuccinaeti:
1154 1316 1354 1392 oppositiones
1377 1304 1500 1380 lethales
1524 1301 1568 1379 et¹

206 1397 352 1459 violentas
382 1400 594 1478 pronunciasti,
624 1399 739 1470 animae
767 1397 867 1465 mundi
896 1401 995 1458 varios
1010 1382 1145 1460 eilh'ctus
1174 1399 1365 1480 astrologiam
1388 1405 1553 1490 permisisti,

207 1497 320 1547 veteres
344 1506 362 1548 a
375 1483 559 1555 certitudine
581 1487 815 1569 praedictionum
836 1485 1077 1573 astrologicarum
1100 1485 1325 1569 commendasti,
1355 1489 1442 1550 hocf
1435 1509 1500 1571 ipso
1523 1483 1568 1550 in'

206 1574 291 1634 titulo
314 1572 403 1652 paulo
427 1575 560 1652 superius
584 1577 758 1652 electionum
781 1564 1023 1650 astrologicamm
1046 1568 1196 1678 sortilegia
1217 1575 1256 1636 ad
1280 1531 1386 1638 tribum
1401 1574 1552 1653 lesascbar

207 1661 333 1738 adque'
326 1679 406 1739 rpsas
428 1665 586 1739 scripturas
609 1647 742 1733 retulisti.
788 1663 834 1720 An
858 1679 913 1748 ego
936 1671 965 1724 te
988 1665 1133 1724 somniare
1148 1681 1194 1728 ιιι
1216 1661 1315 1742 potius
1337 1665 1431 1731 lutere
1447 1668 1551 1755 dicam,

207 1751 258 1826 qui
280 1759 312 1808 ut
334 1768 380 1810 me
404 1767 589 1837 quacunque
600 1755 712 1812 ratione
734 1737 900 1824 ulcisceris,
930 1736 982 1813 ιιιιι
1003 1752 1074 1820 mihi
1098 1750 1218 1810 crimina
1241 1742 1421 1840 exprobras?
1467 1755 1557 1817 Anne

209 1839 296 1898 etiam
327 1840 548 1898 excusationem
580 1818 658 1918 apud
689 1833 823 1900 cordatos
855 1833 1127 1925 continuantibus,
1161 1834 1240 1914 quod
1269 1820 1470 1902 examinandis
1493 1846 1552 1903 tuis

207 1925 394 2004 analysihus,
418 1923 526 2016 oppido
550 1942 638 2002 quam
660 1916 815 1986 dissolutis
834 1933 863 1984 ιι
885 1943 938 1985 con
941 1916 1029 2000 lusis,
1053 1934 1167 2002 tempus
1191 1926 1311 2004 aliquod
1334 1926 1490 2005 perdidi?

294 2012 351 2072 Sed
380 2029 446 2073 eece
475 2031 588 2074 rursum
618 2029 740 2074 excusso
770 2029 873 2076 somno
897 2013 947 2081 ad
956 2013 1150 2115 objectionem
1174 2013 1361 2091 difficultatis
1388 2021 1549 2094 reverteris,

208 2101 446 2177 exprobrationes
467 2104 648 2176 ignorantiae
670 2101 815 2162 humanae
838 2100 873 2160 eir
891 2096 983 2162 'Jobis
1008 2101 1059 2160 38.
1084 2103 1135 2162 39.
1158 2117 1221 2178 cap.
1247 2101 1350 2163 ultimo
1374 2112 1480 2164 conatu
1504 2109 1550 2164 in-·

204 2190 344 2264 geminas,
368 2205 423 2248 uec
445 2188 664 2264 animadvertis,
687 2189 743 2249 hoc
767 2188 870 2250 eodem
893 2189 1032 2249 orationis
1055 2195 1122 2248 tuae
1146 2196 1272 2249 torrente
1295 2207 1410 2250 omnem
1434 2193 1550 2255 Aristo-

204 2275 271 2334 telis
294 2276 522 2352 disputationem
553 2277 589 2338 de
619 2283 715 2353 motu,
749 2276 785 2336 de
816 2275 916 2350 coelo,
950 2275 985 2336 da
1012 2277 1200 2352 generations
1230 2284 1260 2336 at
1282 2281 1480 2356 corruptione,
1514 2281 1550 2342 de

202 2365 356 2438 metauris,
389 2362 425 2424 de
454 2367 567 2438 anima,
601 2365 636 2424 de
668 2365 791 2424 historia
821 2363 1005 2437 animalium,
1039 2380 1139 2423 omnes
1173 2362 1341 2441 Hermetes,
1377 2377 1428 2427 tua
1457 2371 1550 2445 ipsius

204 2473 389 2530 ιαιχημαια,
422 2466 523 2514 omnes
545 2453 684 2513 Platones
715 2454 869 2530 ipsumque
900 2449 974 2512 adeo
1005 2458 1087 2511 tuum
1114 2461 1174 2511 tam
1196 2451 1431 2514 Macrocosmum
1462 2474 1550 2533 quam

204 2537 438 2612 Microcosmum,
462 2547 522 2602 tam
545 2549 678 2600 naturam
701 2547 799 2614 tuam,
829 2556 919 2616 quam
941 2538 1115 2599 insidentem
1136 2539 1178 2597 illi
1203 2541 1334 2614 simiam,
1358 2558 1416 2602 uno
1439 2545 1549 2620 impetu

203 2630 274 2704 rapi,
298 2626 451 2704 provolvi,
481 2631 511 2688 in
534 2629 673 2707 abyssum
696 2627 834 2704 demergi.
878 2627 1044 2686 Audiantur
1066 2629 1164 2703 potius
1191 2630 1363 2706 interpretes
1391 2628 1449 2690 loci
1471 2631 1550 2692 illius

203 2712 326 2790 legitimi
349 2722 378 2774 et
400 2716 501 2776 sobrii.

290 2802 354 2860 Non
384 2819 421 2862 ee
446 2806 520 2864 ιιιιιι
541 2804 628 2862 tineis
650 2805 878 2879 ᾳιιιιιιιιιιιιιυιι,
912 2801 1056 2877 Robcrtc,
1089 2801 1141 2878 sed
1173 2819 1210 2862 ex
1231 2798 1356 2884 [aeterno
1385 2805 1547 2882 sapientiae

207 2905 285 2965 penu
308 2889 459 2966 depromta
481 2897 549 2950 sunt
572 2891 624 2949 illa
648 2891 665 2949 ιι
689 2905 824 2967 corpora,
858 2890 964 2967 quibus
993 2889 1140 2948 coelorum
1164 2889 1230 2950 idea
1252 2898 1381 2966 constat,
1411 2911 1466 2953 nec
1493 2911 1547 2954 ne·

203 2978 299 3053 gabis,
323 2987 456 3037 aetemas
479 2996 544 3039 esse
566 2981 693 3038 rationes
715 2980 921 3054 geometricas,
945 2981 1039 3055 ipsum
1061 2978 1174 3037 scilicet
1197 2980 1287 3059 topos,
1311 2979 1394 3056 cujus
1417 2983 1547 3058 imagini,

203 3073 236 3122 ut
258 3083 345 3143 saepe
370 3065 494 3137 dictum,
524 3081 578 3125 nos
600 3065 732 3125 homines
756 3083 871 3126 omnem
900 3075 1027 3125 nostram
1051 3067 1140 3124 animi
1163 3064 1325 3127 naturalem
1354 3067 1547 3145 aptitudinem

203 3151 242 3210 ad
266 3154 453 3230 percipienda
475 3155 660 3232 geometrica,
685 3168 785 3214 omnes
807 3156 926 3214 notitiae
950 3161 1118 3213 concreatae
1141 3161 1277 3232 acceptas
1299 3157 1403 3216 merito
1418 3157 1545 3216 terimus.

204 3239 270 3297 Non
295 3243 381 3317 igitur
403 3241 469 3301 ideo
492 3241 601 3302 debilia
623 3251 708 3316 sunt,
732 3245 784 3301 aut
802 3242 871 3320 {istc
894 3241 1083 3301 fundamenta
1108 3241 1338 3319 disputationum
1360 3247 1545 3320 geometrica,

202 3329 273 3402 quia
296 3331 325 3386 in
348 3338 444 3390 mente
467 3329 608 3405 hominis,
631 3329 683 3391 sed
705 3329 801 3404 firma,
825 3333 895 3406 quia
918 3347 954 3388 ex
976 3329 1111 3403 imaginis
1134 3328 1190 3388 Dei
1212 3332 1436 3407 participatione
1458 3339 1546 3390 natu·

202 3415 258 3474 rali
282 3414 459 3494 dependens
490 3435 544 3478 nse
567 3419 591 3478 si
612 3416 701 3478 homo
725 3420 915 3478 ratiocinatur
941 3432 977 3474 ex
1005 3415 1114 3474 lumine
1137 3423 1272 3490 naturae,
1303 3416 1373 3492 quid
1398 3417 1545 3478 coelorum
1582 3429 1590 3447 ·

200 3501 334 3562 aedificio
356 3507 527 3580 conveniat,
558 3513 712 3583 propterea
734 3503 881 3564 coelorum
904 3502 1079 3562 architectus
1103 3502 1245 3563 humanae
1274 3507 1391 3580 respicit
1417 3505 1542 3581 regulae,

201 3589 253 3649 sed
276 3592 346 3666 quia
368 3591 443 3664 tales
471 3593 536 3668 ipse
558 3593 674 3667 regulas
705 3609 740 3652 ex
770 3607 801 3650 es
824 3593 888 3667 ipso
916 3587 1057 3648 desumsit
1084 3588 1213 3648 shuendi
1237 3590 1354 3667 mandi,
1388 3600 1544 3671 propterca

202 3678 302 3755 imago
328 3681 420 3755 ipsius
442 3677 642 3750 ratiocinando
664 3694 724 3737 non
746 3677 820 3736 alias
842 3679 963 3736 invenit.

288 3765 341 3824 Ad
371 3767 590 3826 testimonia
618 3783 680 3844 pro
709 3765 910 3825 harmoniis
934 3762 1088 3822 Roberti
1117 3761 1158 3822 de
1180 3763 1380 3825 Fluctibus.
1426 3766 1489 3825 Etsi
1512 3769 1543 3825 in

198 3851 256 3912 hac
277 3860 425 3930 postrema
454 3854 627 3932 repetitione
656 3845 862 3930 philosophiae
885 3857 970 3925 tuae,
1003 3868 1092 3927 quam
1119 3858 1150 3909 tn
1172 3851 1268 3928 planis
1298 3869 1405 3913 norem
1427 3855 1543 3932 paginis

199 3940 297 4013 insere,
321 3941 386 4019 plue
412 3941 508 4000 decies
529 3943 638 4000 inserte
659 3942 777 4000 invenio
799 3940 847 4001 vel
863 3956 968 4000 nomen
984 3937 1031 3997 vel
1048 3939 1167 3999 crimina
1180 3957 1254 4014 mea,
1277 3939 1307 3999 id
1323 3947 1420 4027 tamen
1437 3959 1542 4002 caueae

199 4045 259 4086 non
282 4031 385 4130 putavi
412 4033 484 4088 satie
507 4045 583 4108 esse,
606 4045 656 4088 cur
678 4027 817 4132 prolixior
839 4045 932 4088 essem
956 4029 985 4085 in
1001 4025 1051 4085 illa
1076 4027 1279 4087 examinanda
1324 4027 1373 4089 Sic
1388 4032 1464 4089 euim
1478 4033 1542 4091 cxi-

199 4117 303 4192 stimo,
329 4119 379 4175 rix
401 4134 578 4194 quemquam
601 4115 757 4192 lectomm,
780 4118 843 4176 sire
866 4115 1087 4176 mathematicus
1110 4113 1160 4174 ille
1182 4118 1234 4188 sit,
1261 4117 1326 4176 sire
1346 4115 1543 4198 Hermaticus,

198 4204 458 4279 perduraturum·
450 4222 481 4262 ιιι
502 4203 558 4263 hac
579 4204 704 4267 lectione
735 4221 828 4281 usque
856 4203 1018 4278 adfinem,
1049 4204 1149 4279 itaque
1179 4219 1285 4264 nomen
1307 4221 1404 4264 meum
1435 4207 1464 4264 iu
1486 4205 1543 4266 hoc

201 4291 276 4352 chao
300 4292 385 4354 iacile
407 4279 608 4368 latitaturum,
632 4291 738 4369 quodsi
760 4295 848 4352 etiam
870 4293 1044 4363 inveniatur,
1069 4291 1166 4350 omnia
1188 4296 1285 4351 tamen
1310 4292 1426 4368 objecta
1450 4291 1543 4354 diluta

199 4381 296 4438 sunt
288 4399 317 4438 m
339 4381 547 4457 superioribus.
593 4379 638 4440 Dc
668 4387 719 4440 tua
739 4397 811 4440 raro
834 4378 1021 4458 philosophia
1049 4377 1116 4454 plus
1139 4377 1252 4454 aliquid
1274 4377 1419 4455 delibare,
1453 4398 1542 4458 quam

200 4465 298 4546 quod
302 4469 392 4528 iaciat
413 4466 451 4528 ad
476 4466 679 4546 explicandum
701 4468 860 4528 lectoribus
882 4467 1035 4527 discrimen
1058 4467 1132 4526 inter
1155 4464 1324 4526 harmonica
1345 4474 1398 4527 tua
1420 4475 1449 4529 at
1466 4487 1542 4544 mea,
1643 4469 1650 4490 ¹

200 4535 352 4614 consilium
375 4555 497 4616 mihim
520 4555 575 4615 hac
597 4557 753 4633 scriptione
775 4571 833 4614 non
855 4555 919 4614 luit
964 4553 1002 4614 Ει
1023 4552 1088 4613 finis
1111 4551 1285 4630 tequidem,
1309 4571 1367 4613 nou
1395 4557 1458 4616 sius
1474 4555 1542 4617 telle
1593 4605 1597 4624 ι

198 4645 307 4718 pretiis
328 4643 387 4702 Dei
406 4644 626 4719 praecanebat
647 4650 802 4718 acceptum
821 4644 935 4720 ferens,
967 4642 1047 4727 qnod
1067 4641 1198 4701 ιιιιιιιιιιι
1218 4643 1362 4701 incitatus
1383 4661 1468 4704 meae
1490 4647 1542 4703 in-

198 4729 301 4788 cidiae
321 4730 446 4807 feliciter
468 4749 544 4808 opus
563 4733 765 4808 pennam,
790 4747 844 4806 ego
868 4745 938 4788 vero
962 4718 1101 4789 insidiam
1124 4736 1240 4788 suenus
1259 4727 1380 4804 inficior,
1402 4730 1441 4793 ad
1456 4733 1543 4811 periti

198 4815 316 4878 lectoris
318 4816 478 4896 judicium
500 4835 644 4898 provoco,
675 4833 745 4878 uum
768 4835 827 4895 qua
848 4814 1007 4879 inridenda
1035 4818 1114 4878 bona
1135 4817 1276 4894 reperiat,
1308 4835 1384 4895 quae
1407 4822 1542 4900 imputati

1320 4923 1387 4985 30*
