3732 5528
855 285 996 376 Arolosie
1535 295 1597 356 tre

248 479 367 538 nomos,
408 465 537 524 inveniet
567 464 655 542 longe
685 464 774 526 aliam
806 463 909 526 Martis
941 463 1093 540 periodum
1123 469 1277 541 ceteraque
1310 469 1368 527 tuis
1402 485 1460 528 nen
1495 485 1598 547 parum

249 551 410 612 dissimilia.
1393 599 1396 607 ,

218 685 223 701 ,
336 639 394 700 Sed
422 640 540 716 quaeris
564 634 633 720 (nea
661 641 718 700 hoe
749 638 857 698 insulse
889 638 998 700 dietum
1028 633 1108 720 ris):
1139 656 1205 698 euna
1235 640 1418 717 planetarum
1440 650 1538 704 matus
1568 646 1598 702 in

250 726 459 802 temporabat,
483 743 611 809 aur'ego
636 735 798 802 temporum
820 729 994 788 varietatem
1016 726 1172 788 recusem‘l
1214 725 1291 802 Quia
1313 747 1370 788 non
1395 749 1495 805 omne,
1520 730 1624 813 quod*
1668 749 1671 758 ¹

249 831 314 874 cum
338 816 466 874 metibus
489 823 534 877 cst
556 814 752 889 coniunctum,
778 817 922 876 concurrit
944 823 974 874 et
995 813 1034 874 ad
1057 815 1232 879 harmonias.
1278 817 1358 876 Nihil
1381 802 1467 878 euim
1486 819 1524 878 ad
1548 837 1598 878 aas

187 965 197 973 ,
249 903 337 962 iacies
362 903 463 962 Lunae
488 903 654 974 variabilis,
684 905 738 961 etsi
762 919 819 960 non
842 903 905 962 sine
928 900 984 960 hae
1011 901 1141 962 succedit
1165 903 1265 962 Lunae
1293 914 1412 966 motus..
1446 904 1598 980 Quatenus

250 1007 319 1048 vero
344 989 466 1050 tarditas
489 988 536 1050 vel
561 989 693 1050 celeritas
717 989 790 1048 alias
814 987 874 1050 alia
898 988 1032 1048 definitur
1053 1005 1105 1067 per
1128 999 1257 1066 tempus,
1288 1003 1439 1068 respectus
1461 995 1599 1070 temporis

248 1080 326 1154 prior
350 1077 429 1136 valet
452 1094 505 1138 nec
528 1095 546 1136 a
568 1095 614 1136 nre
629 1085 778 1137 recusatus
802 1083 855 1149 est,
880 1085 911 1135 ut
926 1077 995 1136 dixi.
1042 1076 1100 1136 Sed
1120 1095 1215 1153 neque
1232 1080 1288 1138 lroe
1304 1079 1486 1150 dissimulare
1502 1098 1599 1140 coram

248 1167 357 1224 lentare
381 1182 445 1226 mco
468 1181 605 1241 possum,
639 1166 853 1224 concinniorem
876 1167 906 1223 in
928 1181 994 1224 raco
1017 1181 1104 1241 opere
1134 1181 1221 1240 quam
1244 1167 1292 1226 bic
1321 1168 1400 1244 apud
1425 1178 1453 1226 te
1475 1171 1599 1229 inveniri

251 1270 356 1314 vocum
386 1255 513 1312 musicae
542 1252 682 1328 figuratae
713 1253 946 1312 distributionem
976 1254 1050 1312 inter
1076 1253 1217 1329 planetas.
1247 1243 1337 1323 ,Nam
1367 1256 1404 1315 ad
1432 1254 1599 1316 harmonias

249 1341 372 1400 duorum
394 1340 466 1398 nihil
489 1342 617 1412 interest,
642 1347 704 1400 tota
727 1341 869 1416 cujusque
892 1340 1031 1418 periodus
1054 1349 1126 1414 quot
1149 1346 1263 1399 constet
1285 1340 1398 1415 diebus,
1422 1342 1600 1419 aedquavit
1675 1377 1680 1390 ·

249 1438 396 1488 momentu
419 1445 506 1504 arram
531 1430 568 1486 sit
591 1427 654 1503 ejus
677 1437 773 1488 motus
797 1425 897 1488 tardus
921 1428 970 1488 vel
993 1427 1088 1500 velox,
1112 1427 1168 1488 hoo
1184 1430 1312 1504 interest,
1337 1433 1365 1488 ln
1385 1430 1505 1508 periodo
1530 1445 1599 1490 vero

248 1518 390 1577 contusae
413 1517 511 1576 insunt
534 1533 634 1574 omnes
657 1516 808 1576 tarditates
831 1515 1064 1591 eeleritatesque.
1187 1533 1195 1562 r

336 1603 554 1664 Semibrcvibus
577 1611 730 1664 contentus
759 1604 800 1664 tui
822 1603 993 1679 plerumque
1023 1619 1112 1662 sonos
1134 1619 1214 1662 meos
1237 1604 1367 1678 signare,
1399 1623 1456 1664 non
1481 1613 1598 1682 ptopter

251 1695 460 1767 ipnuccntinm
488 1691 734 1768 multifariarum
767 1690 1026 1768 differentiarum,
1058 1689 1109 1748 sed
1140 1697 1173 1748 ut
1200 1688 1339 1752 haberem
1367 1695 1455 1753 etiam
1489 1696 1517 1750 in
1532 1725 1535 1737 ·
1548 1701 1599 1753 tuo

250 1796 354 1855 opere,
387 1777 425 1836 ad
458 1778 537 1854 quod
566 1778 703 1840 leetomm
735 1781 927 1852 mundiorem,
961 1779 1009 1853 qui
1038 1786 1172 1838 notarum
1200 1780 1416 1844 arbitrariarum
1448 1782 1600 1845 scientiam

248 1868 347 1943 magni
370 1868 518 1928 aestimas.
1045 1911 1048 1920 ,

337 1950 482 2029 Oedipum
507 1969 576 2012 vcro
599 1953 690 2022 mitte,
714 1953 764 2028 qui
787 1943 924 2029 aenigma
946 1951 1017 2012 mihi
1040 1951 1096 2011 hoe
1119 1961 1201 2012 tuum
1225 1952 1385 2027 dissolvat,
1410 1953 1489 2031 quod
1508 1954 1596 2031 jubet

247 2058 377 2114 corpora
398 2059 467 2100 mea
491 2041 700 2118 trianpulurio
729 2057 838 2100 sonare
861 2042 894 2098 in
915 2042 1014 2100 nereio
1043 2057 1106 2115 quo
1134 2043 1336 2116 proportione.
1382 2042 1445 2118 Ege
1469 2060 1522 2101 nee
1545 2045 1598 2102 tri·-

248 2127 388 2204 angulare
412 2145 515 2205 corpus
540 2131 613 2186 inter
636 2125 776 2188 coelestia
798 2143 961 2206 cognosce,
990 2143 1044 2186 nee
1066 2143 1155 2187 sonos
1178 2129 1206 2185 in
1231 2127 1314 2188 coelo
1337 2136 1446 2190 statuo.
1491 2129 1598 2190 Tetra·

249 2216 337 2276 e'dron
361 2215 479 2292 quidem
502 2223 599 2274 statuo
624 2218 697 2276 inter
721 2218 806 2276 orbes
829 2215 917 2274 Jovis
941 2225 969 2273 et
992 2214 1104 2288 Martis,
1130 2225 1161 2272 at
1183 2215 1214 2274 id
1236 2233 1294 2274 nen
1318 2217 1393 2290 soni,
1417 2217 1469 2278 sed
1490 2218 1599 2294 ampli-

249 2304 356 2363 tudinis
380 2321 477 2363 eausa.
525 2303 610 2362 Aliae
633 2303 820 2379 postmodum
842 2301 984 2363 accedunt
1007 2319 1124 2375 causac,
1148 2320 1224 2378 quae
1247 2311 1344 2363 motus
1366 2303 1472 2365 herum
1494 2305 1600 2382 plane·

249 2397 345 2451 tarum
370 2391 504 2451 ordinent
525 2394 556 2448 in
578 2394 765 2467 proportione
788 2406 926 2452 sonorum
949 2388 1196 2460 concordantium.
1207 2385 1248 2468 ³⁶)

340 2479 468 2552 Asseris,
492 2488 627 2538 notarum
650 2478 878 2554 speculationem
913 2476 1047 2553 indipsre
1069 2479 1184 2552 inpenti
1207 2495 1372 2540 causatum
1395 2481 1599 2556 inquisitione,

248 2585 301 2626 nec
329 2585 387 2625 ease
414 2569 507 2642 parui
533 2569 693 2640 momenti,
724 2585 803 2642 quae
831 2574 921 2627 natm
950 2567 1011 2624 sint
1039 2566 1196 2641 perfectae.
1242 2565 1356 2642 Quaere
1385 2585 1490 2628 causas
1519 2567 1599 2625 arbi-

248 2657 353 2714 trariae
376 2655 561 2731 perfectionis
584 2655 767 2728 arbitrariae,
798 2670 857 2713 nou
886 2652 1031 2728 impedi03
1061 2653 1132 2712 milri
1161 2653 1197 2712 de
1220 2654 1404 2716 naturalibus
1427 2655 1525 2714 causis
1556 2661 1600 2714 est
1629 2719 1633 2726 ,

250 2759 362 2816 serm03
384 2750 436 2801 aut
458 2749 490 2799 tu
513 2738 584 2800 nrilri
607 2740 706 2813 dicito,
729 2759 805 2818 quae
829 2757 919 2802 eausa
941 2739 1084 2798 naturalis
1106 2757 1194 2799 sonos
1217 2741 1349 2802 docuerit
1371 2743 1416 2802 his
1438 2743 1516 2805 notis
1538 2741 1600 2817 sig·

248 2847 333 2902 trare,
362 2847 419 2888 trun
449 2829 530 2902 aliis,
561 2845 676 2904 quaeve
704 2832 743 2888 sit
774 2846 864 2890 eausa
893 2827 1051 2902 naturalis,
1082 2845 1133 2886 cur
1154 2837 1226 2888 nota
1255 2829 1381 2890 caudata
1410 2831 1449 2889 sit
1470 2831 1600 2907 minima,

249 2935 351 2976 carens
382 2916 478 2976 cauda
510 2917 697 2990 semibrevis,
731 2917 873 2993 quadrata
904 2914 1025 2976 brevis?
1077 2914 1153 2975 Nam
1184 2933 1239 2993 ego
1256 2911 1392 2993 ‘quidem
1425 2916 1600 2994 longitudini
1706 2927 1710 2936 ’

249 3005 362 3064 caudae
391 3007 571 3064 censuissem
601 3007 707 3064 rectius
736 2993 870 3066 admetiri
900 3020 954 3062 nos
986 3005 1074 3062 etiem
1104 3009 1233 3082 tempus,
1267 3008 1292 3066 si
1321 3007 1378 3066 mei
1413 3023 1458 3065 ras
1488 3005 1600 3066 arbitrii

247 3093 351 3152 luisset
374 3094 466 3152 initio.

337 3177 463 3238 Omnino
494 3194 562 3238 vero
593 3179 716 3240 festivus
746 3199 792 3254 es,
827 3182 877 3256 qui
900 3199 918 3239 a
940 3195 987 3238 me
1010 3180 1098 3240 ctiam
1123 3196 1241 3253 pausae
1264 3181 1373 3255 exigis,
1407 3197 1473 3240 curu
1494 3195 1549 3238 neo
1570 3180 1601 3238 is

252 3285 346 3343 pausa
376 3269 414 3326 sit
441 3266 609 3340 harmonia,
637 3267 673 3326 de
705 3285 828 3344 querum
858 3278 923 3326 ortu
952 3267 1023 3326 milri
1055 3265 1263 3343 disputandum
1292 3277 1370 3339 erat,
1404 3284 1458 3326 nec
1487 3266 1600 3327 eoelum

249 3373 384 3435 unquam
407 3363 527 3433 pauset,
552 3371 607 3430 ego
632 3371 700 3414 vero
724 3354 895 3416 coelestium
916 3355 1135 3431 proportionum
1158 3371 1249 3414 causa
1270 3356 1443 3432 scripserim.

336 3442 394 3502 Sed
418 3442 483 3502 linis
506 3441 582 3502 hane
605 3441 738 3520 artalysin
763 3449 943 3518 argumento,
968 3440 1047 3515 quod
1070 3442 1198 3516 speeiem
1221 3440 1311 3500 habet
1332 3459 1391 3500 nen
1410 3448 1599 3502 contemnen-

250 3528 332 3588 dam:
365 3531 489 3589 sienim
518 3533 548 3586 in
571 3529 699 3588 burnana
721 3534 833 3589 marsica
860 3537 928 3588 surrt
951 3527 1134 3587 adhibendae
1162 3545 1314 3588 mensurae
1343 3537 1520 3606 temporum,
1553 3530 1599 3588 vi·

249 3615 354 3677 dentur
376 3635 428 3677 eae
451 3619 504 3678 tibi
527 3633 581 3678 nso
604 3635 622 3676 a
644 3617 820 3678 coelestibus
843 3619 946 3676 abesse
968 3632 1065 3692 posse.
1110 3613 1196 3689 Quod
1220 3615 1372 3676 confirmas
1395 3617 1497 3676 diviua
1511 3615 1599 3674 darn·
1655 3645 1659 3656 =

237 3705 337 3764 -blictri
362 3708 515 3778 sententia,
541 3721 617 3780 quae
640 3704 775 3781 equidem
799 3703 905 3764 vellem
927 3707 985 3767 mei
1006 3701 1073 3762 libri
1096 3701 1149 3762 IV.
1174 3705 1272 3780 nepita
1295 3706 1323 3762 i.
1348 3712 1378 3764 et
1401 3706 1430 3764 3.
1454 3695 1507 3765 ceu
1527 3721 1599 3781 pre·

248 3793 325 3852 tissa
354 3811 470 3868 gemma
498 3792 612 3852 radiare
636 3789 924 3871 collustrariquett),
956 3792 1012 3850 etsi
1040 3789 1211 3850 descensum
1239 3793 1401 3855 animarum
1432 3809 1468 3850 ex
1490 3791 1599 3850 mundo

250 3879 429 3955 intelligibili
451 3879 634 3940 Christianus
662 3880 752 3940 lromo
779 3897 838 3938 non
868 3879 926 3940 alio
956 3895 1043 3937 sensu
1075 3887 1171 3954 potest
1201 3881 1329 3956 recipere
1359 3878 1599 3956 sPytltagorico

247 3969 439 4045 philosopho,
464 3985 552 4045 quam
576 3985 662 4044 quem
686 3987 741 4046 ego
765 3969 894 4046 expressi
918 3967 994 4025 dicto
1018 3965 1068 4028 tol.
1094 3969 1173 4042 224,
1202 3977 1346 4043 quatenus
1368 3967 1480 4028 sedicet
1502 3969 1600 4042 imago

250 4059 389 4116 mentoris
413 4057 501 4114 etiem
523 4056 695 4128 naturaliter
717 4055 827 4116 relucet
849 4057 877 4113 iu
902 4055 1006 4114 animis
1029 4058 1143 4115 creatis.

336 4143 395 4202 Sed
418 4143 456 4204 ad
479 4151 682 4220 argumentum
704 4151 844 4206 revertar.
888 4143 953 4202 Non
977 4145 1123 4217 sequitur,
1147 4142 1287 4212 Roberta,
1321 4159 1340 4202 a
1363 4153 1450 4202 cantu
1472 4143 1600 4204 humano

249 4231 287 4290 ad
308 4241 406 4290 motus
429 4229 580 4291 coelestes.
626 4230 701 4290 Nam
726 4240 893 4307 quaesunt
921 4232 952 4287 in
974 4228 1103 4288 humana
1127 4239 1214 4289 cantu
1237 4229 1420 4303 harmonica,
1452 4248 1511 4289 non
1532 4239 1601 4290 sunt

250 4317 383 4378 desumto
413 4337 448 4378 ex
477 4319 645 4378 harmonica
679 4321 944 4395 contemperatione
974 4325 1107 4376 motuum
1138 4315 1324 4390 coelestium,
1358 4317 1409 4376 ssd
1437 4324 1497 4376 tarn
1527 4317 1601 4378 hasa
1703 4374 1714 4392 ,

250 4423 336 4482 quam
360 4405 420 4479 illa,
445 4405 491 4466 vel
516 4414 567 4465 tuo
582 4403 752 4470 lambliabo
775 4411 903 4478 auctore,
928 4402 1107 4463 descendunt
1130 4421 1165 4464 err
1188 4402 1263 4461 ideis
1284 4403 1383 4465 mundi
1399 4403 1599 4482 intelligibilis

250 4493 331 4554 Sicut
360 4504 458 4553 autem
483 4492 668 4554 Jamblichus
698 4493 897 4556 diversitatem
926 4493 1055 4566 ipsarum
1084 4493 1246 4550 animarum
1272 4490 1446 4566 introducit,
1478 4509 1601 4570 qumum

250 4599 308 4641 una
329 4584 443 4657 magis,
477 4582 538 4641 alia
558 4583 654 4640 minus
678 4581 802 4640 allicitur
825 4579 1000 4649 harmoniis,
1031 4579 1075 4636 sic
1096 4576 1188 4638 multo
1211 4580 1304 4654 magis
1328 4577 1443 4639 diversa
1467 4581 1601 4656 subjecta

252 4677 334 4746 sunt,
358 4671 387 4726 in
411 4669 516 4744 quibus
538 4669 708 4728 barmoniae
730 4665 890 4727 secundum
913 4665 1007 4741 magis
1030 4673 1059 4724 et
1081 4668 1414 4744 miuus¹repraesentari
1435 4675 1600 4745 potuerunt,

254 4757 283 4814 in
312 4756 442 4816 motibus
472 4755 587 4832 quidem
620 4756 803 4833 planetarum
831 4753 992 4818 secundum
1020 4770 1112 4814 unum
1140 4751 1238 4816 solum
1267 4755 1407 4832 temporis
1428 4763 1601 4832 respectum,

1380 4862 1447 4924 tt*
