3698 5534
768 296 853 352 Liber
869 295 918 352 ιιι.
939 291 1102 366 capuani·
1186 303 1188 308 '
1543 309 1604 368 341

253 467 383 526 ιιιιιιιιιιι
404 470 475 526 actio
500 469 645 540 siumrlaris
663 485 696 526 ex
716 469 872 532 dictamine
877 472 1014 542 moenis,
1034 471 1080 530 hic
1095 473 1151 543 jam
1170 471 1239 528 actio
1258 472 1405 530 habitualis
1425 477 1607 545 proficiscitur

253 565 287 605 ex
305 551 434 605 memoria
450 550 549 619 prioris
569 547 664 606 similis
682 551 805 621 actionis,
825 567 906 621 quem
925 567 996 608 nova
1013 553 1143 608 imitatur.
1179 551 1311 608 Memoria
1329 569 1392 609 sero
1416 558 1528 613 cerebro
1546 559 1607 616 niti·

252 633 304 698 tur,
323 629 502 684 instrumento
521 645 660 700 corporeo,
678 634 709 684 ut
726 637 754 684 et
771 594 831 684 leco
845 629 972 686 cerebelli
989 631 1099 697 motivo,
1118 645 1181 684 cnm
1205 632 1371 687 econtrario
1389 633 1608 699 ratiocinationes

253 724 306 762 nou
325 707 365 763 sic
383 708 521 776 indigeant
540 709 719 764 instrumento
738 724 878 777 corporeo

338 789 412 844 Nota
429 788 529 842 xviii.
566 786 641 843 ιιιιι
659 787 814 880 specialiter
832 789 870 844 uit
888 789 928 844 sic
946 787 1006 844 fieri
1024 789 1058 842 ab
1078 787 1124 843 illa
1143 786 1257 854 ratione,
1276 803 1346 856 quae
1364 791 1436 844 circa
1452 791 1606 850 harmonias

253 876 409 938 occupatur,
428 869 491 938 quia
509 867 697 924 universaliter
715 868 802 922 omnia
820 869 890 922 ratio
910 866 1012 938 triplex
1029 865 1082 923 boc
1100 867 1244 923 ιιιιιιιιιιιι
1263 867 1397 924 observat.

339 959 513 1037 Adeoque
502 977 567 1036 Jura
590 961 692 1020 ιιιιιιιο
716 958 853 1018 affirmari
875 965 981 1035 potest,
1005 959 1116 1034 quod
1108 975 1174 1036 apsa
1195 964 1284 1021 etiam
1307 968 1469 1026 communis
1484 971 1607 1029 scientis

252 1049 440 1109 rationalium
461 1050 638 1126 specierum,
669 1045 876 1107 mathematice
902 1045 1070 1124 specialiter
1098 1044 1264 1128 dictam),
1297 1067 1354 1109 non
1385 1055 1414 1110 in
1437 1054 1517 1116 unda
1537 1057 1606 1134 pui-

254 1138 460 1198 cherrimavnm
482 1153 577 1194 rernm
601 1133 803 1212 speculatione
826 1142 973 1208 versatur,
997 1143 1030 1193 ut
1053 1134 1146 1210 aliqui
1168 1139 1312 1212 suspicari
1335 1150 1470 1217 possent,
1501 1143 1553 1203 sed
1575 1147 1606 1202 in

251 1226 519 1300 repraesentatione
555 1222 641 1282 simui
673 1231 703 1282 et
738 1223 767 1280 iu
798 1222 1004 1296 meditatione,
1042 1239 1118 1300 quac
1153 1240 1187 1282 ex
1220 1222 1279 1284 fida
1311 1227 1474 1290 imitatione
1512 1231 1608 1294 soient

179 1341 187 1354 =
253 1309 450 1391 existerefl).

338 1411 411 1468 Nota
427 1409 494 1465 XIX
527 1409 578 1464 Hic
597 1425 612 1463 a
630 1408 769 1474 facultate,
787 1405 959 1462 considerata
976 1415 1007 1463 ut
1025 1407 1186 1478 nuntiantia,
1206 1412 1304 1466 transit
1321 1413 1357 1467 ad
1369 1413 1508 1474 facultatis
1526 1417 1606 1492 itlius

251 1492 278 1546 id
297 1499 339 1546 est
357 1491 391 1545 ad
409 1489 492 1545 animi
510 1487 641 1557 habiturn,
660 1485 764 1542 ιιιιιιιι
780 1486 815 1541 ιιι
835 1485 975 1541 scientiam
993 1451 1212 1557 respondentem,
1231 1490 1402 1560 osteudens,
1411 1494 1510 1564 qnod
1502 1512 1531 1551 sn
1547 1504 1608 1553 tota

250 1569 298 1632 illa
315 1571 384 1624 ratio
402 1568 441 1622 sio
460 1567 603 1637 tripliciter
621 1573 758 1636 operetur.
795 1566 874 1624 Prius
893 1566 965 1620 euim
987 1565 1127 1622 eratione
1145 1567 1305 1624 harmonica
1326 1573 1489 1630 transiverat
1513 1575 1547 1630 ad
1566 1591 1608 1632 rar
1630 1591 1635 1604 ⁵

250 1650 352 1705 tionem
371 1647 527 1717 simpliciter
545 1652 573 1700 et
590 1645 780 1700 universaliter
798 1645 1004 1702 consideratam.
1041 1645 1119 1702 Illius
1144 1645 1226 1715 igiter
1250 1647 1376 1716 specialia
1401 1652 1515 1708 ιιιιιιιιι
1532 1655 1607 1710 habi·

253 1738 297 1784 tus
316 1727 442 1818 specialis
462 1735 521 1782 erat
538 1725 652 1782 scientia
670 1725 836 1794 harmonica,
854 1724 951 1793 hujus
956 1725 1120 1796 generaliter
1137 1727 1325 1786 consideratae
1340 1728 1450 1786 habitus
1475 1733 1609 1799 generalis

252 1817 294 1864 ιιι
312 1805 425 1862 scientia
443 1806 641 1899 mathematica.
677 1805 755 1860 llauc
773 1804 895 1875 appellnt
912 1820 1080 1862 communem
1100 1805 1272 1860 rationalium
1285 1807 1437 1874 specierum
1458 1812 1607 1886 scientium,

252 1904 301 1944 seu
319 1887 391 1956 qnia,
411 1885 457 1957 qni
475 1882 693 1942 mathematicam
711 1883 907 1956 pronunciat
900 1899 923 1938 ιι
942 1901 1035 1940 omnes
1055 1887 1113 1954 ejus
1133 1885 1258 1941 scientias
1278 1901 1332 1941 ιιιιι
1349 1902 1416 1943 voce
1433 1891 1608 1960 comprehen-

252 1968 325 2023 disse
341 1965 458 2036 videtur,
486 1969 517 2022 ut
535 1966 574 2020 sic
592 1963 738 2020 rationales
757 1964 863 2032 species
882 1963 936 2018 siut
954 1963 1020 2019 nibil
1039 1963 1127 2036 aliud,
1153 1982 1234 2036 quam
1254 1965 1320 2019 varir
1313 1961 1450 2024 babitus
1468 1969 1608 2028 facultatis

251 2045 470 2113 ratiocinativus,
496 2061 545 2100 seu
564 2044 627 2113 qnia
646 2042 838 2098 mathematica
864 2043 925 2110 subj
928 2049 1016 2098 ectum
1035 2045 1090 2099 tale
1109 2007 1192 2101 liabet
1208 2045 1409 2116 (quantitates,
1434 2065 1561 2105 numeros
1580 2057 1608 2105 et

251 2126 468 2196 proportiones),
488 2123 562 2192 qrtod
580 2123 615 2178 ad
633 2135 727 2176 omnes
744 2121 842 2177 mentis
861 2061 970 2176 habitus
988 2123 1117 2192 pertinet,
1146 2123 1186 2178 ιιι
1205 2131 1235 2178 ιι
1254 2123 1368 2191 quilibet
1385 2141 1478 2181 eornm
1505 2127 1607 2204 aliquid

251 2205 333 2274 hujus
352 2203 403 2258 sibi
421 2201 595 2272 peculiariter
622 2210 670 2256 aut
687 2200 818 2270 peculiari
835 2208 960 2270 respectu
987 2201 1106 2258 vindicet
1130 2202 1252 2270 illudque
1274 2204 1420 2271 specialius
1444 2207 1553 2263 ιιιοιιιι
1581 2212 1608 2262 ιι

253 2280 471 2341 conclusionibus
498 2279 695 2336 mathematicis
722 2279 920 2336 universalibus
947 2297 1011 2338 suas
1039 2282 1163 2350 proprias
1191 2289 1376 2352 superstrati,
1409 2283 1465 2340 sive
1491 2285 1608 2361 denique

257 2361 362 2432 species
380 2357 527 2416 rationales
544 2359 589 2415 hic
608 2375 662 2414 non
682 2366 746 2415 snut
762 2358 815 2429 ipsi
833 2359 950 2430 habitus,
969 2362 1017 2418 sed
1036 2361 1142 2416 illorum
1162 2359 1278 2440 objecta
1302 2367 1330 2417 et
1347 2361 1419 2432 quia,
1437 2368 1468 2418 ut
1486 2353 1608 2432 singulae

252 2441 305 2494 bue
322 2439 429 2512 species
447 2439 552 2494 ratione
571 2437 784 2506 comprehensae
800 2437 925 2506 singulus
943 2439 1167 2496 circumscribunt
1191 2400 1334 2510 scieniias,
1362 2447 1435 2496 artes
1453 2447 1480 2496 et
1497 2439 1608 2498 habitus

254 2518 417 2590 operativos,
435 2517 511 2573 verbi
530 2532 613 2572 causa
630 2516 733 2586 figurae
752 2516 934 2586 geometriam,
954 2534 1058 2574 ιιιιιιιιιι
1051 2515 1278 2586 arithmeticam,
1298 2517 1454 2574 harmoniae
1472 2516 1607 2574 harmoni-

254 2615 312 2668 cen,
332 2597 371 2651 sic
390 2611 483 2650 omnes
502 2596 554 2650 bue
574 2597 679 2666 species
692 2597 811 2665 junctim
824 2597 1012 2652 consideratae
1026 2595 1252 2652 circumscribunt
1267 2611 1354 2666 aeque
1366 2595 1449 2654 latam
1459 2597 1607 2666 scientiam,

253 2691 323 2746 quae
342 2674 532 2730 mathematice
551 2675 656 2731 dicitur.

340 2755 415 2810 Nota
432 2755 492 2810 XX.
530 2755 583 2823 nit,
602 2755 673 2810 hunc
691 2753 830 2810 scientiam
849 2755 948 2810 dictam
968 2767 1028 2807 esse
1046 2735 1202 2822 specialiter
1218 2752 1446 2824 mathematicam,
1465 2755 1608 2825 quiscum

253 2849 305 2890 vox
324 2831 488 2888 ediscendo
508 2831 670 2903 descendat,
699 2833 788 2888 omnia
807 2831 916 2900 quidem
942 2831 995 2886 alia
1014 2830 1169 2892 discuntur
1195 2829 1375 2901 specialiter
1368 2846 1431 2886 vero
1449 2832 1512 2904 illa,
1536 2849 1608 2904 quae

252 2912 299 2969 illo
318 2910 410 2966 seculo
429 2911 522 2981 pueris
539 2912 627 2981 prium
645 2912 764 2966 omnium
788 2911 822 2966 ad
843 2909 1000 2966 discendum
1018 2911 1251 2980 proponebantur,
1280 2909 1402 2966 doctrina
1420 2909 1454 2965 de
1472 2912 1607 2982 quantita-

253 2991 328 3048 tibus
347 2995 375 3044 et
392 2990 518 3054 numeris.

343 3078 441 3142 Utitur
464 3085 540 3142 euim
563 3081 637 3142 baec
660 3089 720 3142 taur
743 3087 894 3162 praestans
918 3079 1043 3140 facultas
1068 3096 1121 3157 pro
1144 3081 1206 3140 suis
1229 3077 1310 3140 velut
1333 3083 1533 3150 instrumentis
1555 3100 1608 3146 sau

255 3171 394 3232 ministris
417 3186 556 3228 sensuum
580 3169 745 3246 praecipuis
769 3176 798 3228 et
820 3164 1095 3242 admirabilissimis,
1121 3170 1185 3226 sisu
1210 3175 1243 3230 ιι,
1254 3168 1367 3242 auditu,
1391 3172 1441 3245 qui
1464 3187 1534 3247 prae
1557 3188 1608 3230 ce·

256 3261 325 3321 teris
353 3274 442 3332 qnam
474 3259 600 3317 maxime
627 3275 664 3336 se
695 3272 797 3317 versus
826 3258 988 3332 prinoipem
1016 3257 1132 3314 animae
1159 3255 1330 3314 facultatem
1353 3259 1517 3333 porrigunt,
1549 3259 1606 3318 soli

256 3362 325 3407 vero
348 3362 403 3404 sua
426 3344 543 3422 objecta
566 3361 623 3404 uon
646 3343 800 3422 voluptate
822 3342 904 3418 sola,
934 3342 985 3403 sed
1008 3341 1217 3418 multomagis
1246 3341 1400 3402 honestate
1424 3353 1452 3402 et
1474 3344 1606 3420 pulcini-

257 3433 356 3493 tndine
379 3435 537 3504 metiuntur
548 3428 621 3512 ¹¹¹).
666 3431 701 3490 Iu
724 3431 917 3507 unoquolibet
940 3433 1018 3489 enirn
1041 3445 1128 3488 sensu
1160 3436 1257 3488 certae
1280 3430 1425 3505 quaedam
1448 3433 1606 3491 inveniun-

258 3529 303 3581 tur
325 3519 507 3580 sensibilium
530 3518 725 3593 diiierentise,
756 3520 837 3577 verbi
861 3535 951 3578 causa
974 3517 1134 3576 visibilium
1158 3515 1353 3577 differentiaea
1382 3519 1483 3576 album
1506 3527 1535 3579 et
1559 3523 1606 3578 ni-

257 3619 358 3688 grum,
380 3606 571 3668 audibilium:
596 3617 713 3666 acutum
736 3615 766 3666 et
787 3623 892 3682 grave,
925 3603 1135 3664 odorabiiium:
1159 3603 1290 3680 fragrans
1312 3612 1342 3664 et
1363 3605 1518 3680 foetidum,
1549 3625 1606 3684 gn-

257 3695 417 3755 stabllium:
442 3691 527 3762 dulce
550 3703 579 3755 et
602 3711 749 3765 amarum,
775 3692 929 3752 tactilium:
954 3691 1057 3770 molle,
1085 3692 1110 3748 si
1134 3708 1188 3750 usu
1213 3692 1320 3764 veniat,
1345 3701 1373 3751 et
1397 3691 1517 3770 durum;
1542 3711 1607 3755 our-

257 3787 327 3843 nino
351 3781 429 3859 quod
453 3786 558 3859 cuique
582 3781 810 3842 differentiarum
833 3782 1010 3840 conveniens
1033 3782 1071 3838 sit
1096 3778 1143 3838 vel
1165 3773 1317 3859 noum).
1361 3779 1521 3841 Pulchrum
1540 3789 1621 3843 sero

257 3883 287 3932 et
310 3869 438 3930 deforme
462 3869 498 3930 de
522 3870 686 3942 tactilibus,
720 3868 916 3945 gustabilibus
940 3868 988 3927 vei
1011 3865 1211 3927 adorabilibus
1234 3883 1320 3928 nemo
1344 3869 1525 3943 annuciabit,
1554 3869 1607 3931 ιιιι

257 3959 293 4019 de
325 3959 394 4018 solis
423 3958 591 4018 visibilibus
622 3965 650 4017 et
678 3956 871 4030 audibilibus,
902 3964 933 4014 ut
963 3954 1117 4016 deforma
1149 3953 1324 4027 valascia,
1357 3964 1409 4016 aut
1432 3971 1546 4016 rursum
1568 3957 1606 4018 de

257 4045 434 4108 coelestibus
456 4045 635 4105 motionibus
658 4043 867 4104 authemonis
890 4037 1158 4120 auctoritatum).
1203 4041 1276 4102 lude
1299 4048 1352 4114 est,
1377 4042 1457 4122 quod
1479 4044 1535 4103 soli
1558 4046 1607 4106 isti

258 4135 315 4192 duo
338 4151 442 4196 seusus
464 4149 519 4193 uec
541 4150 610 4192 snas
633 4130 751 4191 madunt
774 4149 894 4209 operas,
923 4147 982 4190 una
1007 4129 1128 4188 alteriue
1156 4126 1251 4189 vicem
1283 4131 1312 4187 in
1336 4130 1605 4208 comprehensioni-

258 4223 312 4280 bus
334 4221 570 4280 administrantes
599 4221 694 4290 varie‚
725 4221 839 4278 animae
867 4217 1007 4278 facultate
1033 4216 1171 4276 rationali
1193 4233 1281 4291 nsas3
1312 4219 1420 4295 quippe
1450 4234 1607 4293 germanae

259 4307 473 4386 quodammodo
497 4323 610 4368 sorores
633 4307 764 4366 edoctae.
810 4305 894 4380 Quae
910 4307 987 4365 enirn
1008 4302 1192 4364 solummodo
1210 4302 1339 4363 visibilia
1354 4313 1430 4376 ιιιιι,
1454 4305 1506 4364 iiia
1520 4306 1606 4366 andi·

258 4407 304 4454 tus
337 4395 534 4454 mediantibus
567 4391 749 4453 sermonibus
781 4392 903 4465 indicat,
938 4405 1014 4469 quae
1044 4407 1113 4450 vero
1142 4389 1326 4451 solummodo
1356 4400 1423 4451 sunt
1454 4393 1605 4471 audibilia,

259 4485 378 4542 nunciat
399 4484 481 4542 visus
504 4481 699 4553 mediantibus
729 4483 887 4564 scripturis.
933 4479 1039 4555 Fitque
1069 4477 1167 4537 multis
1189 4477 1300 4553 modis,
1333 4488 1365 4538 ut
1387 4480 1526 4558 majorem
1550 4482 1606 4544 ba·

259 4571 348 4629 beant
371 4569 547 4630 evidentiam
569 4570 644 4630 haee
666 4569 781 4628 iliorum
804 4565 896 4628 veluti
920 4569 1029 4626 vicaria
1051 4565 1164 4638 munia,
1195 4583 1283 4642 quam
1310 4569 1334 4626 si
1357 4569 1464 4645 singuli
1493 4577 1607 4632 tantum

264 4658 445 4734 propriorum
468 4673 586 4716 suorum
608 4657 789 4733 objectorum
813 4656 986 4714 internuncii
1009 4655 1173 4721 existerent
1219 4649 1260 4714 Ut
1281 4670 1347 4713 cunr
1370 4673 1420 4730 aa,
1444 4675 1520 4734 quaa
1542 4659 1607 4718 sola

261 4747 391 4805 oratione
415 4742 489 4804 tradi
504 4753 635 4820 possunt,
658 4761 710 4824 per
731 4747 860 4820 picturas
883 4751 911 4804 et
933 4744 1019 4820 signa
1041 4740 1205 4803 efficiuntur
1228 4740 1379 4806 intellectu
1401 4752 1605 4811 stmamoratu
