<?xml version="1.0" encoding="UTF-8"?>
<!DOCTYPE html PUBLIC "-//W3C//DTD XHTML 1.0 Transitional//EN"
    "http://www.w3.org/TR/xhtml1/DTD/xhtml1-transitional.dtd">
<html xmlns="http://www.w3.org/1999/xhtml" xml:lang="en" lang="en">
 <head>
  <title>
</title>
<meta http-equiv="Content-Type" content="text/html;charset=utf-8" />
  <meta name='ocr-system' content='tesseract 3.04.00' />
  <meta name='ocr-capabilities' content='ocr_page ocr_carea ocr_par ocr_line ocrx_word'/>
</head>
<body>
  <div class='ocr_page' id='page_1' title='image "./joanniskepleria26frisgoog_0381.png"; bbox 0 0 3698 5534; ppageno 0'>
   <div class='ocr_carea' id='block_1_1' title="bbox 286 328 1116 424">
    <p class='ocr_par' dir='ltr' id='par_1_1' title="bbox 286 328 1116 424">
     <span class='ocr_line' id='line_1_1' title="bbox 286 328 1116 424; baseline -0.008 -2"><span class='ocrx_word' id='word_1_1' title='bbox 286 363 349 424; x_wconf 85' lang='lat' dir='ltr'>ess</span> <span class='ocrx_word' id='word_1_2' title='bbox 398 328 401 341; x_wconf 22' lang='grc' dir='ltr'><strong><em>Δ</em></strong></span> <span class='ocrx_word' id='word_1_3' title='bbox 541 357 544 366; x_wconf 87' lang='grc'><em>·</em></span> <span class='ocrx_word' id='word_1_4' title='bbox 801 358 950 417; x_wconf 81' lang='lat' dir='ltr'>Ptolemaei</span> <span class='ocrx_word' id='word_1_5' title='bbox 963 359 1116 416; x_wconf 76' lang='lat' dir='ltr'>numana.</span> 
     </span>
    </p>
   </div>
   <div class='ocr_carea' id='block_1_2' title="bbox 212 530 1641 1155">
    <p class='ocr_par' dir='ltr' id='par_1_2' title="bbox 212 530 1641 1155">
     <span class='ocr_line' id='line_1_2' title="bbox 286 530 1638 606; baseline 0.001 -20"><span class='ocrx_word' id='word_1_6' title='bbox 286 530 422 599; x_wconf 64' lang='lat' dir='ltr'>marus,</span> <span class='ocrx_word' id='word_1_7' title='bbox 449 539 578 604; x_wconf 81' lang='lat' dir='ltr'>tanquam</span> <span class='ocrx_word' id='word_1_8' title='bbox 598 534 642 603; x_wconf 92' lang='lat' dir='ltr'>id,</span> <span class='ocrx_word' id='word_1_9' title='bbox 669 533 743 602; x_wconf 86' lang='lat' dir='ltr'>quud</span> <span class='ocrx_word' id='word_1_10' title='bbox 770 535 807 590; x_wconf 84' lang='lat' dir='ltr'>sit</span> <span class='ocrx_word' id='word_1_11' title='bbox 832 542 911 592; x_wconf 84' lang='lat' dir='ltr'>etrtra</span> <span class='ocrx_word' id='word_1_12' title='bbox 937 535 1166 606; x_wconf 80' lang='lat' dir='ltr'>controversiam,</span> <span class='ocrx_word' id='word_1_13' title='bbox 1198 549 1250 590; x_wconf 87' lang='lat' dir='ltr'>neo</span> <span class='ocrx_word' id='word_1_14' title='bbox 1277 533 1329 588; x_wconf 92' lang='lat' dir='ltr'>hoc</span> <span class='ocrx_word' id='word_1_15' title='bbox 1355 532 1417 588; x_wconf 91' lang='lat' dir='ltr'>loco</span> <span class='ocrx_word' id='word_1_16' title='bbox 1445 533 1638 603; x_wconf 84' lang='lat' dir='ltr'>quaerendum.</span> 
     </span>
     <span class='ocr_line' id='line_1_3' title="bbox 288 607 1640 684; baseline 0 -18"><span class='ocrx_word' id='word_1_17' title='bbox 288 607 401 680; x_wconf 76' lang='lat' dir='ltr'>Quaerit</span> <span class='ocrx_word' id='word_1_18' title='bbox 417 612 516 682; x_wconf 88' lang='lat' dir='ltr'>igitur,</span> <span class='ocrx_word' id='word_1_19' title='bbox 545 613 610 681; x_wconf 86' lang='lat' dir='ltr'>qaid</span> <span class='ocrx_word' id='word_1_20' title='bbox 629 613 665 668; x_wconf 91' lang='lat' dir='ltr'>sit</span> <span class='ocrx_word' id='word_1_21' title='bbox 682 609 839 669; x_wconf 78' lang='lat' dir='ltr'>harmonica</span> <span class='ocrx_word' id='word_1_22' title='bbox 856 614 974 672; x_wconf 83' lang='lat' dir='ltr'>iacultas</span> <span class='ocrx_word' id='word_1_23' title='bbox 992 617 1076 671; x_wconf 85' lang='lat' dir='ltr'>rebus</span> <span class='ocrx_word' id='word_1_24' title='bbox 1095 615 1168 684; x_wconf 86' lang='lat' dir='ltr'>aliis,</span> <span class='ocrx_word' id='word_1_25' title='bbox 1194 629 1212 668; x_wconf 87' lang='lat' dir='ltr'>a</span> <span class='ocrx_word' id='word_1_26' title='bbox 1230 629 1260 670; x_wconf 88' lang='lat' dir='ltr'>ae</span> <span class='ocrx_word' id='word_1_27' title='bbox 1277 613 1383 668; x_wconf 86' lang='lat' dir='ltr'>ratione</span> <span class='ocrx_word' id='word_1_28' title='bbox 1401 613 1550 682; x_wconf 87' lang='lat' dir='ltr'>distinctis,</span> <span class='ocrx_word' id='word_1_29' title='bbox 1568 614 1640 668; x_wconf 84' lang='lat' dir='ltr'>sitne</span> 
     </span>
     <span class='ocr_line' id='line_1_4' title="bbox 286 689 1640 762; baseline 0.004 -17"><span class='ocrx_word' id='word_1_30' title='bbox 286 689 408 758; x_wconf 85' lang='lat' dir='ltr'>ipsarum</span> <span class='ocrx_word' id='word_1_31' title='bbox 430 691 557 759; x_wconf 84' lang='lat' dir='ltr'>materia,</span> <span class='ocrx_word' id='word_1_32' title='bbox 585 708 620 746; x_wconf 86' lang='lat' dir='ltr'>an</span> <span class='ocrx_word' id='word_1_33' title='bbox 641 692 761 760; x_wconf 85' lang='lat' dir='ltr'>ipsarum</span> <span class='ocrx_word' id='word_1_34' title='bbox 785 693 907 749; x_wconf 84' lang='lat' dir='ltr'>alliciens</span> <span class='ocrx_word' id='word_1_35' title='bbox 931 709 964 748; x_wconf 83' lang='lat' dir='ltr'>aa</span> <span class='ocrx_word' id='word_1_36' title='bbox 984 695 1067 749; x_wconf 77' lang='lat' dir='ltr'>finis?</span> <span class='ocrx_word' id='word_1_37' title='bbox 1104 695 1194 762; x_wconf 81' lang='lat' dir='ltr'>Negat</span> <span class='ocrx_word' id='word_1_38' title='bbox 1214 691 1289 748; x_wconf 90' lang='lat' dir='ltr'>illam</span> <span class='ocrx_word' id='word_1_39' title='bbox 1309 705 1369 746; x_wconf 88' lang='lat' dir='ltr'>esse</span> <span class='ocrx_word' id='word_1_40' title='bbox 1387 693 1468 746; x_wconf 89' lang='lat' dir='ltr'>rebus</span> <span class='ocrx_word' id='word_1_41' title='bbox 1486 693 1640 750; x_wconf 76' lang='lat' dir='ltr'>materiumt</span> 
     </span>
     <span class='ocr_line' id='line_1_5' title="bbox 287 770 1641 843; baseline 0 -19"><span class='ocrx_word' id='word_1_42' title='bbox 287 770 359 824; x_wconf 86' lang='lat' dir='ltr'>ratio</span> <span class='ocrx_word' id='word_1_43' title='bbox 377 771 437 838; x_wconf 87' lang='lat' dir='ltr'>ejus</span> <span class='ocrx_word' id='word_1_44' title='bbox 455 777 516 838; x_wconf 86' lang='lat' dir='ltr'>est,</span> <span class='ocrx_word' id='word_1_45' title='bbox 543 771 643 826; x_wconf 85' lang='lat' dir='ltr'>hahere</span> <span class='ocrx_word' id='word_1_46' title='bbox 661 772 752 839; x_wconf 89' lang='lat' dir='ltr'>potius</span> <span class='ocrx_word' id='word_1_47' title='bbox 771 772 877 840; x_wconf 83' lang='lat' dir='ltr'>agentis</span> <span class='ocrx_word' id='word_1_48' title='bbox 904 778 1039 830; x_wconf 78' lang='lat' dir='ltr'>naturam&#39;</span> <span class='ocrx_word' id='word_1_49' title='bbox 1057 789 1137 843; x_wconf 85' lang='lat' dir='ltr'>quam</span> <span class='ocrx_word' id='word_1_50' title='bbox 1157 772 1303 842; x_wconf 79' lang='lat' dir='ltr'>&#39;patientia</span> <span class='ocrx_word' id='word_1_51' title='bbox 1341 772 1411 825; x_wconf 89' lang='lat' dir='ltr'>Dum</span> <span class='ocrx_word' id='word_1_52' title='bbox 1431 773 1501 826; x_wconf 84' lang='lat' dir='ltr'>roim</span> <span class='ocrx_word' id='word_1_53' title='bbox 1519 770 1641 840; x_wconf 87' lang='lat' dir='ltr'>appellat</span> 
     </span>
     <span class='ocr_line' id='line_1_6' title="bbox 212 847 1641 924; baseline 0 -20"><span class='ocrx_word' id='word_1_54' title='bbox 212 863 217 883; x_wconf 79' lang='lat'>¹</span> <span class='ocrx_word' id='word_1_55' title='bbox 288 847 362 904; x_wconf 88' lang='lat' dir='ltr'>illam</span> <span class='ocrx_word' id='word_1_56' title='bbox 380 855 496 919; x_wconf 67' lang='lat' dir='ltr'>duamur,</span> <span class='ocrx_word' id='word_1_57' title='bbox 525 855 653 918; x_wconf 87' lang='lat' dir='ltr'>respectu</span> <span class='ocrx_word' id='word_1_58' title='bbox 669 849 783 919; x_wconf 76' lang='lat' dir='ltr'>alicnjus</span> <span class='ocrx_word' id='word_1_59' title='bbox 800 853 931 920; x_wconf 72' lang='grc' dir='ltr'>ινιργιιας</span> <span class='ocrx_word' id='word_1_60' title='bbox 949 851 1024 908; x_wconf 87' lang='lat' dir='ltr'>illam</span> <span class='ocrx_word' id='word_1_61' title='bbox 1043 854 1082 909; x_wconf 88' lang='lat' dir='ltr'>sic</span> <span class='ocrx_word' id='word_1_62' title='bbox 1101 851 1233 924; x_wconf 86' lang='lat' dir='ltr'>appellat.</span> <span class='ocrx_word' id='word_1_63' title='bbox 1270 850 1400 906; x_wconf 85' lang='lat' dir='ltr'>liscultas</span> <span class='ocrx_word' id='word_1_64' title='bbox 1419 851 1489 904; x_wconf 91' lang='lat' dir='ltr'>enim</span> <span class='ocrx_word' id='word_1_65' title='bbox 1508 850 1542 904; x_wconf 91' lang='lat' dir='ltr'>ad</span> <span class='ocrx_word' id='word_1_66' title='bbox 1561 849 1641 904; x_wconf 87' lang='lat' dir='ltr'>eh&#39;eo·</span> 
     </span>
     <span class='ocr_line' id='line_1_7' title="bbox 287 928 1641 1002; baseline -0.001 -19"><span class='ocrx_word' id='word_1_67' title='bbox 287 935 347 984; x_wconf 82' lang='lat' dir='ltr'>tuan</span> <span class='ocrx_word' id='word_1_68' title='bbox 364 929 494 996; x_wconf 85' lang='lat' dir='ltr'>refertur,</span> <span class='ocrx_word' id='word_1_69' title='bbox 520 930 644 1000; x_wconf 81' lang='lat' dir='ltr'>potentia</span> <span class='ocrx_word' id='word_1_70' title='bbox 660 928 695 984; x_wconf 86' lang='lat' dir='ltr'>ad</span> <span class='ocrx_word' id='word_1_71' title='bbox 714 937 813 986; x_wconf 88' lang='lat' dir='ltr'>actum.</span> <span class='ocrx_word' id='word_1_72' title='bbox 849 931 979 988; x_wconf 79' lang='lat' dir='ltr'>Facultas</span> <span class='ocrx_word' id='word_1_73' title='bbox 997 933 1082 1002; x_wconf 89' lang='lat' dir='ltr'>igitur</span> <span class='ocrx_word' id='word_1_74' title='bbox 1099 933 1257 988; x_wconf 83' lang='lat' dir='ltr'>harmonica</span> <span class='ocrx_word' id='word_1_75' title='bbox 1275 947 1329 986; x_wconf 91' lang='lat' dir='ltr'>non</span> <span class='ocrx_word' id='word_1_76' title='bbox 1348 931 1419 985; x_wconf 86' lang='lat' dir='ltr'>inest</span> <span class='ocrx_word' id='word_1_77' title='bbox 1437 929 1507 994; x_wconf 80' lang='lat' dir='ltr'>adri,</span> <span class='ocrx_word' id='word_1_78' title='bbox 1532 945 1566 985; x_wconf 92' lang='lat' dir='ltr'>ex</span> <span class='ocrx_word' id='word_1_79' title='bbox 1586 943 1641 998; x_wconf 90' lang='lat' dir='ltr'>quo</span> 
     </span>
     <span class='ocr_line' id='line_1_8' title="bbox 288 1009 1641 1082; baseline 0 -20"><span class='ocrx_word' id='word_1_80' title='bbox 288 1015 353 1063; x_wconf 87' lang='lat' dir='ltr'>sunt</span> <span class='ocrx_word' id='word_1_81' title='bbox 371 1023 450 1062; x_wconf 80' lang='lat' dir='ltr'>voces</span> <span class='ocrx_word' id='word_1_82' title='bbox 468 1015 657 1078; x_wconf 83' lang='lat' dir='ltr'>consonantes,</span> <span class='ocrx_word' id='word_1_83' title='bbox 676 1023 731 1064; x_wconf 91' lang='lat' dir='ltr'>non</span> <span class='ocrx_word' id='word_1_84' title='bbox 749 1010 776 1064; x_wconf 90' lang='lat' dir='ltr'>iu</span> <span class='ocrx_word' id='word_1_85' title='bbox 795 1019 871 1067; x_wconf 91' lang='lat' dir='ltr'>motu</span> <span class='ocrx_word' id='word_1_86' title='bbox 891 1013 971 1082; x_wconf 67' lang='lat' dir='ltr'>serm,</span> <span class='ocrx_word' id='word_1_87' title='bbox 989 1014 1043 1069; x_wconf 90' lang='lat' dir='ltr'>hoc</span> <span class='ocrx_word' id='word_1_88' title='bbox 1055 1020 1099 1068; x_wconf 89' lang='lat' dir='ltr'>est</span> <span class='ocrx_word' id='word_1_89' title='bbox 1117 1014 1144 1069; x_wconf 92' lang='lat' dir='ltr'>in</span> <span class='ocrx_word' id='word_1_90' title='bbox 1158 1011 1240 1081; x_wconf 87' lang='lat' dir='ltr'>sonis,</span> <span class='ocrx_word' id='word_1_91' title='bbox 1260 1010 1307 1066; x_wconf 86' lang='lat' dir='ltr'>sed</span> <span class='ocrx_word' id='word_1_92' title='bbox 1326 1010 1397 1065; x_wconf 82' lang='lat' dir='ltr'>inest</span> <span class='ocrx_word' id='word_1_93' title='bbox 1415 1009 1442 1063; x_wconf 88' lang='lat' dir='ltr'>in</span> <span class='ocrx_word' id='word_1_94' title='bbox 1461 1010 1550 1064; x_wconf 88' lang='lat' dir='ltr'>anima</span> <span class='ocrx_word' id='word_1_95' title='bbox 1568 1023 1641 1064; x_wconf 88' lang='lat' dir='ltr'>com·</span> 
     </span>
     <span class='ocr_line' id='line_1_9' title="bbox 288 1086 946 1155; baseline 0.009 -15"><span class='ocrx_word' id='word_1_96' title='bbox 288 1093 403 1154; x_wconf 86' lang='lat' dir='ltr'>parante</span> <span class='ocrx_word' id='word_1_97' title='bbox 420 1100 517 1141; x_wconf 88' lang='lat' dir='ltr'>sonos:</span> <span class='ocrx_word' id='word_1_98' title='bbox 537 1086 704 1155; x_wconf 86' lang='lat' dir='ltr'>comparatio</span> <span class='ocrx_word' id='word_1_99' title='bbox 722 1103 787 1144; x_wconf 84' lang='lat' dir='ltr'>vero</span> <span class='ocrx_word' id='word_1_100' title='bbox 806 1097 849 1145; x_wconf 89' lang='lat' dir='ltr'>est</span> <span class='ocrx_word' id='word_1_101' title='bbox 866 1091 946 1147; x_wconf 84' lang='lat' dir='ltr'>actio.</span> 
     </span>
    </p>
   </div>
   <div class='ocr_carea' id='block_1_3' title="bbox 286 1178 1687 1963">
    <p class='ocr_par' dir='ltr' id='par_1_3' title="bbox 288 1178 1643 1727">
     <span class='ocr_line' id='line_1_10' title="bbox 354 1178 1642 1258; baseline 0.002 -22"><span class='ocrx_word' id='word_1_102' title='bbox 354 1178 448 1236; x_wconf 78' lang='lat' dir='ltr'>‘Nota</span> <span class='ocrx_word' id='word_1_103' title='bbox 466 1182 513 1238; x_wconf 86' lang='lat' dir='ltr'>Ill.</span> <span class='ocrx_word' id='word_1_104' title='bbox 549 1183 640 1251; x_wconf 82' lang='lat' dir='ltr'>Negat</span> <span class='ocrx_word' id='word_1_105' title='bbox 658 1181 815 1240; x_wconf 79' lang='lat' dir='ltr'>facultatem</span> <span class='ocrx_word' id='word_1_106' title='bbox 835 1187 905 1242; x_wconf 88' lang='lat' dir='ltr'>hanc</span> <span class='ocrx_word' id='word_1_107' title='bbox 924 1203 985 1243; x_wconf 87' lang='lat' dir='ltr'>esse</span> <span class='ocrx_word' id='word_1_108' title='bbox 1002 1187 1101 1258; x_wconf 86' lang='lat' dir='ltr'>finem,</span> <span class='ocrx_word' id='word_1_109' title='bbox 1130 1185 1209 1256; x_wconf 90' lang='lat' dir='ltr'>cujus</span> <span class='ocrx_word' id='word_1_110' title='bbox 1229 1199 1312 1256; x_wconf 83' lang='lat' dir='ltr'>causa</span> <span class='ocrx_word' id='word_1_111' title='bbox 1331 1183 1385 1238; x_wconf 92' lang='lat' dir='ltr'>sint</span> <span class='ocrx_word' id='word_1_112' title='bbox 1403 1197 1446 1237; x_wconf 90' lang='lat' dir='ltr'>res</span> <span class='ocrx_word' id='word_1_113' title='bbox 1462 1180 1543 1250; x_wconf 90' lang='lat' dir='ltr'>illae,</span> <span class='ocrx_word' id='word_1_114' title='bbox 1571 1197 1642 1252; x_wconf 88' lang='lat' dir='ltr'>quae</span> 
     </span>
     <span class='ocr_line' id='line_1_11' title="bbox 288 1261 1642 1336; baseline 0 -22"><span class='ocrx_word' id='word_1_115' title='bbox 288 1261 459 1316; x_wconf 84' lang='lat' dir='ltr'>constituunt</span> <span class='ocrx_word' id='word_1_116' title='bbox 485 1262 676 1331; x_wconf 79' lang='lat' dir='ltr'>proportiones</span> <span class='ocrx_word' id='word_1_117' title='bbox 703 1262 888 1320; x_wconf 78' lang='lat' dir='ltr'>harmonicas:</span> <span class='ocrx_word' id='word_1_118' title='bbox 918 1267 1006 1336; x_wconf 90' lang='lat' dir='ltr'>ipsam</span> <span class='ocrx_word' id='word_1_119' title='bbox 1024 1265 1095 1321; x_wconf 86' lang='lat' dir='ltr'>euim</span> <span class='ocrx_word' id='word_1_120' title='bbox 1113 1264 1225 1321; x_wconf 83' lang='lat' dir='ltr'>tendere</span> <span class='ocrx_word' id='word_1_121' title='bbox 1252 1264 1344 1331; x_wconf 83' lang='lat' dir='ltr'>potius</span> <span class='ocrx_word' id='word_1_122' title='bbox 1364 1261 1398 1316; x_wconf 90' lang='lat' dir='ltr'>ad</span> <span class='ocrx_word' id='word_1_123' title='bbox 1417 1261 1500 1317; x_wconf 87' lang='lat' dir='ltr'>tinem</span> <span class='ocrx_word' id='word_1_124' title='bbox 1518 1262 1642 1330; x_wconf 83' lang='lat' dir='ltr'>adeoque</span> 
     </span>
     <span class='ocr_line' id='line_1_12' title="bbox 288 1336 1641 1410; baseline 0.001 -17"><span class='ocrx_word' id='word_1_125' title='bbox 288 1336 405 1408; x_wconf 85' lang='lat' dir='ltr'>dirigere</span> <span class='ocrx_word' id='word_1_126' title='bbox 423 1355 474 1394; x_wconf 87' lang='lat' dir='ltr'>sua</span> <span class='ocrx_word' id='word_1_127' title='bbox 492 1339 616 1410; x_wconf 86' lang='lat' dir='ltr'>subjecta</span> <span class='ocrx_word' id='word_1_128' title='bbox 642 1340 756 1396; x_wconf 85' lang='lat' dir='ltr'>ulterius</span> <span class='ocrx_word' id='word_1_129' title='bbox 784 1343 819 1398; x_wconf 90' lang='lat' dir='ltr'>ad</span> <span class='ocrx_word' id='word_1_130' title='bbox 837 1343 918 1399; x_wconf 83' lang='lat' dir='ltr'>tinent</span> <span class='ocrx_word' id='word_1_131' title='bbox 938 1345 1028 1398; x_wconf 86' lang='lat' dir='ltr'>alium.</span> <span class='ocrx_word' id='word_1_132' title='bbox 1066 1343 1141 1398; x_wconf 87' lang='lat' dir='ltr'>llaec</span> <span class='ocrx_word' id='word_1_133' title='bbox 1165 1344 1280 1398; x_wconf 81' lang='lat' dir='ltr'>assertio</span> <span class='ocrx_word' id='word_1_134' title='bbox 1300 1342 1496 1398; x_wconf 67' lang='lat' dir='ltr'>dubitationem</span> <span class='ocrx_word' id='word_1_135' title='bbox 1514 1340 1596 1395; x_wconf 91' lang='lat' dir='ltr'>habet</span> <span class='ocrx_word' id='word_1_136' title='bbox 1614 1341 1641 1395; x_wconf 93' lang='lat' dir='ltr'>in</span> 
     </span>
     <span class='ocr_line' id='line_1_13' title="bbox 288 1417 1642 1491; baseline -0.001 -19"><span class='ocrx_word' id='word_1_137' title='bbox 288 1417 350 1490; x_wconf 82' lang='lat' dir='ltr'>hoc,</span> <span class='ocrx_word' id='word_1_138' title='bbox 369 1418 442 1486; x_wconf 89' lang='lat' dir='ltr'>quod</span> <span class='ocrx_word' id='word_1_139' title='bbox 461 1435 522 1474; x_wconf 87' lang='lat' dir='ltr'>cum</span> <span class='ocrx_word' id='word_1_140' title='bbox 541 1420 574 1474; x_wconf 88' lang='lat' dir='ltr'>de</span> <span class='ocrx_word' id='word_1_141' title='bbox 592 1418 724 1476; x_wconf 73' lang='lat' dir='ltr'>facultate</span> <span class='ocrx_word' id='word_1_142' title='bbox 742 1421 871 1491; x_wconf 88' lang='lat' dir='ltr'>loquutur</span> <span class='ocrx_word' id='word_1_143' title='bbox 889 1423 1024 1478; x_wconf 83' lang='lat' dir='ltr'>efficiendi</span> <span class='ocrx_word' id='word_1_144' title='bbox 1043 1421 1147 1491; x_wconf 86' lang='lat' dir='ltr'>aliquid</span> <span class='ocrx_word' id='word_1_145' title='bbox 1161 1421 1310 1478; x_wconf 87' lang='lat' dir='ltr'>secundum</span> <span class='ocrx_word' id='word_1_146' title='bbox 1328 1421 1483 1476; x_wconf 82' lang='lat' dir='ltr'>hannoniae</span> <span class='ocrx_word' id='word_1_147' title='bbox 1502 1428 1572 1481; x_wconf 85' lang='lat' dir='ltr'>(oum</span> <span class='ocrx_word' id='word_1_148' title='bbox 1592 1432 1642 1490; x_wconf 91' lang='lat' dir='ltr'>pro</span> 
     </span>
     <span class='ocr_line' id='line_1_14' title="bbox 291 1495 1643 1569; baseline 0.001 -19"><span class='ocrx_word' id='word_1_149' title='bbox 291 1495 498 1561; x_wconf 78' lang='lat' dir='ltr'>¹‹harmonia›</span> <span class='ocrx_word' id='word_1_150' title='bbox 526 1499 669 1568; x_wconf 89' lang='lat' dir='ltr'>legendum</span> <span class='ocrx_word' id='word_1_151' title='bbox 688 1507 730 1554; x_wconf 87' lang='lat' dir='ltr'>est</span> <span class='ocrx_word' id='word_1_152' title='bbox 750 1499 985 1556; x_wconf 81' lang='lat' dir='ltr'>«harmonica»</span> <span class='ocrx_word' id='word_1_153' title='bbox 1016 1501 1190 1569; x_wconf 75' lang='lat' dir='ltr'>subintellige</span> <span class='ocrx_word' id='word_1_154' title='bbox 1220 1499 1448 1568; x_wconf 61' lang='lat' dir='ltr'>riacult&#39;atctl,</span> <span class='ocrx_word' id='word_1_155' title='bbox 1476 1499 1551 1554; x_wconf 83' lang='lat' dir='ltr'>Deus</span> <span class='ocrx_word' id='word_1_156' title='bbox 1569 1505 1643 1552; x_wconf 88' lang='lat' dir='ltr'>certe</span> 
     </span>
     <span class='ocr_line' id='line_1_15' title="bbox 290 1575 1643 1650; baseline 0.001 -20"><span class='ocrx_word' id='word_1_157' title='bbox 290 1575 349 1631; x_wconf 85' lang='lat' dir='ltr'>loos</span> <span class='ocrx_word' id='word_1_158' title='bbox 368 1583 412 1632; x_wconf 87' lang='lat' dir='ltr'>est</span> <span class='ocrx_word' id='word_1_159' title='bbox 428 1577 502 1633; x_wconf 84' lang='lat' dir='ltr'>illius</span> <span class='ocrx_word' id='word_1_160' title='bbox 519 1579 633 1650; x_wconf 87' lang='lat' dir='ltr'>ipsaque</span> <span class='ocrx_word' id='word_1_161' title='bbox 651 1579 720 1633; x_wconf 84' lang='lat' dir='ltr'>adeo</span> <span class='ocrx_word' id='word_1_162' title='bbox 738 1579 799 1648; x_wconf 88' lang='lat' dir='ltr'>illa,</span> <span class='ocrx_word' id='word_1_163' title='bbox 825 1588 856 1644; x_wconf 86' lang='lat' dir='ltr'>et</span> <span class='ocrx_word' id='word_1_164' title='bbox 876 1581 950 1636; x_wconf 84' lang='lat' dir='ltr'>Deus</span> <span class='ocrx_word' id='word_1_165' title='bbox 969 1581 1059 1637; x_wconf 91' lang='lat' dir='ltr'>omnia</span> <span class='ocrx_word' id='word_1_166' title='bbox 1075 1579 1216 1636; x_wconf 77' lang='lat' dir='ltr'>exornavit</span> <span class='ocrx_word' id='word_1_167' title='bbox 1233 1585 1346 1650; x_wconf 89' lang='lat' dir='ltr'>propter</span> <span class='ocrx_word' id='word_1_168' title='bbox 1364 1593 1394 1636; x_wconf 89' lang='lat' dir='ltr'>se</span> <span class='ocrx_word' id='word_1_169' title='bbox 1412 1577 1501 1649; x_wconf 86' lang='lat' dir='ltr'>ipsum</span> <span class='ocrx_word' id='word_1_170' title='bbox 1520 1587 1643 1648; x_wconf 86' lang='lat' dir='ltr'>propter·</span> 
     </span>
     <span class='ocr_line' id='line_1_16' title="bbox 289 1657 688 1727; baseline 0.003 -18"><span class='ocrx_word' id='word_1_171' title='bbox 289 1671 343 1724; x_wconf 84' lang='lat' dir='ltr'>que</span> <span class='ocrx_word' id='word_1_172' title='bbox 354 1671 438 1711; x_wconf 88' lang='lat' dir='ltr'>suam</span> <span class='ocrx_word' id='word_1_173' title='bbox 455 1657 688 1727; x_wconf 78' lang='lat' dir='ltr'>complacentiam.</span> 
     </span>
    </p>

    <p class='ocr_par' dir='ltr' id='par_1_4' title="bbox 286 1733 1687 1963">
     <span class='ocr_line' id='line_1_17' title="bbox 286 1733 1657 1806; baseline 0.003 -20"><span class='ocrx_word' id='word_1_174' title='bbox 286 1781 289 1786; x_wconf 92' lang='lat'>.</span> <span class='ocrx_word' id='word_1_175' title='bbox 376 1734 450 1804; x_wconf 80' lang='lat' dir='ltr'>Ergo</span> <span class='ocrx_word' id='word_1_176' title='bbox 478 1741 589 1791; x_wconf 87' lang='lat' dir='ltr'>umatus</span> <span class='ocrx_word' id='word_1_177' title='bbox 614 1751 705 1790; x_wconf 88' lang='lat' dir='ltr'>rerum</span> <span class='ocrx_word' id='word_1_178' title='bbox 739 1742 781 1791; x_wconf 89' lang='lat' dir='ltr'>cst</span> <span class='ocrx_word' id='word_1_179' title='bbox 808 1745 922 1806; x_wconf 87' lang='lat' dir='ltr'>propter</span> <span class='ocrx_word' id='word_1_180' title='bbox 948 1737 1025 1792; x_wconf 89' lang='lat' dir='ltr'>illum</span> <span class='ocrx_word' id='word_1_181' title='bbox 1051 1735 1306 1806; x_wconf 85' lang='lat' dir='ltr'>superbenedictum</span> <span class='ocrx_word' id='word_1_182' title='bbox 1335 1733 1505 1802; x_wconf 78' lang='lat' dir='ltr'>hermoclea,</span> <span class='ocrx_word' id='word_1_183' title='bbox 1531 1735 1657 1806; x_wconf 79' lang='lat' dir='ltr'>ipseque¹</span> 
     </span>
     <span class='ocr_line' id='line_1_18' title="bbox 287 1812 1687 1886; baseline 0.001 -18"><span class='ocrx_word' id='word_1_184' title='bbox 287 1813 371 1868; x_wconf 84' lang='lat' dir='ltr'>rebus</span> <span class='ocrx_word' id='word_1_185' title='bbox 389 1814 470 1868; x_wconf 88' lang='lat' dir='ltr'>etiam</span> <span class='ocrx_word' id='word_1_186' title='bbox 488 1812 550 1868; x_wconf 87' lang='lat' dir='ltr'>fluis</span> <span class='ocrx_word' id='word_1_187' title='bbox 568 1819 618 1882; x_wconf 86' lang='lat' dir='ltr'>est,</span> <span class='ocrx_word' id='word_1_188' title='bbox 637 1813 715 1883; x_wconf 87' lang='lat' dir='ltr'>cujus</span> <span class='ocrx_word' id='word_1_189' title='bbox 732 1813 796 1869; x_wconf 88' lang='lat' dir='ltr'>illae</span> <span class='ocrx_word' id='word_1_190' title='bbox 815 1831 898 1872; x_wconf 85' lang='lat' dir='ltr'>causa</span> <span class='ocrx_word' id='word_1_191' title='bbox 917 1821 981 1871; x_wconf 88' lang='lat' dir='ltr'>suut</span> <span class='ocrx_word' id='word_1_192' title='bbox 998 1816 1101 1881; x_wconf 82' lang='lat' dir='ltr'>lactae3</span> <span class='ocrx_word' id='word_1_193' title='bbox 1121 1813 1200 1870; x_wconf 89' lang='lat' dir='ltr'>nimis</span> <span class='ocrx_word' id='word_1_194' title='bbox 1214 1815 1297 1886; x_wconf 91' lang='lat' dir='ltr'>igitur</span> <span class='ocrx_word' id='word_1_195' title='bbox 1315 1815 1449 1884; x_wconf 89' lang='lat' dir='ltr'>generalis</span> <span class='ocrx_word' id='word_1_196' title='bbox 1469 1823 1512 1872; x_wconf 87' lang='lat' dir='ltr'>est</span> <span class='ocrx_word' id='word_1_197' title='bbox 1529 1815 1644 1870; x_wconf 74' lang='lat' dir='ltr'>asserdo</span> <span class='ocrx_word' id='word_1_198' title='bbox 1681 1847 1687 1862; x_wconf 85' lang='lat'><strong>·</strong></span> 
     </span>
     <span class='ocr_line' id='line_1_19' title="bbox 288 1891 911 1963; baseline 0.002 -16"><span class='ocrx_word' id='word_1_199' title='bbox 288 1891 446 1962; x_wconf 84' lang='lat' dir='ltr'>Ptolemaei,</span> <span class='ocrx_word' id='word_1_200' title='bbox 465 1900 586 1962; x_wconf 83' lang='lat' dir='ltr'>atquae</span> <span class='ocrx_word' id='word_1_201' title='bbox 605 1893 656 1948; x_wconf 93' lang='lat' dir='ltr'>hoc</span> <span class='ocrx_word' id='word_1_202' title='bbox 675 1908 777 1963; x_wconf 87' lang='lat' dir='ltr'>negare</span> <span class='ocrx_word' id='word_1_203' title='bbox 794 1893 911 1949; x_wconf 84' lang='lat' dir='ltr'>ridetur.</span> 
     </span>
    </p>
   </div>
   <div class='ocr_carea' id='block_1_4' title="bbox 234 1988 1646 2536">
    <p class='ocr_par' dir='ltr' id='par_1_5' title="bbox 234 1988 1646 2536">
     <span class='ocr_line' id='line_1_20' title="bbox 374 1988 1644 2062; baseline 0.004 -19"><span class='ocrx_word' id='word_1_204' title='bbox 374 1988 446 2043; x_wconf 83' lang='lat' dir='ltr'>Nota</span> <span class='ocrx_word' id='word_1_205' title='bbox 464 1989 498 2045; x_wconf 86' lang='lat' dir='ltr'>X.</span> <span class='ocrx_word' id='word_1_206' title='bbox 534 1989 606 2044; x_wconf 89' lang='lat' dir='ltr'>Dum</span> <span class='ocrx_word' id='word_1_207' title='bbox 623 2005 686 2044; x_wconf 83' lang='lat' dir='ltr'>raro</span> <span class='ocrx_word' id='word_1_208' title='bbox 706 1990 757 2045; x_wconf 85' lang='lat' dir='ltr'>ait:</span> <span class='ocrx_word' id='word_1_209' title='bbox 790 1990 852 2046; x_wconf 75' lang='lat' dir='ltr'>Vim</span> <span class='ocrx_word' id='word_1_210' title='bbox 868 1991 1056 2046; x_wconf 67' lang='lat' dir='ltr'>harmonicum</span> <span class='ocrx_word' id='word_1_211' title='bbox 1084 1991 1202 2062; x_wconf 77' lang='lat' dir='ltr'>dirigere</span> <span class='ocrx_word' id='word_1_212' title='bbox 1218 1990 1368 2059; x_wconf 83' lang='lat' dir='ltr'>subjectum</span> <span class='ocrx_word' id='word_1_213' title='bbox 1393 2007 1475 2048; x_wconf 74' lang='lat' dir='ltr'>scats</span> <span class='ocrx_word' id='word_1_214' title='bbox 1491 1991 1530 2047; x_wconf 79' lang='lat' dir='ltr'>ud</span> <span class='ocrx_word' id='word_1_215' title='bbox 1554 1992 1644 2059; x_wconf 68' lang='lat' dir='ltr'>tuem</span> 
     </span>
     <span class='ocr_line' id='line_1_21' title="bbox 288 2065 1645 2140; baseline 0.003 -20"><span class='ocrx_word' id='word_1_216' title='bbox 288 2065 317 2121; x_wconf 88' lang='lat' dir='ltr'>id</span> <span class='ocrx_word' id='word_1_217' title='bbox 334 2081 384 2135; x_wconf 82' lang='lat' dir='ltr'>pro</span> <span class='ocrx_word' id='word_1_218' title='bbox 403 2065 504 2136; x_wconf 86' lang='lat' dir='ltr'>duplici</span> <span class='ocrx_word' id='word_1_219' title='bbox 521 2067 547 2120; x_wconf 86' lang='lat' dir='ltr'>ri</span> <span class='ocrx_word' id='word_1_220' title='bbox 563 2067 729 2140; x_wconf 82' lang='lat' dir='ltr'>harmonica,</span> <span class='ocrx_word' id='word_1_221' title='bbox 749 2075 779 2124; x_wconf 92' lang='lat' dir='ltr'>ut</span> <span class='ocrx_word' id='word_1_222' title='bbox 798 2067 932 2137; x_wconf 85' lang='lat' dir='ltr'>explicari</span> <span class='ocrx_word' id='word_1_223' title='bbox 951 2087 1009 2138; x_wconf 89' lang='lat' dir='ltr'>cup.</span> <span class='ocrx_word' id='word_1_224' title='bbox 1023 2069 1046 2124; x_wconf 80' lang='lat'>2.</span> <span class='ocrx_word' id='word_1_225' title='bbox 1068 2068 1130 2124; x_wconf 91' lang='lat' dir='ltr'>libri</span> <span class='ocrx_word' id='word_1_226' title='bbox 1148 2069 1201 2124; x_wconf 85' lang='lat' dir='ltr'>mei</span> <span class='ocrx_word' id='word_1_227' title='bbox 1213 2069 1260 2138; x_wconf 84' lang='lat' dir='ltr'>IV,</span> <span class='ocrx_word' id='word_1_228' title='bbox 1279 2067 1414 2138; x_wconf 86' lang='lat' dir='ltr'>duplicem</span> <span class='ocrx_word' id='word_1_229' title='bbox 1434 2069 1514 2124; x_wconf 87' lang='lat' dir='ltr'>etiam</span> <span class='ocrx_word' id='word_1_230' title='bbox 1536 2083 1645 2124; x_wconf 86' lang='lat' dir='ltr'>sensum</span> 
     </span>
     <span class='ocr_line' id='line_1_22' title="bbox 290 2145 1645 2218; baseline 0.004 -18"><span class='ocrx_word' id='word_1_231' title='bbox 290 2145 381 2200; x_wconf 80' lang='lat' dir='ltr'>habat.</span> <span class='ocrx_word' id='word_1_232' title='bbox 417 2147 487 2202; x_wconf 83' lang='lat' dir='ltr'>Nam</span> <span class='ocrx_word' id='word_1_233' title='bbox 513 2145 631 2200; x_wconf 76' lang='lat' dir='ltr'>incultas</span> <span class='ocrx_word' id='word_1_234' title='bbox 658 2145 767 2217; x_wconf 84' lang='lat' dir='ltr'>quidem</span> <span class='ocrx_word' id='word_1_235' title='bbox 786 2146 944 2203; x_wconf 85' lang='lat' dir='ltr'>harmonica</span> <span class='ocrx_word' id='word_1_236' title='bbox 971 2147 1093 2217; x_wconf 86' lang='lat' dir='ltr'>practica</span> <span class='ocrx_word' id='word_1_237' title='bbox 1121 2146 1213 2217; x_wconf 82' lang='lat' dir='ltr'>dirigit</span> <span class='ocrx_word' id='word_1_238' title='bbox 1231 2157 1340 2204; x_wconf 88' lang='lat' dir='ltr'>cautum</span> <span class='ocrx_word' id='word_1_239' title='bbox 1360 2149 1394 2204; x_wconf 90' lang='lat' dir='ltr'>ad</span> <span class='ocrx_word' id='word_1_240' title='bbox 1413 2148 1565 2206; x_wconf 87' lang='lat' dir='ltr'>decentiam</span> <span class='ocrx_word' id='word_1_241' title='bbox 1582 2155 1645 2218; x_wconf 77' lang='lat' dir='ltr'>eto,</span> 
     </span>
     <span class='ocr_line' id='line_1_23' title="bbox 234 2223 1646 2298; baseline 0.001 -18"><span class='ocrx_word' id='word_1_242' title='bbox 234 2285 238 2294; x_wconf 51' lang='lat'>,</span> <span class='ocrx_word' id='word_1_243' title='bbox 290 2241 361 2294; x_wconf 80' lang='lat' dir='ltr'>quaa</span> <span class='ocrx_word' id='word_1_244' title='bbox 380 2225 506 2282; x_wconf 87' lang='lat' dir='ltr'>estnihil</span> <span class='ocrx_word' id='word_1_245' title='bbox 524 2223 606 2295; x_wconf 86' lang='lat' dir='ltr'>allud,</span> <span class='ocrx_word' id='word_1_246' title='bbox 625 2241 706 2294; x_wconf 89' lang='lat' dir='ltr'>quam</span> <span class='ocrx_word' id='word_1_247' title='bbox 723 2227 783 2296; x_wconf 88' lang='lat' dir='ltr'>ipse</span> <span class='ocrx_word' id='word_1_248' title='bbox 802 2225 869 2282; x_wconf 87' lang='lat' dir='ltr'>ordo</span> <span class='ocrx_word' id='word_1_249' title='bbox 888 2241 922 2281; x_wconf 84' lang='lat' dir='ltr'>ex</span> <span class='ocrx_word' id='word_1_250' title='bbox 936 2228 1074 2283; x_wconf 88' lang='lat' dir='ltr'>concionis</span> <span class='ocrx_word' id='word_1_251' title='bbox 1093 2235 1121 2284; x_wconf 92' lang='lat' dir='ltr'>et</span> <span class='ocrx_word' id='word_1_252' title='bbox 1133 2229 1273 2282; x_wconf 86' lang='lat' dir='ltr'>consonis:</span> <span class='ocrx_word' id='word_1_253' title='bbox 1293 2237 1320 2281; x_wconf 87' lang='lat' dir='ltr'>at</span> <span class='ocrx_word' id='word_1_254' title='bbox 1340 2228 1457 2284; x_wconf 84' lang='lat' dir='ltr'>facultas</span> <span class='ocrx_word' id='word_1_255' title='bbox 1477 2227 1646 2298; x_wconf 77' lang='lat' dir='ltr'>speculativa</span> 
     </span>
     <span class='ocr_line' id='line_1_24' title="bbox 290 2303 1646 2377; baseline 0.001 -19"><span class='ocrx_word' id='word_1_256' title='bbox 290 2309 320 2358; x_wconf 87' lang='lat' dir='ltr'>at</span> <span class='ocrx_word' id='word_1_257' title='bbox 336 2303 467 2373; x_wconf 73' lang='lat' dir='ltr'>agnitius,</span> <span class='ocrx_word' id='word_1_258' title='bbox 485 2306 537 2360; x_wconf 91' lang='lat' dir='ltr'>etsi</span> <span class='ocrx_word' id='word_1_259' title='bbox 556 2304 709 2374; x_wconf 86' lang='lat' dir='ltr'>subjectum</span> <span class='ocrx_word' id='word_1_260' title='bbox 728 2323 782 2360; x_wconf 92' lang='lat' dir='ltr'>non</span> <span class='ocrx_word' id='word_1_261' title='bbox 802 2306 907 2376; x_wconf 81' lang='lat' dir='ltr'>dirigit,</span> <span class='ocrx_word' id='word_1_262' title='bbox 928 2305 976 2360; x_wconf 90' lang='lat' dir='ltr'>sed</span> <span class='ocrx_word' id='word_1_263' title='bbox 996 2307 1127 2363; x_wconf 87' lang='lat' dir='ltr'>directum</span> <span class='ocrx_word' id='word_1_264' title='bbox 1145 2307 1260 2377; x_wconf 89' lang='lat' dir='ltr'>probat,</span> <span class='ocrx_word' id='word_1_265' title='bbox 1279 2315 1369 2362; x_wconf 74' lang='lat' dir='ltr'>mmen</span> <span class='ocrx_word' id='word_1_266' title='bbox 1387 2307 1440 2363; x_wconf 88' lang='lat' dir='ltr'>hoc</span> <span class='ocrx_word' id='word_1_267' title='bbox 1459 2315 1594 2376; x_wconf 86' lang='lat' dir='ltr'>praestat,</span> <span class='ocrx_word' id='word_1_268' title='bbox 1615 2311 1646 2360; x_wconf 91' lang='lat' dir='ltr'>ut</span> 
     </span>
     <span class='ocr_line' id='line_1_25' title="bbox 290 2383 1646 2454; baseline 0.002 -17"><span class='ocrx_word' id='word_1_269' title='bbox 290 2383 380 2438; x_wconf 86' lang='lat' dir='ltr'>anima</span> <span class='ocrx_word' id='word_1_270' title='bbox 396 2383 543 2439; x_wconf 84' lang='lat' dir='ltr'>harmoniis</span> <span class='ocrx_word' id='word_1_271' title='bbox 561 2387 659 2454; x_wconf 87' lang='lat' dir='ltr'>agnitis</span> <span class='ocrx_word' id='word_1_272' title='bbox 677 2394 705 2440; x_wconf 92' lang='lat' dir='ltr'>et</span> <span class='ocrx_word' id='word_1_273' title='bbox 724 2385 878 2454; x_wconf 75' lang='lat' dir='ltr'>dijudicatis</span> <span class='ocrx_word' id='word_1_274' title='bbox 898 2384 1067 2440; x_wconf 85' lang='lat' dir='ltr'>delectetur:</span> <span class='ocrx_word' id='word_1_275' title='bbox 1096 2387 1142 2442; x_wconf 90' lang='lat' dir='ltr'>ubi</span> <span class='ocrx_word' id='word_1_276' title='bbox 1161 2385 1199 2441; x_wconf 89' lang='lat' dir='ltr'>sic</span> <span class='ocrx_word' id='word_1_277' title='bbox 1225 2403 1254 2442; x_wconf 87' lang='lat' dir='ltr'>se</span> <span class='ocrx_word' id='word_1_278' title='bbox 1282 2386 1366 2442; x_wconf 87' lang='lat' dir='ltr'>hahet</span> <span class='ocrx_word' id='word_1_279' title='bbox 1384 2385 1527 2442; x_wconf 83' lang='lat' dir='ltr'>delectatio</span> <span class='ocrx_word' id='word_1_280' title='bbox 1546 2385 1580 2442; x_wconf 88' lang='lat' dir='ltr'>ad</span> <span class='ocrx_word' id='word_1_281' title='bbox 1600 2385 1646 2440; x_wconf 83' lang='lat' dir='ltr'>de·</span> 
     </span>
     <span class='ocr_line' id='line_1_26' title="bbox 291 2461 1112 2536; baseline 0.001 -18"><span class='ocrx_word' id='word_1_282' title='bbox 291 2461 416 2533; x_wconf 67' lang='lat' dir='ltr'>mabam,</span> <span class='ocrx_word' id='word_1_283' title='bbox 434 2463 505 2536; x_wconf 84' lang='lat' dir='ltr'>sicut</span> <span class='ocrx_word' id='word_1_284' title='bbox 522 2465 673 2536; x_wconf 81' lang='lat' dir='ltr'>speculatio</span> <span class='ocrx_word' id='word_1_285' title='bbox 692 2465 730 2519; x_wconf 89' lang='lat' dir='ltr'>rei</span> <span class='ocrx_word' id='word_1_286' title='bbox 749 2464 839 2520; x_wconf 82' lang='lat' dir='ltr'>iactae</span> <span class='ocrx_word' id='word_1_287' title='bbox 858 2464 893 2518; x_wconf 89' lang='lat' dir='ltr'>ad</span> <span class='ocrx_word' id='word_1_288' title='bbox 910 2465 950 2518; x_wconf 91' lang='lat' dir='ltr'>rei</span> <span class='ocrx_word' id='word_1_289' title='bbox 968 2463 1112 2519; x_wconf 85' lang='lat' dir='ltr'>iacturam.</span> 
     </span>
    </p>
   </div>
   <div class='ocr_carea' id='block_1_5' title="bbox 290 2559 1647 3104">
    <p class='ocr_par' dir='ltr' id='par_1_6' title="bbox 290 2559 1647 3104">
     <span class='ocr_line' id='line_1_27' title="bbox 377 2559 1645 2640; baseline -0.002 -24"><span class='ocrx_word' id='word_1_290' title='bbox 377 2560 451 2616; x_wconf 84' lang='lat' dir='ltr'>Nota</span> <span class='ocrx_word' id='word_1_291' title='bbox 467 2563 515 2640; x_wconf 73' lang='lat' dir='ltr'>ill.</span> <span class='ocrx_word' id='word_1_292' title='bbox 551 2559 721 2618; x_wconf 80' lang='lat' dir='ltr'>Facultatem</span> <span class='ocrx_word' id='word_1_293' title='bbox 739 2563 923 2618; x_wconf 87' lang='lat' dir='ltr'>harmonicam</span> <span class='ocrx_word' id='word_1_294' title='bbox 941 2569 1066 2616; x_wconf 86' lang='lat' dir='ltr'>recenset</span> <span class='ocrx_word' id='word_1_295' title='bbox 1083 2563 1154 2618; x_wconf 88' lang='lat' dir='ltr'>inter</span> <span class='ocrx_word' id='word_1_296' title='bbox 1172 2577 1270 2622; x_wconf 85' lang='lat' dir='ltr'>causas</span> <span class='ocrx_word' id='word_1_297' title='bbox 1288 2578 1386 2630; x_wconf 87' lang='lat' dir='ltr'>rerum,</span> <span class='ocrx_word' id='word_1_298' title='bbox 1406 2559 1534 2630; x_wconf 82' lang='lat' dir='ltr'>intellige,</span> <span class='ocrx_word' id='word_1_299' title='bbox 1554 2568 1585 2616; x_wconf 91' lang='lat' dir='ltr'>ut</span> <span class='ocrx_word' id='word_1_300' title='bbox 1603 2575 1645 2614; x_wconf 87' lang='lat' dir='ltr'>se·</span> 
     </span>
     <span class='ocr_line' id='line_1_28' title="bbox 290 2637 1645 2711; baseline -0.003 -15"><span class='ocrx_word' id='word_1_301' title='bbox 290 2647 398 2711; x_wconf 72' lang='lat' dir='ltr'>quam,</span> <span class='ocrx_word' id='word_1_302' title='bbox 418 2657 472 2696; x_wconf 90' lang='lat' dir='ltr'>non</span> <span class='ocrx_word' id='word_1_303' title='bbox 490 2657 587 2697; x_wconf 88' lang='lat' dir='ltr'>causas</span> <span class='ocrx_word' id='word_1_304' title='bbox 605 2643 753 2710; x_wconf 84' lang='lat' dir='ltr'>essentias,</span> <span class='ocrx_word' id='word_1_305' title='bbox 773 2642 820 2696; x_wconf 88' lang='lat' dir='ltr'>scd</span> <span class='ocrx_word' id='word_1_306' title='bbox 840 2655 936 2697; x_wconf 85' lang='lat' dir='ltr'>causas</span> <span class='ocrx_word' id='word_1_307' title='bbox 956 2641 1095 2709; x_wconf 83' lang='lat' dir='ltr'>qualitatis</span> <span class='ocrx_word' id='word_1_308' title='bbox 1114 2641 1229 2711; x_wconf 90' lang='lat' dir='ltr'>alicujus</span> <span class='ocrx_word' id='word_1_309' title='bbox 1247 2641 1443 2710; x_wconf 85' lang='lat' dir='ltr'>relationisque</span> <span class='ocrx_word' id='word_1_310' title='bbox 1462 2637 1645 2710; x_wconf 77' lang='lat' dir='ltr'>qualitativas.</span> 
     </span>
     <span class='ocr_line' id='line_1_29' title="bbox 291 2716 1647 2790; baseline -0.001 -16"><span class='ocrx_word' id='word_1_311' title='bbox 291 2719 362 2774; x_wconf 86' lang='lat' dir='ltr'>Nam</span> <span class='ocrx_word' id='word_1_312' title='bbox 380 2718 538 2774; x_wconf 84' lang='lat' dir='ltr'>harmonias</span> <span class='ocrx_word' id='word_1_313' title='bbox 555 2719 625 2775; x_wconf 90' lang='lat' dir='ltr'>fiunt</span> <span class='ocrx_word' id='word_1_314' title='bbox 642 2720 723 2776; x_wconf 89' lang='lat' dir='ltr'>rebus</span> <span class='ocrx_word' id='word_1_315' title='bbox 743 2721 882 2790; x_wconf 85' lang='lat' dir='ltr'>subjectis,</span> <span class='ocrx_word' id='word_1_316' title='bbox 901 2729 932 2776; x_wconf 92' lang='lat' dir='ltr'>ut</span> <span class='ocrx_word' id='word_1_317' title='bbox 951 2721 1034 2790; x_wconf 84' lang='lat' dir='ltr'>sonis,</span> <span class='ocrx_word' id='word_1_318' title='bbox 1051 2721 1138 2775; x_wconf 87' lang='lat' dir='ltr'>iorma</span> <span class='ocrx_word' id='word_1_319' title='bbox 1155 2720 1289 2790; x_wconf 87' lang='lat' dir='ltr'>quaedam</span> <span class='ocrx_word' id='word_1_320' title='bbox 1308 2717 1500 2774; x_wconf 86' lang='lat' dir='ltr'>accidentalis:</span> <span class='ocrx_word' id='word_1_321' title='bbox 1519 2716 1647 2772; x_wconf 87' lang='lat' dir='ltr'>dicuntur</span> 
     </span>
     <span class='ocr_line' id='line_1_30' title="bbox 292 2796 1645 2870; baseline -0.001 -18"><span class='ocrx_word' id='word_1_322' title='bbox 292 2797 363 2852; x_wconf 88' lang='lat' dir='ltr'>enim</span> <span class='ocrx_word' id='word_1_323' title='bbox 381 2796 437 2868; x_wconf 70' lang='lat' dir='ltr'>aida</span> <span class='ocrx_word' id='word_1_324' title='bbox 454 2799 536 2854; x_wconf 89' lang='lat' dir='ltr'>etiam</span> <span class='ocrx_word' id='word_1_325' title='bbox 553 2799 588 2854; x_wconf 90' lang='lat' dir='ltr'>ab</span> <span class='ocrx_word' id='word_1_326' title='bbox 606 2799 753 2856; x_wconf 84' lang='lat' dir='ltr'>Aristotele</span> <span class='ocrx_word' id='word_1_327' title='bbox 779 2799 842 2870; x_wconf 83' lang='lat' dir='ltr'>illa,</span> <span class='ocrx_word' id='word_1_328' title='bbox 861 2815 935 2868; x_wconf 88' lang='lat' dir='ltr'>quae</span> <span class='ocrx_word' id='word_1_329' title='bbox 950 2799 1081 2867; x_wconf 77' lang='lat' dir='ltr'>saneotis</span> <span class='ocrx_word' id='word_1_330' title='bbox 1100 2799 1211 2868; x_wconf 90' lang='lat' dir='ltr'>insunt,</span> <span class='ocrx_word' id='word_1_331' title='bbox 1229 2805 1261 2852; x_wconf 90' lang='lat' dir='ltr'>ut</span> <span class='ocrx_word' id='word_1_332' title='bbox 1278 2797 1382 2865; x_wconf 80' lang='lat' dir='ltr'>ligores</span> <span class='ocrx_word' id='word_1_333' title='bbox 1400 2798 1581 2868; x_wconf 85' lang='lat' dir='ltr'>geometricae</span> <span class='ocrx_word' id='word_1_334' title='bbox 1598 2798 1645 2850; x_wconf 92' lang='lat' dir='ltr'>tri·</span> 
     </span>
     <span class='ocr_line' id='line_1_31' title="bbox 292 2875 1644 2948; baseline -0.002 -18"><span class='ocrx_word' id='word_1_335' title='bbox 292 2891 389 2944; x_wconf 87' lang='lat' dir='ltr'>gonus,</span> <span class='ocrx_word' id='word_1_336' title='bbox 407 2884 574 2948; x_wconf 74' lang='lat' dir='ltr'>tetragonus,</span> <span class='ocrx_word' id='word_1_337' title='bbox 600 2877 631 2932; x_wconf 91' lang='lat' dir='ltr'>ld</span> <span class='ocrx_word' id='word_1_338' title='bbox 649 2877 734 2934; x_wconf 90' lang='lat' dir='ltr'>multo</span> <span class='ocrx_word' id='word_1_339' title='bbox 753 2877 840 2948; x_wconf 89' lang='lat' dir='ltr'>magis</span> <span class='ocrx_word' id='word_1_340' title='bbox 858 2893 960 2945; x_wconf 85' lang='lat' dir='ltr'>rerum,</span> <span class='ocrx_word' id='word_1_341' title='bbox 978 2879 1088 2946; x_wconf 80' lang='lat' dir='ltr'>quaudo</span> <span class='ocrx_word' id='word_1_342' title='bbox 1106 2879 1170 2934; x_wconf 85' lang='lat' dir='ltr'>talis</span> <span class='ocrx_word' id='word_1_343' title='bbox 1188 2877 1293 2946; x_wconf 83' lang='lat' dir='ltr'>species</span> <span class='ocrx_word' id='word_1_344' title='bbox 1312 2885 1356 2931; x_wconf 87' lang='lat' dir='ltr'>est</span> <span class='ocrx_word' id='word_1_345' title='bbox 1373 2875 1523 2934; x_wconf 83' lang='lat' dir='ltr'>secundum</span> <span class='ocrx_word' id='word_1_346' title='bbox 1540 2876 1580 2929; x_wconf 90' lang='lat' dir='ltr'>rei</span> <span class='ocrx_word' id='word_1_347' title='bbox 1598 2889 1644 2928; x_wconf 82' lang='lat' dir='ltr'>na·</span> 
     </span>
     <span class='ocr_line' id='line_1_32' title="bbox 292 2954 1647 3026; baseline 0.001 -18"><span class='ocrx_word' id='word_1_348' title='bbox 292 2959 395 3022; x_wconf 75' lang='lat' dir='ltr'>mnam,</span> <span class='ocrx_word' id='word_1_349' title='bbox 414 2961 445 3008; x_wconf 89' lang='lat' dir='ltr'>ut</span> <span class='ocrx_word' id='word_1_350' title='bbox 463 2955 487 3009; x_wconf 88' lang='lat' dir='ltr'>si</span> <span class='ocrx_word' id='word_1_351' title='bbox 504 2954 578 3009; x_wconf 88' lang='lat' dir='ltr'>illam</span> <span class='ocrx_word' id='word_1_352' title='bbox 596 2955 715 3024; x_wconf 88' lang='lat' dir='ltr'>speciem</span> <span class='ocrx_word' id='word_1_353' title='bbox 733 2955 841 3025; x_wconf 87' lang='lat' dir='ltr'>induat,</span> <span class='ocrx_word' id='word_1_354' title='bbox 870 2956 918 3010; x_wconf 89' lang='lat' dir='ltr'>fiat</span> <span class='ocrx_word' id='word_1_355' title='bbox 936 2956 963 3010; x_wconf 90' lang='lat' dir='ltr'>in</span> <span class='ocrx_word' id='word_1_356' title='bbox 983 2971 1032 3010; x_wconf 88' lang='lat' dir='ltr'>suo</span> <span class='ocrx_word' id='word_1_357' title='bbox 1051 2971 1149 3026; x_wconf 88' lang='lat' dir='ltr'>genere</span> <span class='ocrx_word' id='word_1_358' title='bbox 1167 2957 1263 3012; x_wconf 86' lang='lat' dir='ltr'>melior</span> <span class='ocrx_word' id='word_1_359' title='bbox 1281 2965 1311 3010; x_wconf 88' lang='lat' dir='ltr'>ot</span> <span class='ocrx_word' id='word_1_360' title='bbox 1327 2957 1487 3025; x_wconf 70' lang='lat' dir='ltr'>porrectior,</span> <span class='ocrx_word' id='word_1_361' title='bbox 1506 2961 1538 3010; x_wconf 87' lang='lat' dir='ltr'>ut</span> <span class='ocrx_word' id='word_1_362' title='bbox 1553 2956 1594 3011; x_wconf 87' lang='lat' dir='ltr'>ita</span> <span class='ocrx_word' id='word_1_363' title='bbox 1610 2955 1647 3009; x_wconf 84' lang='lat' dir='ltr'>sit</span> 
     </span>
     <span class='ocr_line' id='line_1_33' title="bbox 293 3029 898 3104; baseline 0.01 -20"><span class='ocrx_word' id='word_1_364' title='bbox 293 3029 362 3086; x_wconf 82' lang='lat' dir='ltr'>haec</span> <span class='ocrx_word' id='word_1_365' title='bbox 379 3033 485 3101; x_wconf 86' lang='lat' dir='ltr'>species</span> <span class='ocrx_word' id='word_1_366' title='bbox 504 3033 567 3088; x_wconf 91' lang='lat' dir='ltr'>huic</span> <span class='ocrx_word' id='word_1_367' title='bbox 585 3033 708 3104; x_wconf 85' lang='lat' dir='ltr'>subjecto</span> <span class='ocrx_word' id='word_1_368' title='bbox 727 3035 898 3090; x_wconf 85' lang='lat' dir='ltr'>convenicus.</span> 
     </span>
    </p>
   </div>
   <div class='ocr_carea' id='block_1_6' title="bbox 274 3132 1646 4001">
    <p class='ocr_par' dir='ltr' id='par_1_7' title="bbox 274 3132 1646 4001">
     <span class='ocr_line' id='line_1_34' title="bbox 385 3132 1645 3214; baseline 0 -20"><span class='ocrx_word' id='word_1_369' title='bbox 385 3132 545 3212; x_wconf 81' lang='lat' dir='ltr'>Supremas</span> <span class='ocrx_word' id='word_1_370' title='bbox 569 3155 639 3196; x_wconf 87' lang='lat' dir='ltr'>vero</span> <span class='ocrx_word' id='word_1_371' title='bbox 662 3155 714 3198; x_wconf 89' lang='lat' dir='ltr'>seu</span> <span class='ocrx_word' id='word_1_372' title='bbox 736 3140 846 3214; x_wconf 83' lang='lat' dir='ltr'>primas</span> <span class='ocrx_word' id='word_1_373' title='bbox 869 3155 978 3198; x_wconf 86' lang='lat' dir='ltr'>caueae</span> <span class='ocrx_word' id='word_1_374' title='bbox 1001 3135 1109 3214; x_wconf 88' lang='lat' dir='ltr'>triplici</span> <span class='ocrx_word' id='word_1_375' title='bbox 1132 3135 1296 3196; x_wconf 87' lang='lat' dir='ltr'>discrimine</span> <span class='ocrx_word' id='word_1_376' title='bbox 1320 3145 1497 3199; x_wconf 78' lang='lat' dir='ltr'>comuntur:</span> <span class='ocrx_word' id='word_1_377' title='bbox 1527 3135 1586 3194; x_wconf 84' lang='lat' dir='ltr'>alia</span> <span class='ocrx_word' id='word_1_378' title='bbox 1609 3151 1645 3196; x_wconf 82' lang='lat' dir='ltr'>er</span> 
     </span>
     <span class='ocr_line' id='line_1_35' title="bbox 274 3222 1645 3301; baseline 0 -19"><span class='ocrx_word' id='word_1_379' title='bbox 274 3227 377 3300; x_wconf 21' lang='lat' dir='ltr'>,parta</span> <span class='ocrx_word' id='word_1_380' title='bbox 399 3231 521 3284; x_wconf 65' lang='lat' dir='ltr'>umbras</span> <span class='ocrx_word' id='word_1_381' title='bbox 545 3233 574 3286; x_wconf 84' lang='lat' dir='ltr'>st</span> <span class='ocrx_word' id='word_1_382' title='bbox 596 3226 688 3301; x_wconf 89' lang='lat' dir='ltr'>ipsius</span> <span class='ocrx_word' id='word_1_383' title='bbox 710 3243 768 3284; x_wconf 79' lang='lat' dir='ltr'>essa</span> <span class='ocrx_word' id='word_1_384' title='bbox 795 3223 882 3298; x_wconf 89' lang='lat' dir='ltr'>nudi,</span> <span class='ocrx_word' id='word_1_385' title='bbox 917 3222 977 3285; x_wconf 88' lang='lat' dir='ltr'>alia</span> <span class='ocrx_word' id='word_1_386' title='bbox 1011 3243 1046 3284; x_wconf 88' lang='lat' dir='ltr'>ex</span> <span class='ocrx_word' id='word_1_387' title='bbox 1077 3233 1160 3300; x_wconf 88' lang='lat' dir='ltr'>parts</span> <span class='ocrx_word' id='word_1_388' title='bbox 1182 3227 1304 3282; x_wconf 85' lang='lat' dir='ltr'>rationis</span> <span class='ocrx_word' id='word_1_389' title='bbox 1326 3230 1363 3283; x_wconf 88' lang='lat' dir='ltr'>et·</span> <span class='ocrx_word' id='word_1_390' title='bbox 1379 3227 1471 3300; x_wconf 85' lang='lat' dir='ltr'>ipsius</span> <span class='ocrx_word' id='word_1_391' title='bbox 1493 3223 1566 3283; x_wconf 68' lang='lat' dir='ltr'>bate</span> <span class='ocrx_word' id='word_1_392' title='bbox 1587 3241 1645 3282; x_wconf 84' lang='lat' dir='ltr'>crae</span> 
     </span>
     <span class='ocr_line' id='line_1_36' title="bbox 294 3306 1645 3390; baseline 0.001 -21"><span class='ocrx_word' id='word_1_393' title='bbox 294 3306 378 3382; x_wconf 89' lang='lat' dir='ltr'>nudi,</span> <span class='ocrx_word' id='word_1_394' title='bbox 415 3310 475 3371; x_wconf 84' lang='lat' dir='ltr'>alis</span> <span class='ocrx_word' id='word_1_395' title='bbox 513 3311 639 3387; x_wconf 84' lang='lat' dir='ltr'>danique</span> <span class='ocrx_word' id='word_1_396' title='bbox 674 3323 722 3372; x_wconf 83' lang='lat' dir='ltr'>ax·</span> <span class='ocrx_word' id='word_1_397' title='bbox 748 3321 830 3390; x_wconf 89' lang='lat' dir='ltr'>parte</span> <span class='ocrx_word' id='word_1_398' title='bbox 866 3311 1028 3370; x_wconf 83' lang='lat' dir='ltr'>divinitatis</span> <span class='ocrx_word' id='word_1_399' title='bbox 1058 3321 1087 3370; x_wconf 90' lang='lat' dir='ltr'>et</span> <span class='ocrx_word' id='word_1_400' title='bbox 1120 3313 1211 3386; x_wconf 89' lang='lat' dir='ltr'>ipsius</span> <span class='ocrx_word' id='word_1_401' title='bbox 1249 3311 1321 3370; x_wconf 84' lang='lat' dir='ltr'>benc</span> <span class='ocrx_word' id='word_1_402' title='bbox 1349 3327 1466 3387; x_wconf 74' lang='lat' dir='ltr'>seraper·</span> <span class='ocrx_word' id='word_1_403' title='bbox 1496 3329 1555 3370; x_wconf 81' lang='lat' dir='ltr'>esse</span> <span class='ocrx_word' id='word_1_404' title='bbox 1580 3307 1645 3390; x_wconf 80' lang='lat'>¹¹¹).</span> 
     </span>
     <span class='ocr_line' id='line_1_37' title="bbox 296 3395 1646 3475; baseline 0.001 -19"><span class='ocrx_word' id='word_1_405' title='bbox 296 3395 395 3456; x_wconf 76' lang='lat' dir='ltr'>Causa</span> <span class='ocrx_word' id='word_1_406' title='bbox 416 3400 504 3475; x_wconf 85' lang='lat' dir='ltr'>igitur</span> <span class='ocrx_word' id='word_1_407' title='bbox 526 3401 591 3471; x_wconf 89' lang='lat' dir='ltr'>ista,</span> <span class='ocrx_word' id='word_1_408' title='bbox 621 3415 695 3475; x_wconf 82' lang='lat' dir='ltr'>quae</span> <span class='ocrx_word' id='word_1_409' title='bbox 724 3399 884 3460; x_wconf 88' lang='lat' dir='ltr'>secundum</span> <span class='ocrx_word' id='word_1_410' title='bbox 906 3399 1087 3458; x_wconf 89' lang='lat' dir='ltr'>harmoniam</span> <span class='ocrx_word' id='word_1_411' title='bbox 1118 3407 1177 3472; x_wconf 86' lang='lat' dir='ltr'>est,</span> <span class='ocrx_word' id='word_1_412' title='bbox 1211 3413 1306 3474; x_wconf 89' lang='lat' dir='ltr'>neque</span> <span class='ocrx_word' id='word_1_413' title='bbox 1329 3407 1450 3459; x_wconf 85' lang='lat' dir='ltr'>naturae</span> <span class='ocrx_word' id='word_1_414' title='bbox 1473 3409 1518 3459; x_wconf 90' lang='lat' dir='ltr'>est</span> <span class='ocrx_word' id='word_1_415' title='bbox 1540 3415 1646 3458; x_wconf 88' lang='lat' dir='ltr'>acoen-</span> 
     </span>
     <span class='ocr_line' id='line_1_38' title="bbox 295 3484 1645 3566; baseline 0 -22"><span class='ocrx_word' id='word_1_416' title='bbox 295 3484 402 3560; x_wconf 86' lang='lat' dir='ltr'>eenda,</span> <span class='ocrx_word' id='word_1_417' title='bbox 433 3503 492 3545; x_wconf 91' lang='lat' dir='ltr'>non</span> <span class='ocrx_word' id='word_1_418' title='bbox 521 3489 597 3545; x_wconf 88' lang='lat' dir='ltr'>onim</span> <span class='ocrx_word' id='word_1_419' title='bbox 626 3487 763 3549; x_wconf 88' lang='lat' dir='ltr'>conciliat</span> <span class='ocrx_word' id='word_1_420' title='bbox 791 3489 887 3566; x_wconf 88' lang='lat' dir='ltr'>ipsum</span> <span class='ocrx_word' id='word_1_421' title='bbox 908 3503 974 3546; x_wconf 74' lang='lat' dir='ltr'>csse</span> <span class='ocrx_word' id='word_1_422' title='bbox 999 3487 1086 3547; x_wconf 88' lang='lat' dir='ltr'>rebus</span> <span class='ocrx_word' id='word_1_423' title='bbox 1108 3487 1163 3545; x_wconf 88' lang='lat' dir='ltr'>sihi</span> <span class='ocrx_word' id='word_1_424' title='bbox 1187 3485 1341 3562; x_wconf 87' lang='lat' dir='ltr'>subjectis,</span> <span class='ocrx_word' id='word_1_425' title='bbox 1370 3503 1465 3562; x_wconf 88' lang='lat' dir='ltr'>neque</span> <span class='ocrx_word' id='word_1_426' title='bbox 1489 3486 1645 3560; x_wconf 84' lang='lat' dir='ltr'>divinitati,</span> 
     </span>
     <span class='ocr_line' id='line_1_39' title="bbox 296 3572 1646 3653; baseline 0.003 -23"><span class='ocrx_word' id='word_1_427' title='bbox 296 3587 354 3632; x_wconf 86' lang='lat' dir='ltr'>non</span> <span class='ocrx_word' id='word_1_428' title='bbox 377 3573 455 3633; x_wconf 89' lang='lat' dir='ltr'>enlm</span> <span class='ocrx_word' id='word_1_429' title='bbox 478 3581 522 3632; x_wconf 88' lang='lat' dir='ltr'>est</span> <span class='ocrx_word' id='word_1_430' title='bbox 545 3577 637 3652; x_wconf 88' lang='lat' dir='ltr'>prima</span> <span class='ocrx_word' id='word_1_431' title='bbox 659 3591 749 3635; x_wconf 87' lang='lat' dir='ltr'>causa</span> <span class='ocrx_word' id='word_1_432' title='bbox 772 3591 886 3653; x_wconf 87' lang='lat' dir='ltr'>semper</span> <span class='ocrx_word' id='word_1_433' title='bbox 908 3573 1022 3633; x_wconf 90' lang='lat' dir='ltr'>essendi</span> <span class='ocrx_word' id='word_1_434' title='bbox 1046 3591 1098 3633; x_wconf 89' lang='lat' dir='ltr'>scu</span> <span class='ocrx_word' id='word_1_435' title='bbox 1121 3575 1310 3645; x_wconf 85' lang='lat' dir='ltr'>aeternitatis,</span> <span class='ocrx_word' id='word_1_436' title='bbox 1334 3572 1386 3633; x_wconf 91' lang='lat' dir='ltr'>ssd</span> <span class='ocrx_word' id='word_1_437' title='bbox 1409 3575 1513 3635; x_wconf 89' lang='lat' dir='ltr'>rationi</span> <span class='ocrx_word' id='word_1_438' title='bbox 1537 3575 1646 3652; x_wconf 87' lang='lat' dir='ltr'>ubique</span> 
     </span>
     <span class='ocr_line' id='line_1_40' title="bbox 296 3657 1646 3742; baseline 0.003 -24"><span class='ocrx_word' id='word_1_439' title='bbox 296 3657 494 3736; x_wconf 81' lang='lat' dir='ltr'>adjudicanda</span> <span class='ocrx_word' id='word_1_440' title='bbox 517 3671 561 3724; x_wconf 89' lang='lat' dir='ltr'>est</span> <span class='ocrx_word' id='word_1_441' title='bbox 582 3661 752 3721; x_wconf 88' lang='lat' dir='ltr'>harmonica</span> <span class='ocrx_word' id='word_1_442' title='bbox 776 3660 934 3722; x_wconf 87' lang='lat' dir='ltr'>causalitus</span> <span class='ocrx_word' id='word_1_443' title='bbox 956 3659 1038 3742; x_wconf 76' lang='lat'>¹¹¹¹):</span> <span class='ocrx_word' id='word_1_444' title='bbox 1075 3671 1106 3720; x_wconf 89' lang='lat' dir='ltr'>ut</span> <span class='ocrx_word' id='word_1_445' title='bbox 1129 3678 1204 3737; x_wconf 84' lang='lat' dir='ltr'>quae</span> <span class='ocrx_word' id='word_1_446' title='bbox 1228 3661 1306 3720; x_wconf 85' lang='lat' dir='ltr'>cadit</span> <span class='ocrx_word' id='word_1_447' title='bbox 1328 3663 1402 3720; x_wconf 88' lang='lat' dir='ltr'>iuter</span> <span class='ocrx_word' id='word_1_448' title='bbox 1424 3661 1518 3721; x_wconf 87' lang='lat' dir='ltr'>dictas</span> <span class='ocrx_word' id='word_1_449' title='bbox 1542 3677 1646 3722; x_wconf 69' lang='lat' dir='ltr'>musas</span> 
     </span>
     <span class='ocr_line' id='line_1_41' title="bbox 296 3745 1645 3824; baseline 0.003 -19"><span class='ocrx_word' id='word_1_450' title='bbox 296 3746 362 3806; x_wconf 90' lang='lat' dir='ltr'>loco</span> <span class='ocrx_word' id='word_1_451' title='bbox 395 3751 478 3824; x_wconf 89' lang='lat' dir='ltr'>quasi</span> <span class='ocrx_word' id='word_1_452' title='bbox 508 3748 605 3809; x_wconf 89' lang='lat' dir='ltr'>medio</span> <span class='ocrx_word' id='word_1_453' title='bbox 639 3755 668 3808; x_wconf 89' lang='lat' dir='ltr'>ct</span> <span class='ocrx_word' id='word_1_454' title='bbox 698 3765 763 3809; x_wconf 89' lang='lat' dir='ltr'>cum</span> <span class='ocrx_word' id='word_1_455' title='bbox 804 3749 942 3810; x_wconf 88' lang='lat' dir='ltr'>utralibet</span> <span class='ocrx_word' id='word_1_456' title='bbox 973 3750 1117 3817; x_wconf 87' lang='lat' dir='ltr'>concurrit</span> <span class='ocrx_word' id='word_1_457' title='bbox 1143 3745 1182 3807; x_wconf 87' lang='lat' dir='ltr'>sd</span> <span class='ocrx_word' id='word_1_458' title='bbox 1213 3748 1447 3808; x_wconf 88' lang='lat' dir='ltr'>constituendum</span> <span class='ocrx_word' id='word_1_459' title='bbox 1470 3749 1549 3816; x_wconf 58' lang='lat' dir='ltr'>„teau</span> <span class='ocrx_word' id='word_1_460' title='bbox 1577 3765 1645 3822; x_wconf 82' lang='lat' dir='ltr'>esst,</span> 
     </span>
     <span class='ocr_line' id='line_1_42' title="bbox 297 3833 1646 3914; baseline 0.002 -22"><span class='ocrx_word' id='word_1_461' title='bbox 297 3833 363 3894; x_wconf 88' lang='lat' dir='ltr'>Diis</span> <span class='ocrx_word' id='word_1_462' title='bbox 386 3835 504 3912; x_wconf 89' lang='lat' dir='ltr'>quidem</span> <span class='ocrx_word' id='word_1_463' title='bbox 536 3839 679 3914; x_wconf 87' lang='lat' dir='ltr'>perpetim</span> <span class='ocrx_word' id='word_1_464' title='bbox 700 3839 858 3910; x_wconf 82' lang='lat' dir='ltr'>assistens,</span> <span class='ocrx_word' id='word_1_465' title='bbox 890 3838 999 3913; x_wconf 87' lang='lat' dir='ltr'>quippe</span> <span class='ocrx_word' id='word_1_466' title='bbox 1023 3839 1073 3912; x_wconf 91' lang='lat' dir='ltr'>qui</span> <span class='ocrx_word' id='word_1_467' title='bbox 1106 3853 1221 3912; x_wconf 85' lang='lat' dir='ltr'>semper</span> <span class='ocrx_word' id='word_1_468' title='bbox 1250 3835 1327 3896; x_wconf 89' lang='lat' dir='ltr'>idem</span> <span class='ocrx_word' id='word_1_469' title='bbox 1350 3845 1435 3908; x_wconf 90' lang='lat' dir='ltr'>suut,</span> <span class='ocrx_word' id='word_1_470' title='bbox 1465 3835 1646 3896; x_wconf 83' lang='lat' dir='ltr'>naturalibus</span> 
     </span>
     <span class='ocr_line' id='line_1_43' title="bbox 300 3923 1572 4001; baseline 0.001 -21"><span class='ocrx_word' id='word_1_471' title='bbox 300 3939 369 3982; x_wconf 83' lang='lat' dir='ltr'>sero</span> <span class='ocrx_word' id='word_1_472' title='bbox 392 3940 446 3984; x_wconf 90' lang='lat' dir='ltr'>nec</span> <span class='ocrx_word' id='word_1_473' title='bbox 468 3925 604 3985; x_wconf 85' lang='lat' dir='ltr'>omuibus</span> <span class='ocrx_word' id='word_1_474' title='bbox 627 3941 681 3986; x_wconf 85' lang='lat' dir='ltr'>nco</span> <span class='ocrx_word' id='word_1_475' title='bbox 704 3923 878 3996; x_wconf 85' lang='lat' dir='ltr'>omnimode,</span> <span class='ocrx_word' id='word_1_476' title='bbox 902 3931 1020 4001; x_wconf 89' lang='lat' dir='ltr'>propter</span> <span class='ocrx_word' id='word_1_477' title='bbox 1043 3926 1218 3994; x_wconf 80' lang='lat' dir='ltr'>contrariam</span> <span class='ocrx_word' id='word_1_478' title='bbox 1241 3939 1342 3984; x_wconf 86' lang='lat' dir='ltr'>acrum</span> <span class='ocrx_word' id='word_1_479' title='bbox 1365 3923 1572 3984; x_wconf 86' lang='lat' dir='ltr'>conditionem.</span> 
     </span>
    </p>
   </div>
   <div class='ocr_carea' id='block_1_7' title="bbox 241 4031 1648 4904">
    <p class='ocr_par' dir='ltr' id='par_1_8' title="bbox 241 4031 1648 4904">
     <span class='ocr_line' id='line_1_44' title="bbox 268 4031 1645 4102; baseline -0.003 -12"><span class='ocrx_word' id='word_1_480' title='bbox 268 4064 271 4076; x_wconf 88' lang='lat'>·</span> <span class='ocrx_word' id='word_1_481' title='bbox 384 4033 457 4090; x_wconf 82' lang='lat' dir='ltr'>Nota</span> <span class='ocrx_word' id='word_1_482' title='bbox 468 4032 529 4088; x_wconf 83' lang='lat' dir='ltr'>XII.</span> <span class='ocrx_word' id='word_1_483' title='bbox 561 4032 769 4088; x_wconf 86' lang='lat' dir='ltr'>Haectriseotio</span> <span class='ocrx_word' id='word_1_484' title='bbox 782 4031 1007 4088; x_wconf 85' lang='lat' dir='ltr'>desumtasstex</span> <span class='ocrx_word' id='word_1_485' title='bbox 1024 4031 1199 4102; x_wconf 82' lang='lat' dir='ltr'>philosophia</span> <span class='ocrx_word' id='word_1_486' title='bbox 1213 4031 1361 4099; x_wconf 85' lang='lat' dir='ltr'>Platonica,</span> <span class='ocrx_word' id='word_1_487' title='bbox 1379 4045 1469 4086; x_wconf 89' lang='lat' dir='ltr'>rerum</span> <span class='ocrx_word' id='word_1_488' title='bbox 1483 4031 1645 4086; x_wconf 91' lang='lat' dir='ltr'>omniumin</span> 
     </span>
     <span class='ocr_line' id='line_1_45' title="bbox 298 4109 1646 4183; baseline -0.004 -14"><span class='ocrx_word' id='word_1_489' title='bbox 298 4111 441 4183; x_wconf 84' lang='lat' dir='ltr'>naturalis,</span> <span class='ocrx_word' id='word_1_490' title='bbox 454 4111 544 4166; x_wconf 86' lang='lat' dir='ltr'>divina</span> <span class='ocrx_word' id='word_1_491' title='bbox 554 4117 581 4166; x_wconf 91' lang='lat' dir='ltr'>et</span> <span class='ocrx_word' id='word_1_492' title='bbox 593 4111 750 4166; x_wconf 81' lang='lat' dir='ltr'>intermedia</span> <span class='ocrx_word' id='word_1_493' title='bbox 762 4111 964 4178; x_wconf 74' lang='lat' dir='ltr'>mathematica,</span> <span class='ocrx_word' id='word_1_494' title='bbox 978 4110 1122 4180; x_wconf 88' lang='lat' dir='ltr'>dequibus</span> <span class='ocrx_word' id='word_1_495' title='bbox 1135 4113 1196 4169; x_wconf 85' lang='lat' dir='ltr'>ride</span> <span class='ocrx_word' id='word_1_496' title='bbox 1209 4112 1334 4168; x_wconf 87' lang='lat' dir='ltr'>Proclum</span> <span class='ocrx_word' id='word_1_497' title='bbox 1349 4113 1448 4168; x_wconf 82' lang='lat' dir='ltr'>Coram.</span> <span class='ocrx_word' id='word_1_498' title='bbox 1463 4111 1492 4166; x_wconf 90' lang='lat' dir='ltr'>in</span> <span class='ocrx_word' id='word_1_499' title='bbox 1503 4109 1646 4165; x_wconf 79' lang='lat' dir='ltr'>Euclidem</span> 
     </span>
     <span class='ocr_line' id='line_1_46' title="bbox 241 4187 1646 4259; baseline -0.003 -11"><span class='ocrx_word' id='word_1_500' title='bbox 241 4215 244 4223; x_wconf 60' lang='grc'><strong>’</strong></span> <span class='ocrx_word' id='word_1_501' title='bbox 298 4191 346 4248; x_wconf 92' lang='lat' dir='ltr'>lih.</span> <span class='ocrx_word' id='word_1_502' title='bbox 358 4192 379 4246; x_wconf 94' lang='lat' dir='ltr'>I.</span> <span class='ocrx_word' id='word_1_503' title='bbox 397 4187 559 4246; x_wconf 78' lang='lat' dir='ltr'>Aristoteles</span> <span class='ocrx_word' id='word_1_504' title='bbox 572 4189 706 4244; x_wconf 86' lang='lat' dir='ltr'>naturalia</span> <span class='ocrx_word' id='word_1_505' title='bbox 718 4191 745 4244; x_wconf 90' lang='lat' dir='ltr'>iu</span> <span class='ocrx_word' id='word_1_506' title='bbox 758 4195 832 4244; x_wconf 90' lang='lat' dir='ltr'>motu</span> <span class='ocrx_word' id='word_1_507' title='bbox 845 4199 872 4244; x_wconf 90' lang='lat' dir='ltr'>et</span> <span class='ocrx_word' id='word_1_508' title='bbox 884 4189 1032 4244; x_wconf 86' lang='lat' dir='ltr'>mutatione</span> <span class='ocrx_word' id='word_1_509' title='bbox 1051 4189 1090 4244; x_wconf 91' lang='lat' dir='ltr'>ait</span> <span class='ocrx_word' id='word_1_510' title='bbox 1101 4191 1211 4246; x_wconf 81' lang='lat' dir='ltr'>versari.</span> <span class='ocrx_word' id='word_1_511' title='bbox 1228 4191 1328 4247; x_wconf 83' lang='lat' dir='ltr'>Divina</span> <span class='ocrx_word' id='word_1_512' title='bbox 1340 4207 1402 4248; x_wconf 81' lang='lat' dir='ltr'>vero</span> <span class='ocrx_word' id='word_1_513' title='bbox 1417 4189 1565 4246; x_wconf 87' lang='lat' dir='ltr'>immobilia</span> <span class='ocrx_word' id='word_1_514' title='bbox 1573 4189 1646 4259; x_wconf 80' lang='lat' dir='ltr'>facit,</span> 
     </span>
     <span class='ocr_line' id='line_1_47' title="bbox 299 4261 1647 4340; baseline 0 -16"><span class='ocrx_word' id='word_1_515' title='bbox 299 4268 372 4340; x_wconf 84' lang='lat' dir='ltr'>quod</span> <span class='ocrx_word' id='word_1_516' title='bbox 390 4268 434 4323; x_wconf 92' lang='lat' dir='ltr'>bic</span> <span class='ocrx_word' id='word_1_517' title='bbox 452 4274 494 4323; x_wconf 90' lang='lat' dir='ltr'>est</span> <span class='ocrx_word' id='word_1_518' title='bbox 517 4267 673 4322; x_wconf 84' lang='lat' dir='ltr'>Ptolemaeo</span> <span class='ocrx_word' id='word_1_519' title='bbox 691 4285 795 4338; x_wconf 74' lang='lat' dir='ltr'>conpar</span> <span class='ocrx_word' id='word_1_520' title='bbox 816 4285 878 4324; x_wconf 84' lang='lat' dir='ltr'>esse.</span> <span class='ocrx_word' id='word_1_521' title='bbox 915 4261 969 4323; x_wconf 81' lang='lat' dir='ltr'>Cur</span> <span class='ocrx_word' id='word_1_522' title='bbox 987 4277 1078 4324; x_wconf 90' lang='lat' dir='ltr'>autem</span> <span class='ocrx_word' id='word_1_523' title='bbox 1097 4270 1203 4325; x_wconf 86' lang='lat' dir='ltr'>bonitas</span> <span class='ocrx_word' id='word_1_524' title='bbox 1223 4271 1321 4328; x_wconf 84' lang='lat' dir='ltr'>divinis</span> <span class='ocrx_word' id='word_1_525' title='bbox 1339 4267 1516 4334; x_wconf 85' lang='lat' dir='ltr'>adscribatur,</span> <span class='ocrx_word' id='word_1_526' title='bbox 1534 4287 1589 4325; x_wconf 91' lang='lat' dir='ltr'>non</span> <span class='ocrx_word' id='word_1_527' title='bbox 1606 4269 1647 4324; x_wconf 88' lang='lat' dir='ltr'>iti·</span> 
     </span>
     <span class='ocr_line' id='line_1_48' title="bbox 300 4343 1647 4418; baseline -0.001 -14"><span class='ocrx_word' id='word_1_528' title='bbox 300 4349 361 4404; x_wconf 92' lang='lat' dir='ltr'>dem</span> <span class='ocrx_word' id='word_1_529' title='bbox 380 4355 408 4402; x_wconf 89' lang='lat' dir='ltr'>et</span> <span class='ocrx_word' id='word_1_530' title='bbox 433 4345 620 4414; x_wconf 75' lang='lat' dir='ltr'>naturalibus,</span> <span class='ocrx_word' id='word_1_531' title='bbox 648 4352 676 4399; x_wconf 91' lang='lat' dir='ltr'>et</span> <span class='ocrx_word' id='word_1_532' title='bbox 702 4361 771 4415; x_wconf 89' lang='lat' dir='ltr'>quae</span> <span class='ocrx_word' id='word_1_533' title='bbox 798 4343 843 4400; x_wconf 91' lang='lat' dir='ltr'>hic</span> <span class='ocrx_word' id='word_1_534' title='bbox 860 4347 986 4416; x_wconf 89' lang='lat' dir='ltr'>cognatio</span> <span class='ocrx_word' id='word_1_535' title='bbox 1014 4347 1111 4401; x_wconf 90' lang='lat' dir='ltr'>rationi</span> <span class='ocrx_word' id='word_1_536' title='bbox 1131 4349 1227 4403; x_wconf 89' lang='lat' dir='ltr'>mentis</span> <span class='ocrx_word' id='word_1_537' title='bbox 1255 4349 1389 4406; x_wconf 86' lang='lat' dir='ltr'>humanae</span> <span class='ocrx_word' id='word_1_538' title='bbox 1407 4363 1468 4404; x_wconf 90' lang='lat' dir='ltr'>cum</span> <span class='ocrx_word' id='word_1_539' title='bbox 1485 4347 1561 4418; x_wconf 88' lang='lat' dir='ltr'>Diis,</span> <span class='ocrx_word' id='word_1_540' title='bbox 1588 4347 1647 4402; x_wconf 87' lang='lat' dir='ltr'>ride</span> 
     </span>
     <span class='ocr_line' id='line_1_49' title="bbox 301 4422 1647 4497; baseline 0.002 -18"><span class='ocrx_word' id='word_1_541' title='bbox 301 4424 375 4493; x_wconf 87' lang='lat' dir='ltr'>apud</span> <span class='ocrx_word' id='word_1_542' title='bbox 393 4425 567 4481; x_wconf 85' lang='lat' dir='ltr'>Aristotelem</span> <span class='ocrx_word' id='word_1_543' title='bbox 585 4422 630 4478; x_wconf 88' lang='lat' dir='ltr'>lib.</span> <span class='ocrx_word' id='word_1_544' title='bbox 649 4423 709 4480; x_wconf 86' lang='grc' dir='ltr'><strong>ΧΙΙ.</strong></span> <span class='ocrx_word' id='word_1_545' title='bbox 728 4424 985 4496; x_wconf 79' lang='lat' dir='ltr'>Metaphysicorum.</span> <span class='ocrx_word' id='word_1_546' title='bbox 1023 4427 1086 4481; x_wconf 83' lang='lat' dir='ltr'>Non</span> <span class='ocrx_word' id='word_1_547' title='bbox 1105 4427 1176 4482; x_wconf 91' lang='lat' dir='ltr'>enim</span> <span class='ocrx_word' id='word_1_548' title='bbox 1193 4427 1301 4484; x_wconf 88' lang='lat' dir='ltr'>bonitas</span> <span class='ocrx_word' id='word_1_549' title='bbox 1319 4428 1444 4484; x_wconf 89' lang='lat' dir='ltr'>absoluto</span> <span class='ocrx_word' id='word_1_550' title='bbox 1463 4435 1579 4497; x_wconf 90' lang='lat' dir='ltr'>negatur</span> <span class='ocrx_word' id='word_1_551' title='bbox 1596 4425 1647 4496; x_wconf 88' lang='lat' dir='ltr'>ipsi</span> 
     </span>
     <span class='ocr_line' id='line_1_50' title="bbox 300 4503 1647 4576; baseline 0.001 -18"><span class='ocrx_word' id='word_1_552' title='bbox 300 4517 357 4558; x_wconf 80' lang='lat' dir='ltr'>esse</span> <span class='ocrx_word' id='word_1_553' title='bbox 379 4505 511 4575; x_wconf 81' lang='lat' dir='ltr'>naturali,</span> <span class='ocrx_word' id='word_1_554' title='bbox 535 4503 651 4572; x_wconf 78' lang='lat' dir='ltr'>tediis,</span> <span class='ocrx_word' id='word_1_555' title='bbox 683 4521 752 4575; x_wconf 87' lang='lat' dir='ltr'>quse</span> <span class='ocrx_word' id='word_1_556' title='bbox 775 4509 839 4563; x_wconf 79' lang='lat' dir='ltr'>berte</span> <span class='ocrx_word' id='word_1_557' title='bbox 863 4521 919 4562; x_wconf 81' lang='lat' dir='ltr'>esse</span> <span class='ocrx_word' id='word_1_558' title='bbox 936 4505 1076 4562; x_wconf 85' lang='lat' dir='ltr'>dicuutur:</span> <span class='ocrx_word' id='word_1_559' title='bbox 1103 4515 1134 4563; x_wconf 88' lang='lat' dir='ltr'>ut</span> <span class='ocrx_word' id='word_1_560' title='bbox 1151 4507 1223 4576; x_wconf 90' lang='lat' dir='ltr'>ligno</span> <span class='ocrx_word' id='word_1_561' title='bbox 1242 4524 1293 4564; x_wconf 86' lang='lat' dir='ltr'>sua</span> <span class='ocrx_word' id='word_1_562' title='bbox 1311 4509 1430 4565; x_wconf 85' lang='lat' dir='ltr'>essentia</span> <span class='ocrx_word' id='word_1_563' title='bbox 1448 4516 1491 4562; x_wconf 88' lang='lat' dir='ltr'>est</span> <span class='ocrx_word' id='word_1_564' title='bbox 1508 4505 1647 4574; x_wconf 73' lang='lat' dir='ltr'>namnlh,</span> 
     </span>
     <span class='ocr_line' id='line_1_51' title="bbox 302 4584 1648 4656; baseline 0.004 -21"><span class='ocrx_word' id='word_1_565' title='bbox 302 4595 412 4636; x_wconf 86' lang='lat' dir='ltr'>mensae</span> <span class='ocrx_word' id='word_1_566' title='bbox 429 4598 493 4639; x_wconf 85' lang='lat' dir='ltr'>vero</span> <span class='ocrx_word' id='word_1_567' title='bbox 510 4593 566 4640; x_wconf 89' lang='lat' dir='ltr'>tam</span> <span class='ocrx_word' id='word_1_568' title='bbox 583 4585 728 4654; x_wconf 84' lang='lat' dir='ltr'>naturalis,</span> <span class='ocrx_word' id='word_1_569' title='bbox 757 4585 835 4655; x_wconf 87' lang='lat' dir='ltr'>ligni,</span> <span class='ocrx_word' id='word_1_570' title='bbox 864 4599 945 4653; x_wconf 86' lang='lat' dir='ltr'>quam</span> <span class='ocrx_word' id='word_1_571' title='bbox 963 4584 1126 4656; x_wconf 81' lang='lat' dir='ltr'>artificialis,</span> <span class='ocrx_word' id='word_1_572' title='bbox 1153 4585 1257 4655; x_wconf 78' lang='lat' dir='ltr'>figurae</span> <span class='ocrx_word' id='word_1_573' title='bbox 1280 4586 1419 4655; x_wconf 82' lang='lat' dir='ltr'>utensilia,</span> <span class='ocrx_word' id='word_1_574' title='bbox 1446 4585 1485 4640; x_wconf 91' lang='lat' dir='ltr'>ita</span> <span class='ocrx_word' id='word_1_575' title='bbox 1503 4592 1559 4640; x_wconf 86' lang='lat' dir='ltr'>tam</span> <span class='ocrx_word' id='word_1_576' title='bbox 1584 4585 1648 4640; x_wconf 62' lang='lat' dir='ltr'>Mat</span> 
     </span>
     <span class='ocr_line' id='line_1_52' title="bbox 302 4663 1648 4735; baseline -0.007 -8"><span class='ocrx_word' id='word_1_577' title='bbox 302 4675 358 4716; x_wconf 72' lang='lat'>⁶⁸⁰⁶</span> <span class='ocrx_word' id='word_1_578' title='bbox 381 4674 462 4727; x_wconf 67' lang='lat' dir='ltr'>(lm</span> <span class='ocrx_word' id='word_1_579' title='bbox 482 4679 586 4735; x_wconf 70' lang='lat' dir='ltr'>temper</span> <span class='ocrx_word' id='word_1_580' title='bbox 608 4681 665 4722; x_wconf 82' lang='lat' dir='ltr'>esse</span> <span class='ocrx_word' id='word_1_581' title='bbox 690 4665 889 4735; x_wconf 87' lang='lat' dir='ltr'>praesupponit</span> <span class='ocrx_word' id='word_1_582' title='bbox 914 4664 1023 4733; x_wconf 87' lang='lat' dir='ltr'>aliquod</span> <span class='ocrx_word' id='word_1_583' title='bbox 1049 4681 1105 4722; x_wconf 81' lang='lat' dir='ltr'>case</span> <span class='ocrx_word' id='word_1_584' title='bbox 1133 4666 1257 4722; x_wconf 88' lang='lat' dir='ltr'>naturale</span> <span class='ocrx_word' id='word_1_585' title='bbox 1282 4681 1332 4735; x_wconf 92' lang='lat' dir='ltr'>pro</span> <span class='ocrx_word' id='word_1_586' title='bbox 1357 4663 1541 4719; x_wconf 80' lang='lat' dir='ltr'>fundamento.</span> <span class='ocrx_word' id='word_1_587' title='bbox 1577 4663 1648 4732; x_wconf 79' lang='lat' dir='ltr'>Quin</span> 
     </span>
     <span class='ocr_line' id='line_1_53' title="bbox 302 4735 1647 4814; baseline 0.004 -23"><span class='ocrx_word' id='word_1_588' title='bbox 302 4739 384 4792; x_wconf 86' lang='lat' dir='ltr'>etiam</span> <span class='ocrx_word' id='word_1_589' title='bbox 407 4735 435 4791; x_wconf 87' lang='lat' dir='ltr'>in</span> <span class='ocrx_word' id='word_1_590' title='bbox 456 4740 516 4808; x_wconf 87' lang='lat' dir='ltr'>ipso</span> <span class='ocrx_word' id='word_1_591' title='bbox 534 4759 639 4814; x_wconf 75' lang='lat' dir='ltr'>semper</span> <span class='ocrx_word' id='word_1_592' title='bbox 655 4761 712 4801; x_wconf 81' lang='lat' dir='ltr'>erse</span> <span class='ocrx_word' id='word_1_593' title='bbox 728 4745 800 4800; x_wconf 89' lang='lat' dir='ltr'>inest</span> <span class='ocrx_word' id='word_1_594' title='bbox 826 4749 854 4798; x_wconf 88' lang='lat' dir='ltr'>at</span> <span class='ocrx_word' id='word_1_595' title='bbox 880 4745 945 4799; x_wconf 79' lang='lat' dir='ltr'>berta</span> <span class='ocrx_word' id='word_1_596' title='bbox 966 4759 1036 4814; x_wconf 61' lang='lat' dir='ltr'>essm</span> <span class='ocrx_word' id='word_1_597' title='bbox 1066 4743 1114 4800; x_wconf 87' lang='lat' dir='ltr'>sed</span> <span class='ocrx_word' id='word_1_598' title='bbox 1139 4742 1167 4799; x_wconf 90' lang='lat' dir='ltr'>ld</span> <span class='ocrx_word' id='word_1_599' title='bbox 1185 4743 1300 4802; x_wconf 84' lang='lat' dir='ltr'>alterius¹</span> <span class='ocrx_word' id='word_1_600' title='bbox 1316 4743 1423 4814; x_wconf 85' lang='lat' dir='ltr'>generis</span> <span class='ocrx_word' id='word_1_601' title='bbox 1441 4759 1521 4812; x_wconf 83' lang='lat' dir='ltr'>quam</span> <span class='ocrx_word' id='word_1_602' title='bbox 1539 4743 1568 4798; x_wconf 92' lang='lat' dir='ltr'>in</span> <span class='ocrx_word' id='word_1_603' title='bbox 1585 4742 1647 4797; x_wconf 85' lang='lat' dir='ltr'>har-</span> 
     </span>
     <span class='ocr_line' id='line_1_54' title="bbox 304 4814 1647 4904; baseline 0.003 -30"><span class='ocrx_word' id='word_1_604' title='bbox 304 4814 425 4876; x_wconf 78' lang='lat' dir='ltr'>mouth.</span> <span class='ocrx_word' id='word_1_605' title='bbox 458 4816 520 4872; x_wconf 85' lang='lat' dir='ltr'>Non</span> <span class='ocrx_word' id='word_1_606' title='bbox 537 4831 610 4880; x_wconf 84' lang='lat' dir='ltr'>esset</span> <span class='ocrx_word' id='word_1_607' title='bbox 627 4825 698 4880; x_wconf 92' lang='lat' dir='ltr'>enim</span> <span class='ocrx_word' id='word_1_608' title='bbox 716 4823 824 4896; x_wconf 87' lang='lat' dir='ltr'>optime,</span> <span class='ocrx_word' id='word_1_609' title='bbox 842 4822 894 4879; x_wconf 84' lang='lat' dir='ltr'>nisi</span> <span class='ocrx_word' id='word_1_610' title='bbox 912 4829 1162 4892; x_wconf 72' lang='lat' dir='ltr'>occuparemus</span> <span class='ocrx_word' id='word_1_611' title='bbox 1188 4821 1261 4904; x_wconf 84' lang='lat' dir='ltr'>Illud</span> <span class='ocrx_word' id='word_1_612' title='bbox 1277 4837 1342 4879; x_wconf 87' lang='lat' dir='ltr'>rero</span> <span class='ocrx_word' id='word_1_613' title='bbox 1361 4823 1427 4879; x_wconf 79' lang='lat' dir='ltr'>barat</span> <span class='ocrx_word' id='word_1_614' title='bbox 1444 4837 1514 4891; x_wconf 81' lang='lat' dir='ltr'>esst,</span> <span class='ocrx_word' id='word_1_615' title='bbox 1542 4821 1577 4877; x_wconf 88' lang='lat' dir='ltr'>de</span> <span class='ocrx_word' id='word_1_616' title='bbox 1593 4835 1647 4892; x_wconf 83' lang='lat' dir='ltr'>quo</span> 
     </span>
    </p>
   </div>
   <div class='ocr_carea' id='block_1_8' title="bbox 0 0 1870 5534">
    <p class='ocr_par' dir='ltr' id='par_1_9' title="bbox 0 0 1870 5534">
     <span class='ocr_line' id='line_1_55' title="bbox 0 0 1870 5534; baseline 0 0"><span class='ocrx_word' id='word_1_617' title='bbox 0 0 1870 5534; x_wconf 95' lang='lat' dir='ltr'> </span> 
     </span>
    </p>
   </div>
  </div>
 </body>
</html>
