3676 5536
301 340 365 400 260
713 329 755 384 De
774 327 1036 398 confirmatoribus
1054 332 1231 390 Humonfcis.
1333 337 1343 364 0

298 512 463 592 praefectae
494 516 571 588 sunt,
616 508 662 568 De
689 509 819 584 principe
842 507 958 583 quidem
985 486 1100 571 enimes
1128 469 1280 586 facultate,
1315 529 1391 590 quae
1420 529 1503 572 meus
1533 512 1646 588 dicitur,

298 609 413 679 praeter
436 599 496 672 illa,
520 615 597 675 quae
618 613 708 673 supra
731 611 794 671 cap.
815 598 840 654 1.
865 612 901 654 ex
923 595 1028 662 Proclo
1050 599 1150 671 attuli,
1174 599 1246 658 nihil
1270 599 1405 660 admonet
1427 603 1577 677 negotium
1599 617 1648 660 re·

170 725 174 732 ι
299 688 471 761 dictionum,
495 685 576 762 quod
598 684 692 742 dicam
715 683 851 757 amplius.
895 683 949 743 Est
972 685 1024 744 illa
1046 695 1193 764 punctum,
1217 696 1250 746 nt
1270 705 1366 763 mens3
1390 698 1435 748 est
1457 689 1591 762 circulus,
1615 697 1649 748 ut

297 778 498 850 ratiocinati03
530 781 576 834 est
597 775 710 846 imago,
734 769 833 830 vultus
856 769 964 846 divioi;
995 783 1039 832 est
1061 774 1227 847 harmonia,
1251 776 1349 854 quoad
1372 780 1518 853 energiam
1540 791 1646 850 unam3

297 872 366 923 sunt
387 865 417 921 in
438 880 477 923 ea
499 861 583 920 ideae
605 867 634 919 et
656 860 771 935 species
793 857 1026 935 mathematicae,
1050 879 1102 937 per
1125 863 1279 937 circulum3
1309 864 1359 922 dat
1388 863 1439 921 illa
1468 864 1564 934 hisee,
1598 864 1647 922 dat

202 1019 203 1024 η
297 961 327 1011 et
349 953 507 1012 harmoniis
538 965 595 1006 ease
617 963 704 1005 suum
725 944 930 1006 intellectuale.
975 945 1059 1008 Haec
1088 952 1186 1008 omnia
1207 953 1335 1026 requirat
1362 952 1453 1010 lector
1474 969 1510 1010 ex
1532 954 1647 1028 superi-

298 1041 417 1114 oribus,
449 1039 497 1098 hic
518 1035 650 1112 pluribus
672 1050 732 1092 non
755 1043 798 1093 est
823 1049 905 1108 opus.
951 1031 1049 1094 Unum
1072 1035 1128 1095 boc
1150 1053 1255 1098 moneo
1279 1037 1317 1097 de
1337 1037 1435 1098 Procli
1458 1045 1645 1115 argumenta-

297 1130 393 1187 tione:
426 1144 484 1185 non
507 1123 601 1184 videri
624 1121 707 1180 illam
730 1122 784 1180 uiti
809 1120 893 1180 honis
912 1123 1065 1203 exemplis,
1088 1124 1155 1184 dum
1178 1124 1312 1198 inculcat,
1335 1125 1402 1186 ideo
1417 1125 1518 1201 lineas,
1542 1137 1645 1204 super·

296 1216 376 1276 ficies
399 1222 429 1273 et
449 1220 559 1290 puncta
580 1212 609 1268 in
633 1210 732 1268 aalma
754 1208 925 1280 statuenda,
950 1213 1020 1286 quia
1042 1215 1071 1269 in
1094 1214 1250 1283 sensilibus
1272 1213 1370 1273 nullas
1392 1229 1482 1290 purae
1506 1221 1535 1274 et
1557 1229 1645 1291 sepa-

294 1313 377 1363 ratae
398 1300 575 1379 superficies,
599 1298 694 1357 lineae
718 1295 766 1354 vel
789 1305 898 1372 puncta
918 1299 985 1356 sint.
1031 1300 1122 1376 Atqui
1145 1317 1198 1359 uec
1220 1303 1249 1360 in
1272 1303 1370 1360 anima
1392 1309 1437 1361 est
1458 1302 1537 1361 linea
1559 1319 1643 1378 pure,

294 1407 327 1450 se
349 1394 415 1467 ipsa
436 1391 608 1460 subsistens,
630 1383 683 1444 sed
705 1385 834 1442 inexistit
850 1385 880 1442 iu
894 1384 1046 1462 superficie
1061 1389 1191 1458 mentali,
1215 1387 1298 1464 cujus
1321 1397 1365 1447 est
1388 1392 1564 1468 extremitas,
1586 1405 1643 1447 non
1702 1397 1705 1412 ·

294 1481 390 1537 minas
418 1493 506 1554 quam
535 1471 751 1533 insensilibus
779 1472 993 1547 quantitatibus
1034 1477 1179 1552 corporeis
1207 1478 1283 1536 inest
1318 1475 1484 1554 superficies
1513 1493 1593 1535 mera
1614 1479 1643 1534 in

295 1568 478 1625 extremitate
501 1563 639 1640 corporis,
662 1559 742 1618 linea
763 1575 843 1618 mera
866 1561 894 1618 in
919 1565 1099 1622 extremitate
1120 1563 1298 1642 superficiei,
1320 1573 1459 1640 punctum
1481 1581 1591 1622 merum
1613 1566 1642 1622 in

294 1662 424 1716 extremo
447 1653 557 1710 lineae:
592 1647 825 1725 imperfectamm
859 1649 936 1706 enim
960 1653 1154 1724 quantitatum
1177 1667 1235 1710 aare
1258 1661 1302 1710 est
1323 1654 1416 1710 incure
1445 1654 1475 1708 in
1497 1652 1642 1728 perfectis.

279 1741 414 1802 ‘Scilicet
440 1754 547 1817 genera
569 1735 688 1813 quidem
710 1733 917 1794 mathematica
938 1752 996 1795 non
1020 1746 1087 1796 sunt
1109 1738 1195 1797 aliter
1216 1741 1247 1798 in
1270 1741 1381 1812 anima,
1412 1757 1500 1815 quam
1523 1742 1641 1797 uniuer-

293 1829 369 1890 salia
390 1837 488 1888 estem
510 1832 727 1903 conceptusque
750 1825 832 1896 varii,
856 1823 995 1884 abstracti
1011 1841 1029 1883 a
1045 1824 1221 1905 scurilitas,
1243 1834 1274 1885 at
1296 1829 1457 1902 specierum
1479 1825 1642 1886 mathema·

291 1920 414 1976 ticenum
437 1913 498 1986 illa,
525 1929 603 1988 quae
624 1909 750 1970 cirmrlus
767 1908 878 1984 dicitur,
902 1910 989 1987 longe
1005 1911 1064 1971 elia
1086 1915 1198 1972 ratione
1221 1917 1297 1974 inest
1311 1915 1435 1988 animae,
1458 1929 1515 1972 non
1531 1921 1643 1972 tautum

291 2013 326 2064 ut
348 2005 415 2064 idea
436 2017 532 2062 rerum
554 2008 748 2070 externarum,
772 1997 824 2056 sed
847 1997 935 2058 etiam
958 2007 990 2057 ut
1011 1999 1104 2058 forma
1127 2000 1272 2076 quaedam
1294 2003 1386 2076 ipsius
1410 2004 1536 2076 animae,
1559 1999 1643 2060 deni-

292 2109 351 2169 que
384 2098 417 2150 ut
444 2089 656 2166 promtuarium
688 2086 804 2142 unicum
840 2089 935 2145 omnis
965 2090 1162 2163 geomeuicae
1201 2097 1229 2148 et
1262 2089 1461 2148 arithmeticae
1493 2089 1641 2158 scientiae,

291 2194 415 2256 quorum
437 2176 511 2236 illud
533 2179 564 2234 in
586 2174 718 2234 doetdna
740 2174 873 2246 sinuum,
902 2173 960 2232 hoc
988 2178 1018 2232 in
1041 2175 1167 2238 mirabili
1197 2175 1436 2252 lugarithmorum
1457 2177 1577 2252 negotio
1598 2183 1644 2234 eat

291 2266 558 2335 evidentissimum,
588 2263 674 2320 utin
697 2255 804 2334 quibus
835 2277 872 2318 ex
893 2261 1002 2320 circulo
1034 2265 1104 2321 ortis
1135 2263 1245 2322 abacus
1269 2263 1386 2339 quidam
1417 2266 1492 2322 ineat
1515 2265 1644 2334 omnium

290 2353 571 2431 multiplicationum
593 2358 624 2430 et
646 2348 840 2418 divisionum,
873 2363 948 2422 quae
971 2365 1101 2426 unquam
1123 2349 1185 2411 fieri
1207 2358 1343 2428 possunt,
1374 2351 1466 2410 veluti
1485 2349 1549 2426 jam
1571 2367 1643 2410 cou-

290 2441 441 2502 fectarum.
465 2439 530 2499 Sed
540 2438 611 2496 satis
628 2435 665 2496 de
688 2435 818 2512 principe
841 2436 956 2495 animae
978 2436 1133 2510 facultate3
1160 2441 1311 2498 veniamus
1334 2453 1410 2500 nunc
1432 2438 1469 2496 ad
1484 2437 1643 2498 inferiores

378 2525 518 2588 Facultes
539 2527 641 2598 itaqua
666 2519 765 2580 vitalis
788 2523 817 2578 in
833 2522 951 2582 homino
973 2540 1032 2582 non
1048 2524 1213 2602 harmonias
1227 2533 1341 2584 tautum
1357 2525 1445 2586 radiis
1468 2525 1573 2584 lucidis
1597 2527 1644 2582 in-

293 2616 413 2676 volutae
435 2630 535 2673 seeum
556 2611 655 2682 habet,
677 2605 729 2668 sed
752 2611 841 2668 etiam
863 2607 1041 2682 harmonias,
1064 2629 1201 2671 souomm
1224 2614 1376 2688 speciebus
1397 2615 1583 2672 incrustatas.
1606 2611 1644 2670 lit

224 2685 228 2702 ⁸
290 2719 379 2763 sonos
403 2701 521 2778 quidem
543 2699 662 2758 auribus
686 2695 783 2755 haurit
805 2705 838 2754 ut
861 2697 1008 2772 objectum
1031 2701 1188 2778 proprium,
1220 2698 1317 2758 radios
1340 2717 1409 2760 vero
1433 2699 1560 2760 siderum
1582 2717 1642 2758 non

290 2798 325 2849 nt
347 2791 440 2848 oculis
463 2805 528 2860 eos,
560 2784 612 2845 sed
635 2791 669 2844 ut
691 2783 742 2842 illo
771 2785 835 2858 ipso
858 2789 1053 2862 perceptionis
1081 2786 1169 2865 paulo
1192 2790 1325 2864 superius
1347 2787 1509 2865 explicatae
1532 2789 1643 2847 obscu-

291 2879 359 2936 riori
383 2874 471 2936 modo
492 2874 635 2946 admittit,
663 2871 701 2930 ad
729 2868 898 2930 harmoniae
929 2879 1070 2932 connatas
1093 2873 1174 2933 ideas
1197 2877 1352 2934 examinat.
1396 2874 1473 2934 Nam
1495 2891 1538 2947 eu,
1563 2889 1639 2951 quae

291 2963 426 3024 videntur
448 2962 550 3034 oculis,
574 2963 705 3020 serviant
728 2956 880 3032 discursui,
905 2959 1120 3020 harmoniarum
1143 2963 1254 3038 agnitio
1277 2965 1340 3022 sine
1363 2961 1493 3020 discursu
1516 2969 1570 3022 est.
1594 2961 1643 3021 Sic

290 3053 422 3110 lunatam
444 3067 508 3109 esse
529 3047 611 3125 pullo
633 3047 797 3122 gallinaceo
822 3046 919 3108 ideam
941 3048 1040 3122 milvi,
1075 3051 1173 3108 sciscit
1200 3047 1231 3110 J.
1255 3049 1288 3109 Ο.
1312 3047 1458 3124 Scaliger3
1486 3065 1544 3108 non
1577 3065 1642 3107 eam

291 3139 410 3216 quidem
433 3135 603 3213 simplicem,
627 3134 679 3194 ted
702 3149 769 3192 cum
790 3143 862 3194 uota
882 3135 1038 3212 fugiendae
1053 3137 1199 3210 perniciei.
1243 3135 1320 3196 Hine
1343 3138 1431 3212 igitur
1453 3137 1563 3196 hahent
1586 3135 1643 3195 hoc

249 3245 252 3259 ·
290 3229 406 3290 animae
428 3225 588 3296 humanae,
621 3221 701 3299 quod
723 3219 778 3279 suh
801 3230 917 3299 tempus
939 3232 1110 3301 aspectuum
1133 3223 1303 3284 coelestium
1325 3227 1501 3300 praecipuos
1524 3226 1645 3301 capiunt

290 3316 415 3389 impetus
439 3312 477 3372 ad
499 3311 632 3388 negotiu,
667 3325 744 3386 quae
771 3308 829 3368 suh
857 3311 993 3370 manibus
1010 3311 1139 3388 habent,
1167 3312 1342 3390 peragenda
1387 3309 1474 3385 Quod
1501 3313 1578 3372 euim
1601 3319 1644 3389 eat

291 3401 361 3460 bovi
382 3398 533 3471 stimulus,
566 3413 642 3475 equo
668 3397 764 3457 wear
785 3401 837 3455 aut
860 3397 1035 3472 celetismus,
1058 3398 1142 3456 militi
1166 3409 1336 3477 tympanum
1350 3405 1380 3457 et
1401 3399 1566 3472 classicum,
1589 3415 1644 3459 au-

291 3487 432 3547 ditoribus
457 3487 552 3546 oratio
575 3488 732 3558 incentiva,
757 3484 859 3544 turbae
880 3488 1054 3546 rusticorum
1077 3486 1237 3545 modulatio
1260 3503 1312 3565 per
1333 3483 1477 3559 fletnlam,
1503 3485 1641 3548 utriculos

287 3583 321 3636 et
343 3575 520 3654 pandarum,
554 3573 611 3633 hoe
633 3582 679 3632 est
701 3575 861 3647 universis,
895 3577 1052 3651 praecipue
1076 3589 1144 3634 vero
1167 3576 1196 3631 in
1219 3591 1309 3634 unum
1333 3575 1534 3650 congregatis,
1570 3591 1641 3633 con·

251 3733 252 3738 γ
290 3663 427 3738 figuratio
450 3662 583 3724 coelestis
606 3659 776 3720 idoneorum
799 3659 998 3737 planetarum
1031 3669 1064 3721 ut
1086 3670 1115 3722 et
1136 3659 1242 3737 singuli
1269 3664 1298 3718 in
1322 3663 1383 3721 suls
1399 3661 1639 3721 meditationibus

291 3753 445 3827 operisque
468 3752 631 3821 incitentur,
656 3757 685 3807 et
707 3751 834 3808 universi
857 3748 894 3806 ad
917 3749 1142 3825 conspirandum
1157 3749 1369 3825 sociandasque
1393 3747 1527 3809 dexteras
1541 3766 1640 3825 prom-

290 3839 379 3898 tlores
401 3838 482 3898 hant
527 3837 632 3914 Itaque
656 3838 684 3894 in
706 3835 812 3896 militia
834 3837 935 3895 videas
957 3836 1128 3914 plerumque
1151 3835 1277 3914 proelia,
1307 3851 1436 3912 pugnas,
1460 3838 1637 3908 invasiones,

290 3925 434 3998 multus,
469 3925 717 4001 expugnationes,
748 3921 906 3996 tumultus,
935 3926 1056 4000 panicus
1085 3934 1207 3984 terrores
1236 3925 1292 3984 sub
1314 3931 1445 4001 tempora
1467 3933 1637 4002 aspectuum

192 4058 205 4086 ,
290 4012 394 4072 Martie
417 4019 447 4072 et
467 4011 622 4084 Mercurii,
652 4009 741 4070 Jovis
765 4019 794 4070 et
816 4007 937 4084 Martis,
966 4009 1045 4071 Solis
1067 4021 1097 4072 et
1117 4011 1238 4086 Martis,
1268 4010 1383 4070 Saturni
1408 4019 1437 4071 et
1458 4011 1563 4071 Martis
1585 4021 1637 4072 etc.

288 4103 430 4175 exurerer
463 4102 493 4158 in
516 4099 686 4177 epidemlcis
711 4098 818 4157 morbis
848 4096 946 4172 plures
975 4105 1105 4175 tempore
1127 4097 1293 4160 validorum
1320 4107 1491 4176 aspectuum
1515 4097 1634 4159 decum-

290 4187 375 4261 bere,
405 4189 524 4264 grarius
547 4188 692 4263 torqueri,
724 4192 776 4246 aut
806 4187 893 4244 etiam
925 4187 1013 4258 mori,
1044 4195 1148 4245 natura
1176 4203 1217 4246 sc.
1240 4185 1392 4246 deficiente
1419 4188 1449 4242 in
1472 4185 1552 4247 lucta
1574 4205 1638 4246 cum

290 4276 406 4357 morbo,
438 4274 475 4334 ad
499 4291 587 4351 quam
608 4272 718 4332 luctam
748 4269 817 4350 (non
841 4289 911 4331 vero
932 4272 971 4332 ad
992 4271 1130 4355 mortem)
1159 4276 1295 4332 incitatur
1324 4275 1361 4332 ab
1385 4282 1513 4348 aspectu.
1558 4265 1661 4349 Quae'

290 4365 388 4423 omnia
410 4379 469 4422 non
491 4361 605 4422 coelum
628 4363 723 4438 ipsum
745 4361 815 4420 facit
836 4362 900 4420 sine
923 4359 1036 4434 medio,
1065 4362 1117 4421 sed
1147 4364 1261 4421 animae
1290 4360 1416 4420 facultas
1438 4362 1550 4434 vitalis,
1575 4378 1638 4420 cunr

291 4449 466 4510 coelestibus
489 4449 648 4508 harmoniis
671 4463 760 4524 opera
782 4464 837 4506 sua
859 4451 1046 4516 consocians,
1077 4451 1269 4527 principatum
1298 4455 1378 4508 tenet
1400 4450 1428 4505 in
1451 4448 1521 4521 boc,
1550 4449 1638 4525 vulgo

290 4539 333 4596 sic
356 4535 443 4610 dieto,
466 4538 579 4596 influxu
602 4534 686 4596 coeli.
710 4533 829 4596 Scilicet
851 4535 925 4596 haec
948 4553 1007 4596 uox
1028 4535 1155 4596 influxus
1177 4537 1334 4596 fascinavit
1351 4534 1542 4614 philosophos
1565 4553 1638 4594 uon-

290 4621 406 4694 uullos,
437 4632 470 4682 ut
492 4641 558 4684 eum
579 4625 739 4701 ineptiante
763 4623 853 4700 vulgo
876 4625 933 4700 ipsi
953 4626 1094 4698 insanire,
1131 4641 1219 4700 quem
1249 4639 1362 4682 mecum
1384 4639 1488 4699 sapere
1509 4621 1637 4683 mallent

290 4709 422 4787 Quorum
439 4727 510 4771 saue
533 4729 622 4787 quam
644 4711 757 4772 infirma
780 4720 825 4772 est
847 4719 967 4772 catena:
999 4721 1078 4774 asca
1104 4729 1191 4788 agere
1214 4713 1243 4768 in
1266 4714 1379 4784 ebreus,
1411 4710 1489 4770 huuc
1511 4711 1541 4768 iu
1563 4718 1637 4770 tem-

288 4803 490 4875 peramentum
511 4802 659 4877 corporis,
677 4799 819 4876 fraujam
842 4801 872 4858 iu
894 4801 1030 4860 animam.
1075 4799 1146 4858 Esto
1168 4800 1226 4860 boc
1246 4799 1276 4856 in
1299 4797 1491 4875 quibusdam,
1513 4805 1545 4858 at
1566 4795 1637 4875 quid
