3732 5528
724 344 805 399 Liber
821 344 869 399 ΙΙΙ.
888 343 977 412 caput
993 341 1065 398 xvi.
1500 343 1561 404 409

218 533 355 578 sonorum
378 521 524 597 oppositio
548 520 699 600 diapason,
723 525 794 598 quia
810 528 1050 583 conbasonantes
1073 519 1209 581 dicuntur
1231 520 1390 581 stillarum
1413 521 1561 598 proportio

219 605 309 683 dupla
329 609 409 683 prius
433 610 461 665 in
485 612 701 686 comparatione
724 627 790 669 oum
813 609 1091 686 configurationibus
1107 609 1284 686 oppositioni
1299 609 1562 688 aequiparabatur3

217 693 292 752 inter
315 711 384 754 vero
407 695 735 771 proslambanomenon,
766 695 892 756 Saturno
918 697 1070 769 tributam,
1101 703 1131 755 et
1153 695 1246 755 dictes
1269 695 1342 755 diras
1365 705 1410 756 est
1432 694 1563 755 similitor

218 783 462 857 contrasonantia,
487 783 525 842 ad
547 797 646 844 mesen
669 784 800 862 simplex,
824 784 861 843 ad
885 792 971 842 neten
988 781 1104 859 duplex,
1128 781 1315 860 disdiapason
1338 783 1430 843 dicta:
1455 785 1561 859 quippo

218 874 247 928 et
269 867 376 945 duplae
398 873 593 948 proportionis
617 871 747 948 duplum,
770 871 827 932 hoc
849 879 893 932 ειι
916 863 1081 948 quadrupla
1104 874 1253 949 proportio
1275 873 1402 930 interest.
1436 870 1562 930 Rursum
1679 903 1681 908 ·

216 957 291 1014 inter
312 955 421 1016 dorem
445 969 474 1016 et
498 959 641 1018 Venerem
665 957 811 1018 beneficos
833 949 1017 1017 familiaritas
1040 965 1093 1028 est,
1117 957 1295 1036 respondens
1318 957 1561 1026 identisonantiae

218 1041 358 1122 diapason
390 1045 464 1104 iuter
493 1045 623 1124 hypaton
645 1045 777 1124 hypaton
800 1055 830 1105 et
857 1045 1039 1124 paramesen.
1085 1045 1165 1126 Mars
1188 1063 1306 1122 quoquo
1329 1062 1394 1105 cum
1418 1037 1560 1105 Mercurio

217 1131 376 1190 amicitiam
400 1131 485 1207 colit,
516 1141 549 1192 ut
571 1141 616 1194 εει
638 1135 712 1192 ἱιιιει
733 1133 863 1212 hypaten
886 1150 988 1195 meson
1010 1141 1039 1192 et
1059 1141 1146 1192 neten
1169 1131 1397 1209 diezeugmenon
1420 1131 1561 1192 identiso·

216 1221 318 1298 nantia
345 1218 486 1296 diapason
504 1217 559 1300 ΠΙ).
604 1221 775 1299 Respondet
802 1228 832 1280 et
853 1220 924 1292 hoc,
957 1219 1036 1295 quod
1059 1227 1159 1280 otest
1185 1221 1260 1280 inter
1282 1221 1370 1280 maris
1392 1236 1510 1296 gravem
1533 1229 1563 1279 et
1600 1293 1604 1311 ,

216 1307 343 1366 feminae
366 1316 482 1366 acutam
505 1324 613 1382 vocem¹
630 1307 802 1385 plerumque
825 1309 1017 1367 consonantia
1040 1307 1182 1384 diapason
1204 1305 1290 1387 (quas
1313 1325 1400 1367 voces
1423 1315 1453 1368 ει
1473 1312 1562 1366 natu-

217 1410 267 1453 rae
291 1402 460 1470 sequuntur,
485 1402 514 1455 et
536 1397 635 1455 munia
658 1403 687 1456 ει
708 1397 785 1456 vires
807 1397 1084 1472 utriusquesexus3
1107 1402 1142 1454 ut
1156 1402 1252 1454 tarum
1276 1397 1484 1454 contrariomm
1506 1393 1562 1454 bo·

216 1498 282 1538 rum
305 1481 439 1540 binorum
461 1485 628 1558 gratissima
649 1485 686 1542 sit
709 1483 831 1559 copula,
848 1485 891 1540 ‘in
921 1498 1010 1540 unum
1040 1484 1235 1559 generationis
1258 1481 1421 1559 domusque
1444 1488 1561 1542 sustan-

219 1567 327 1628 tandao
351 1586 425 1645 opus
448 1566 637 1649 conspirans),
660 1587 754 1647 eoque
776 1586 871 1628 mares
893 1569 1035 1641 gravibus
1057 1571 1086 1628 in
1102 1569 1269 1628 harmonico
1291 1577 1450 1648 systemate
1472 1572 1561 1637 souis,

217 1655 344 1715 feminae
366 1658 460 1716 acutis
483 1665 697 1734 comparantur,
719 1659 762 1716 sio
785 1660 874 1717 etiam
896 1656 948 1716 Sol
973 1664 1002 1714 ει
1024 1654 1167 1716 Saturnus
1191 1656 1301 1731 Lunae,
1324 1656 1442 1734 Jupiter
1465 1655 1563 1718 Vene-

217 1745 268 1816 ris,
291 1741 370 1802 Mars
394 1743 531 1804 Mercurii
553 1747 633 1805 sonis
661 1740 750 1805 sonos
771 1747 935 1822 gramores,
959 1743 1101 1819 diapason
1125 1751 1154 1802 et
1176 1743 1366 1820 disdiapason
1389 1745 1560 1816 obtinentes,

215 1829 370 1890 masculini
393 1834 508 1908 generis
531 1849 595 1892 esse
617 1832 806 1912 perhibentur
828 1832 866 1890 ab
889 1829 1059 1907 astrologis,
1088 1830 1197 1911 Venus
1219 1839 1320 1892 contra
1342 1829 1562 1908 Mercuriusque

215 1924 247 1977 et
269 1917 366 1993 Luna,
399 1921 506 1994 quibus
533 1923 678 1979 acutiores
707 1920 850 1997 diapason
881 1920 994 1978 termini
1023 1918 1138 1978 fuerunt
1161 1919 1314 1997 applicati,
1344 1919 1488 1979 habentur
1509 1936 1561 1996 pro

214 2006 348 2066 feminini
369 2001 458 2066 sexus
479 1999 604 2084 planetis
621 2003 674 2084 Ill).
720 2007 757 2064 Et
779 2004 1024 2082 quemadmodum
1040 2023 1137 2083 supra,
1161 2023 1225 2066 cum
1248 2005 1372 2066 latitudo
1395 2008 1562 2088 systematis

214 2092 412 2169 applicaretur
433 2094 569 2169 aodiaco,
599 2095 742 2172 oppositis
765 2095 857 2170 signis
882 2093 1039 2154 veniebant
1060 2095 1124 2154 soni
1148 2111 1200 2154 reu
1223 2093 1348 2155 chordae
1372 2093 1456 2168 illae,
1486 2110 1561 2173 quae

213 2188 285 2240 sunt
305 2187 409 2256 postea
431 2180 556 2242 Saturno
580 2190 610 2242 et
632 2181 694 2240 Soli
717 2181 852 2253 tributae,
875 2182 918 2240 sic
939 2182 1028 2240 etiam
1050 2181 1190 2258 astrologi
1212 2180 1331 2241 Saturni
1354 2183 1561 2242 exaltationem

215 2266 319 2326 dicunt
341 2269 369 2324 in
393 2268 483 2328 Libra
507 2286 588 2343 esse,
611 2267 688 2328 Solis
711 2271 740 2327 in
765 2269 901 2345 opposito
925 2268 1040 2341 Ariete,
1063 2267 1180 2328 Saturni
1204 2268 1322 2329 domum
1345 2269 1561 2348 Capricornum,
1587 2342 1595 2356 ο

214 2355 319 2414 Lunae
343 2358 510 2432 oppositum
534 2356 686 2427 Cancrum,
711 2355 829 2416 Saturni
851 2355 970 2415 domum
986 2355 1158 2431 Aquarium,
1182 2353 1260 2416 Solis
1282 2356 1400 2416 domum
1423 2357 1560 2431 Leonem,

214 2444 353 2518 opposita
375 2439 513 2523 signal).

303 2529 499 2589 Veruntamen
523 2533 552 2588 in
574 2530 713 2603 motibus,
738 2547 773 2590 ex
797 2529 902 2606 quibos
924 2530 1109 2607 planetarum
1130 2529 1343 2590 familiaritates
1366 2531 1414 2590 rel
1436 2531 1563 2608 impedi·
1600 2562 1603 2576 ·

215 2623 317 2677 menta
337 2619 367 2674 in
391 2616 533 2692 largiendi
555 2617 642 2677 modo
666 2618 831 2696 colligenda
854 2617 988 2691 diximus,
1012 2619 1085 2678 forte
1106 2617 1192 2696 plura
1214 2619 1438 2696 respondebunt,
1462 2621 1486 2678 si
1509 2636 1563 2677 ne·

212 2705 326 2775 gotium
350 2707 378 2762 in
402 2705 487 2778 hunc,
512 2707 562 2784 qni
584 2707 724 2780 sequitur,
748 2705 866 2766 modom
890 2708 1119 2764 tractaverimus.
1171 2705 1285 2766 Etenim
1309 2709 1351 2765 sic
1373 2707 1412 2765 ab
1436 2708 1563 2782 antiquis

214 2792 396 2867 accepimus,
423 2802 518 2852 certos
542 2810 606 2852 esse
628 2809 780 2865 numeros,
803 2809 855 2869 ρει
877 2810 951 2870 quos
975 2795 1083 2864 omnia,
1107 2794 1261 2869 quaesibi
1285 2785 1471 2866 conveniunt,
1492 2793 1563 2869 jun·

213 2885 325 2953 guntur
341 2888 370 2938 et
385 2885 532 2956 aptentur,
549 2888 580 2938 ut
594 2879 646 2940 fiat
658 2880 800 2957 jugabilis
816 2883 1020 2957 competentia,
1042 2897 1097 2940 neo
1116 2883 1274 2956 quicquam
1289 2897 1375 2959 posse
1391 2880 1484 2953 alteri,
1507 2882 1563 2939 nisi

212 2983 270 3042 per
291 2965 346 3025 hos
369 2985 515 3039 numeros,
540 2971 704 3030 convenire.
728 2968 906 3046 Propagatio
923 2984 1021 3026 eorum
1045 2976 1090 3029 est
1111 2977 1178 3044 post
1200 2970 1342 3028 unitatem
1365 2985 1416 3046 per
1437 2970 1562 3045 primurn

213 3069 316 3129 parem
341 3057 359 3112 2
384 3063 413 3114 ει
434 3057 559 3132 primurn
583 3058 723 3133 imparem
746 3057 764 3114 3
789 3068 948 3131 eorumque
971 3056 1129 3131 quadratos
1153 3059 1182 3128 4,
1207 3057 1225 3115 9
1250 3063 1279 3116 ει
1301 3056 1397 3139 cubos
1416 3055 1447 3134 8,
1470 3058 1509 3114 fi
1533 3065 1564 3114 et

214 3139 338 3200 ulterius
361 3145 532 3202 continuata
553 3145 750 3222 proportione,
783 3143 844 3203 illic
866 3143 983 3219 quidem
1017 3145 1070 3212 16,
1095 3146 1151 3214 st,
1176 3144 1226 3214 64,
1253 3145 1313 3202 128
1346 3143 1393 3204 hic
1423 3143 1473 3216 81,

214 3229 259 3286 Ex
283 3227 329 3286 his
351 3239 428 3304 sunt,
452 3231 529 3290 unde
551 3238 711 3290 nascuntur
733 3233 944 3308 proportiones,
968 3231 1073 3306 quihus
1089 3230 1257 3291 harmoniae
1273 3233 1464 3291 continentur.
1488 3229 1562 3289 Sunt

214 3323 313 3381 autom
337 3318 525 3394 praecipuae:
551 3319 690 3396 epitritos,
713 3317 899 3396 hemiholios,
922 3317 1080 3394 epogdoos
1105 3317 1234 3394 duplaris
1256 3319 1345 3393 (istas
1368 3317 1481 3376 illarum
1505 3317 1561 3376 dif-

213 3403 337 3462 ferentia
360 3411 389 3463 et
412 3403 550 3480 summa),
574 3405 710 3483 triplaris,
734 3405 946 3482 quadruplaris.
992 3404 1061 3464 Sine
1083 3405 1128 3463 his
1151 3407 1277 3464 numeris
1300 3403 1380 3464 nulla
1403 3395 1561 3480 colligatio,

213 3489 297 3550 nulla
318 3497 415 3568 potest
438 3510 501 3553 esse
525 3493 687 3556 concordia
719 3491 818 3551 Vitam
841 3510 911 3550 vero
935 3499 1062 3550 nostram
1085 3493 1241 3568 praecipue
1264 3491 1315 3551 Sol
1339 3500 1368 3552 ot
1391 3491 1474 3550 Luna
1496 3510 1560 3550 mo·

186 3575 360 3638 ·derantur.
405 3579 481 3638 Nam
510 3598 574 3639 oum
604 3581 662 3638 sint
692 3578 868 3640 caducorum
899 3578 972 3638 haec
995 3577 1053 3638 duo
1075 3580 1210 3655 propria,
1244 3581 1350 3639 sentire
1373 3588 1403 3638 et
1424 3595 1561 3651 crescere,

213 3665 403 3741 aestheticon,
426 3666 455 3725 id
478 3675 523 3726 est
545 3665 690 3727 sentiendi
712 3674 825 3740 natura,
850 3665 885 3724 de
908 3665 977 3725 Sole
1000 3662 1050 3744 (ob
1073 3665 1167 3724 lucam
1189 3667 1227 3725 ab
1251 3663 1317 3746 eo),
1339 3665 1481 3743 physicon
1504 3683 1559 3726 au·

214 3761 284 3826 tem,
307 3754 335 3812 id
359 3764 404 3814 est
426 3753 572 3814 crescendi
595 3763 708 3827 natura,
733 3752 768 3813 de
792 3753 900 3812 Lunari
923 3751 960 3812 ad
983 3769 1038 3812 nos
1060 3751 1239 3830 globositate
1261 3751 1305 3833 (ut
1327 3771 1387 3830 qna
1409 3760 1561 3824 crescente,

213 3836 350 3900 humores
373 3859 473 3901 omnes
495 3840 641 3921 crescunt)
663 3843 852 3918 proveniunt:
876 3843 919 3899 sic
941 3841 1092 3916 ubiusquo
1110 3841 1230 3900 luminis
1244 3841 1386 3901 beneficio
1409 3839 1482 3900 haec
1505 3857 1560 3898 no·

211 3927 259 3986 bis
282 3936 397 3988 constat
420 3931 494 4001 rita,
525 3946 583 4005 qua
611 3931 740 3988 fruimur.
786 3928 976 3990 conservatio
1005 3935 1101 3989 tamur
1133 3935 1234 3988 nostra
1266 3937 1296 3988 ει
1329 3934 1487 4006 proventus
1509 3945 1560 3986 ac-

211 4023 295 4074 tuum
318 4023 378 4075 tam
401 4016 439 4076 ad
462 4017 526 4094 ipsa
548 4015 606 4075 duo
629 4015 759 4088 lumina,
783 4034 870 4094 quam
894 4015 931 4075 ad
954 4016 1085 4092 quinque
1106 4034 1200 4092 vagas
1222 4015 1325 4076 stellas
1347 4015 1479 4074 refertur.
1503 4015 1560 4075 Sed

211 4101 316 4182 harum
339 4103 489 4164 stellamm
512 4103 590 4164 alius
612 4105 793 4164 interventus
815 4120 1017 4178 numerorum,
1048 4121 1172 4180 quorum
1198 4105 1261 4181 jam
1291 4097 1413 4164 fecimus
1436 4103 1561 4160 mentio-

210 4207 288 4264 nem,
311 4207 377 4249 cum
400 4191 557 4250 luminibus
580 4191 653 4250 benc
672 4191 771 4268 Jungit
794 4199 823 4251 et
845 4194 955 4266 sociat,
978 4190 1054 4250 alius
1069 4191 1167 4252 nullus
1184 4191 1313 4270 applicat
1335 4191 1446 4249 numeri
1468 4207 1560 4249 nexus

211 4275 252 4335 ad
274 4277 394 4338 lumina.
439 4280 516 4353 Ergo
540 4278 673 4338 Veneres
697 4287 726 4337 et
747 4277 877 4338 Jovialis
900 4277 987 4338 stella
1009 4296 1060 4357 ρει
1081 4278 1136 4339 hos
1159 4297 1295 4339 numeros
1318 4280 1433 4353 utrique
1455 4275 1557 4336 lumini

211 4367 375 4425 sociantur:
409 4365 459 4426 ille
480 4363 543 4424 Soli
571 4365 689 4440 quidem
716 4383 768 4441 per
802 4361 839 4446 ¹J,
861 4376 891 4426 ει
919 4361 971 4448 ¹l„
1003 4365 1104 4426 Lunae
1133 4383 1203 4426 vero
1233 4383 1284 4444 per
1309 4360 1379 4444 ΨΜ,
1409 4362 1488 4441 quod
1517 4373 1561 4424 est

211 4454 309 4514 sexies
332 4454 364 4525 6,
394 4452 442 4513 vel
472 4460 516 4512 ter
545 4459 648 4528 qnater
676 4455 749 4524 tria,
780 4459 810 4512 ει
831 4470 882 4526 ρει
910 4447 1561 4533 1Λμιριειιεειιειριιιιιειιριειιιιοι,ει

211 4555 265 4614 per
290 4535 360 4622 7⁶4,
394 4542 452 4599 ista
482 4555 552 4598 vero
577 4538 640 4599 Soli
670 4538 788 4624 quidem
810 4557 862 4616 per
883 4535 934 4619 V„
964 4538 1065 4598 Lunae
1087 4557 1157 4598 vero
1187 4557 1239 4618 per
1273 4535 1311 4621 Ἲς,
1335 4546 1365 4598 ει
1391 4534 1455 4622 ¹l„.
1501 4539 1560 4600 Sed

209 4624 340 4686 Jorialis
363 4626 425 4687 Soli
447 4645 500 4704 per
520 4628 658 4703 potiores,
682 4623 783 4685 Lunae
798 4642 869 4685 vero
891 4643 943 4703 por
961 4625 1078 4685 viliores
1100 4643 1238 4686 numeros
1261 4634 1445 4704 aggregatur.
1483 4625 1560 4687 Hinc

207 4711 281 4772 licet
302 4721 425 4791 utraque
448 4714 579 4775 benefica
600 4713 753 4786 credatur,
783 4711 871 4772 Jovis
893 4720 991 4773 tamen
1013 4711 1100 4772 stella
1132 4730 1198 4771 cnm
1220 4712 1290 4774 Sole
1312 4711 1559 4774 accommodatior

209 4807 260 4861 est
280 4816 332 4878 per
358 4797 394 4884 ιΙει
417 4808 447 4862 ει
472 4797 579 4886 ¹s„·ot
600 4801 736 4862 Veneres
756 4815 821 4860 cum
844 4800 929 4860 Luna
950 4817 1003 4877 per
1029 4795 1066 4882 Ἰ,
1089 4795 1216 4885 et·¹(„,
1240 4803 1310 4879 quia
1328 4803 1366 4862 lli
1390 4808 1435 4863 ειι
1456 4811 1560 4878 quater
