3698 5534
730 347 812 408 Liber
829 355 860 409 V.
892 355 980 426 Caput
997 355 1041 409 IV.
1499 349 1562 409 28³

216 523 295 582 siout
316 541 367 600 per
390 542 489 588 auram
512 529 691 604 aetheream,
725 535 796 608 quia
818 534 951 608 singulae
974 535 1100 594 unitates
1133 529 1273 590 denotent
1295 529 1324 584 in
1349 525 1481 602 ampliori
1506 527 1563 584 cir·

217 610 282 668 colo
304 611 440 687 planetae
463 619 619 691 superioris
641 621 751 677 itineris
774 617 946 696 particulam
970 621 1119 697 majoram,
1143 622 1170 676 in
1194 617 1355 692 angustiori
1370 629 1439 673 vero
1454 611 1562 672 circulo

216 699 357 759 interioris
380 703 551 778 particulam
575 707 723 768 minorem.
771 706 808 766 [lt
831 709 874 766 sie
901 710 974 769 haec
1001 709 1064 785 jam
1087 706 1207 768 accedat
1230 703 1472 765 considerationis
1493 717 1562 776 pars

216 793 309 860 sexta,
333 787 368 846 do
391 791 542 850 itineribus
566 793 698 852 binorum
720 793 903 870 planetarum
928 796 1047 855 diuruls.
1245 807 1248 814 '

303 873 432 935 Primum
454 879 541 953 igitur
563 897 712 942 sumamus
734 882 892 942 secundum
916 885 1091 961 expositis,
1123 870 1263 958 tempora
1282 877 1394 938 scilicet
1415 873 1565 952 periodica

139 985 144 996 ·
215 958 407 1039 planetarum,
431 983 506 1041 quae
528 970 675 1027 continent
698 985 825 1030 summes
849 969 987 1032 collectas
1011 989 1046 1032 ex
1070 971 1205 1030 omnibus
1228 968 1316 1026 moris
1338 965 1467 1036 omnium
1490 977 1561 1038 gra-

218 1045 307 1107 duum
330 1054 420 1112 totius
443 1053 586 1129 ambitus,
614 1055 726 1132 longis,
756 1058 967 1132 mediocribus,
1003 1061 1113 1138 parvis.
1159 1057 1194 1114 lit
1224 1052 1433 1131 deprehensum
1457 1057 1502 1109 est
1524 1047 1563 1107 ab

216 1138 337 1213 antiquo
359 1139 398 1198 ad
420 1157 473 1200 nos
497 1159 605 1219 usque,
630 1143 709 1221 quod
732 1143 867 1223 planetae
890 1149 966 1208 eirea
988 1145 1087 1209 Solem
1108 1145 1218 1205 reditus
1240 1157 1311 1204 suos
1334 1137 1507 1210 absolvant,
1533 1143 1564 1193 ut

216 1226 347 1300 sequitur
369 1229 397 1286 in
421 1229 539 1288 tabella.

889 1486 951 1540 Diei
1101 1486 1174 1554 Ergo
1193 1483 1282 1540 diurni
1299 1481 1381 1538 medii

690 1572 793 1628 Diebus
846 1573 991 1642 scropulis.
1072 1573 1135 1628 Min.
1210 1571 1271 1626 Sec.
1342 1571 1415 1625 Tert.

399 1666 531 1721 Saturnus
698 1671 791 1726 40758.
862 1665 865 1678 “
1106 1671 1131 1725 2.
1236 1670 1262 1724 0.
1355 1665 1397 1722 47.

398 1744 505 1814 Jupiter
715 1747 793 1803 4332.
1105 1747 1131 1803 d.
1222 1746 1264 1802 59.
1374 1746 1398 1800 8.

303 1875 306 1882 .
398 1822 473 1876 Mars
733 1826 792 1882 686.
1089 1827 1131 1883 31.
1219 1825 1262 1882 46
1357 1825 1399 1880 31.

399 1902 492 1957 Tellus
511 1918 571 1958 cum
591 1902 669 1958 Luna
734 1905 792 1961 865.
1089 1905 1131 1962 59.
1236 1905 1261 1958 8.
1360 1905 1399 1958 41.

398 1981 491 2036 Venus
733 1981 792 2038 224.
1091 1985 1131 2040 96.
1237 1983 1284 2056 7.Ι
1357 1981 1398 2036 49.

397 2061 553 2152 Mercurius¹
750 2061 791 2117 84.
1072 2062 1131 2118 445.
1219 2061 1260 2132 32.
1356 2062 1398 2117 25.

301 2346 333 2402 lu
357 2346 402 2406 his
425 2347 514 2422 igitur
535 2339 690 2422 periodicis
722 2315 911 2423 temporibus
930 2307 1115 2408 harmonicae
1136 2347 1338 2423 proportiones
1360 2345 1458 2405 nullae
1485 2352 1564 2418 sunt,

214 2432 293 2510 quod
317 2433 402 2494 laclia
423 2441 560 2512 apparet,
583 2436 608 2492 si
630 2433 742 2510 periodi
765 2435 889 2510 msJores
912 2437 1049 2520 continue
1073 2435 1250 2506 biseeentur,
1273 2435 1399 2493 minores
1422 2434 1564 2492 continue

213 2520 405 2596 duplicentur,
428 2529 463 2580 ut
483 2518 671 2581 dissimulatis
688 2521 829 2598 diapason
846 2513 1007 2583 intervallis
1030 2540 1074 2597 oa,
1097 2539 1173 2599 quae
1196 2515 1266 2580 suni
1285 2523 1360 2582 iutra
1382 2537 1471 2608 44444444
1499 2518 1565 2580 dia-

98 2675 103 2689 ,
212 2624 314 2684 paeon,
338 2610 489 2684 exquirere
512 2610 666 2686 possimus.

431 2847 548 2902 Saturni.
612 2849 697 2905 Joris.
766 2849 871 2904 Martie.
925 2849 1049 2906 Telluris.
1088 2849 1208 2905 Veneris.
1246 2847 1381 2904 Mercurii.
1471 2911 1473 2922 1

300 3057 374 3113 ormi·
430 3057 550 3115 444444
594 3057 715 3115 issaar
1279 3059 1368 3116 eune
1429 3059 1487 3113 ou-

309 3129 360 3183 on.
431 3127 550 3183 244448
594 3128 714 3184 arcera
1097 3128 1156 3183 224.
1167 3129 1201 3183 42
1265 3129 1365 3184 truse
1428 3129 1481 3198 pu.

430 3197 547 3252 444444
595 3199 714 3255 tuream
768 3201 870 3258 444444
932 3203 1033 3258 iiiiii
1096 3198 1200 3254 44424
1229 3203 1233 3278 4
1262 3199 1365 3254 annm

446 3268 572 3405 444244
611 3269 713 3324 serso
899 3223 903 3347 i
1229 3281 1232 3408 4

899 3373 901 3405 Ι

300 3497 409 3558 Omnes
432 3499 535 3571 ultimi,
559 3509 591 3559 ut
614 3501 705 3572 vides,
731 3502 928 3560 abhorrente
951 3502 1186 3576 proportionibus
1210 3501 1386 3559 harmonicis
1410 3498 1561 3558 videntur·

214 3603 271 3663 que
294 3587 404 3646 similes
426 3587 629 3647 ineffabilibus.
672 3590 776 3664 Capiat
799 3590 875 3648 enim
899 3603 1034 3645 numerus
1059 3587 1168 3646 diarum
1195 3585 1298 3646 Martis
1315 3587 1374 3645 687
1402 3602 1564 3644 mensuram

216 3676 287 3746 140,
311 3691 387 3750 quae
410 3683 456 3735 est
478 3675 629 3734 divisionis
652 3676 793 3746 chordae,
829 3676 946 3732 venient
969 3677 997 3732 in
1021 3674 1076 3734 huc
1098 3683 1234 3734 mensura
1256 3671 1382 3734 Saturno
1405 3691 1457 3750 pro
1481 3681 1562 3748 parte

213 3761 360 3822 sedecima
383 3757 471 3839 paulo
495 3761 561 3839 plus
584 3780 672 3838 quam
701 3767 769 3834 117,
792 3761 864 3822 Jovi
880 3779 932 3839 pro
955 3769 1038 3837 parte
1062 3770 1170 3820 octava
1192 3763 1289 3820 minus
1311 3777 1399 3836 quam
1416 3759 1465 3832 95,
1491 3757 1563 3818 Τ44-

213 3849 269 3908 luri
291 3852 386 3908 minos
409 3866 497 3924 quam
522 3851 580 3922 64,
616 3850 723 3909 Veneri
753 3867 806 3925 pro
828 3849 918 3926 duplo
952 3848 1128 3925 plusquam
1154 3851 1208 3922 78,
1239 3846 1373 3908 Mercurii
1402 3844 1565 3925 quadruplo

215 3939 251 3994 61
278 3937 353 4013 plus.
369 3932 414 4018 ²⁰)
459 3937 550 4013 Atqui
574 3937 604 3995 hi
627 3939 738 3998 numeri
762 3954 827 3996 cum
853 3937 913 3996 140
936 3953 994 3996 riou
1019 3937 1128 3996 iaciunt
1144 3935 1234 3996 ullam
1256 3938 1472 4013 proportionem
1497 3933 1565 3992 har-

214 4027 374 4083 monicam.
405 4023 456 4083 sed
488 4040 586 4084 eorum
618 4027 706 4082 vicini
738 4025 793 4095 60,
819 4025 873 4097 75,
898 4024 955 4098 80,
981 4025 1031 4082 96.
1056 4023 1122 4105 ¹lta
1154 4024 1285 4101 qualium
1308 4023 1450 4084 Saturnus
1479 4022 1567 4080 habet

218 4113 286 4185 140,
310 4110 427 4188 Jupiter
450 4111 539 4172 habet
563 4112 621 4172 iere
646 4114 704 4186 87,
728 4111 829 4171 Tellus
852 4129 940 4186 supra
965 4113 1020 4182 65,
1044 4112 1145 4172 Venus
1169 4111 1345 4188 plusquam
1370 4110 1425 4182 80,
1449 4108 1566 4168 Mercu·

214 4201 272 4257 rius
300 4201 396 4258 minus
430 4217 519 4276 quam
544 4201 592 4257 63.
639 4199 676 4258 84
706 4199 836 4275 qualium
859 4197 978 4274 Jupiter
1005 4198 1094 4260 habet
1120 4201 1197 4272 1‘20,
1231 4199 1322 4257 Terra
1349 4197 1440 4258 habet
1471 4198 1566 4254 minus

214 4304 301 4364 quarn
328 4288 384 4360 81,
415 4287 517 4347 Venus
547 4287 644 4345 minus
674 4303 760 4362 quam
787 4289 862 4346 100.
897 4285 1058 4346 Mercurius
1087 4289 1183 4346 minus
1213 4304 1300 4363 quam
1333 4287 1402 4367 78ΙΙ
1429 4282 1566 4359 Qualium

215 4378 282 4433 item
307 4373 407 4432 Venus
430 4374 521 4434 habet
540 4376 608 4448 140,
633 4373 723 4432 Terra
745 4371 835 4434 haber
857 4377 953 4432 miuus
970 4390 1057 4445 qnam
1076 4375 1127 4449 88,
1150 4373 1312 4432 Mercurius
1328 4369 1394 4448 plus
1410 4389 1498 4446 quam
1515 4373 1566 4430 94.

214 4460 351 4537 Qualiurn
377 4461 501 4538 denique
517 4461 607 4521 Terra
629 4461 806 4535 4444444140,
830 4461 990 4520 Mercurius:
1014 4460 1106 4520 habet
1128 4463 1223 4520 miuus
1239 4475 1327 4535 quaro
1346 4460 1415 4516 146.
1455 4457 1566 4534 Quodsi

215 4549 356 4610 valuisset
378 4549 426 4607 hic
447 4549 540 4618 libera
569 4552 787 4627 proportionum
810 4548 930 4621 electio,
962 4549 1080 4606 coruino
1112 4549 1259 4625 perlectae
1291 4546 1474 4621 harmoniae,
1508 4563 1565 4606 non

216 4653 286 4696 vero
319 4637 492 4696 excedentes
524 4646 553 4696 44
587 4636 753 4696 deficientes
787 4644 901 4695 sumtae
932 4633 1064 4693 luissent.
1120 4635 1186 4694 Non
1223 4633 1446 4712 deprehenditur
1479 4635 1567 4712 igitur

214 4723 335 4785 Creator
356 4723 440 4784 Deus
463 4726 536 4784 inter
558 4723 612 4784 has
636 4741 779 4792 morarum
802 4739 931 4782 summas
955 4719 1094 4782 collectas
1117 4723 1146 4780 iu
1180 4729 1312 4799 tempora
1338 4721 1489 4800 periodica
1511 4737 1566 4780 vo-

213 4811 304 4872 luisse
327 4809 509 4872 introducere
531 4815 733 4889 proportiones
756 4812 949 4875 harmonicas.
