3676 5536
288 331 351 396 1ῡο
429 283 431 292 Ι
555 364 556 376 1
698 331 740 386 De
758 330 1022 401 configurationibus
1042 331 1220 389 Harmoniae.

374 511 495 572 minum
526 512 614 571 etism
642 517 671 570 et
703 509 877 588 quadratum
908 518 938 571 at
969 511 1121 588 quintilem
1153 519 1182 572 et
1214 511 1398 588 blqnintssem
1430 511 1638 589 prolegomena

288 599 488 678 premeridis
510 599 620 659 faciunt
642 599 781 674 aequales
802 602 837 658 e'rr
856 602 962 674 prima
984 607 1012 658 et
1033 599 1222 660 validustmu
1245 617 1356 671 causa,
1378 605 1453 676 puta
1474 617 1638 676 congruen-

288 689 347 747 tiae
369 706 460 764 purae
484 690 512 745 iu
535 685 645 756 solido,
675 685 713 744 ad
746 686 964 748 constituendas
991 687 1098 763 figuras
1129 687 1240 747 solidas
1269 686 1433 763 regularem
1465 690 1581 746 trinum
1611 695 1639 746 ct

289 775 476 851 quadratam
500 773 558 833 dixi
582 773 692 836 addae
713 789 839 832 causam
853 774 1026 847 secuudum,
1049 793 1113 835 nou
1127 776 1223 836 multo
1240 775 1390 850 kuiorem,
1413 774 1544 850 intellige
1566 791 1638 834 cou-

288 866 451 938 gruentiam
482 879 583 939 puram
611 860 768 936 figurarum
795 863 824 919 iu
847 860 946 938 plano.
990 861 1074 921 Haeo
1097 862 1215 938 quidem
1246 866 1334 922 etiem
1357 861 1453 920 sextili
1477 865 1638 923 eommunis

288 957 340 1024 est,
366 969 465 1010 verum
488 967 552 1008 eam
576 947 626 1010 ille
647 965 705 1008 nou
728 947 810 1008 addit
832 950 951 1024 primae,
975 948 1027 1008 sed
1050 957 1214 1025 separatam
1238 950 1276 1009 ab
1291 949 1343 1008 illa
1363 947 1503 1026 possidet.
1528 948 1639 1024 Quem-

287 1039 445 1097 admodum
468 1036 638 1113 quadratur
659 1043 688 1096 ct
709 1040 830 1096 tertium
851 1053 977 1094 eausam
1000 1037 1112 1096 addere
1134 1036 1317 1113 perhibetur,
1340 1044 1413 1113 puts
1435 1036 1638 1098 ellabllitatem

287 1124 384 1202 plani,
406 1143 465 1184 uon
488 1122 566 1200 quod
590 1140 625 1182 ea
647 1141 705 1182 uon
729 1125 816 1182 etiam
840 1125 1013 1184 semisextus
1040 1126 1210 1202 participet,
1239 1123 1291 1183 sed
1320 1127 1397 1199 quia,
1421 1141 1497 1199 quae
1520 1134 1588 1183 suut
1610 1127 1638 1182 in

288 1215 391 1273 ceteris
414 1211 555 1287 singulae,
581 1209 649 1270 illae
672 1212 701 1268 in
725 1210 867 1286 quadrato
890 1211 1082 1281 cumulantur,
1106 1220 1138 1272 ut
1160 1212 1213 1271 fiat
1235 1213 1365 1270 omniurn
1385 1213 1622 1287 potentissimus·

373 1299 423 1358 Sic
445 1303 473 1358 in
497 1298 670 1374 colligendis
702 1299 848 1374 suffragiis
880 1316 933 1376 pro
963 1299 1061 1358 sextili
1086 1301 1225 1375 ailquom
1246 1300 1432 1368 nobilitatem
1455 1301 1483 1358 ei
1503 1317 1640 1359 mmmc-

286 1405 356 1447 ucm
379 1405 450 1446 cum
471 1390 606 1462 opposito
639 1403 697 1445 esre
719 1385 1029 1458 dixi,1etiabilltatem
1060 1381 1183 1446 innuens
1214 1387 1314 1446 lateris
1336 1386 1465 1461 figurae,
1495 1389 1565 1462 quiu
1596 1395 1641 1448 est

287 1474 439 1536 dimidium
462 1474 594 1534 diametri
618 1473 726 1534 circuli.
759 1473 886 1536 Rursum
908 1471 1001 1534 eidem
1026 1475 1134 1550 aliqua
1155 1475 1296 1534 nobilitas
1318 1481 1360 1534 eet
1381 1477 1549 1534 communis
1570 1492 1641 1534 cum

287 1567 368 1622 trine
391 1570 419 1622 ct
440 1561 608 1638 quadrato,
643 1561 778 1619 nimirum
801 1564 990 1637 congruentia
1012 1579 1086 1637 pura
1108 1563 1137 1620 in
1160 1560 1266 1637 plano,
1291 1560 1326 1621 de
1350 1578 1409 1636 qua
1430 1563 1531 1638 prius..
1564 1561 1641 1621 Nam

286 1653 351 1723 1111
379 1651 487 1726 olr'quo
514 1650 612 1708 solum
645 1651 815 1724 porticulo,
852 1648 908 1708 hoc
934 1656 979 1708 est
1012 1652 1202 1724 congruentia
1232 1661 1308 1708 cum¹
1327 1648 1450 1709 aliarum
1478 1651 1641 1727 specierum

287 1737 397 1813 figuris,
420 1739 560 1813 competit
580 1739 737 1796 commeato
760 1744 787 1795 et
808 1739 910 1805 caesis
932 1737 1167 1812 tquobilioridut.
1197 1736 1238 1796 In
1257 1737 1315 1794 bac
1336 1753 1408 1796 vero
1432 1739 1641 1812 congruentiae

285 1826 440 1900 particulo
462 1827 599 1900 primum
621 1823 755 1899 modum
770 1825 905 1884 obticeat
919 1826 1067 1884 remeasti
1081 1831 1109 1882 et
1122 1825 1217 1884 ostilia
1229 1822 1349 1898 figurae,
1373 1825 1419 1883 oui
1442 1831 1542 1900 posset
1556 1842 1642 1884 asso-

287 1915 357 1972 ciari
381 1915 469 1972 etism
491 1913 640 1971 semisextl
663 1910 761 1983 stella,
797 1915 868 1987 quia
891 1914 1094 1986 congruentia,
1118 1929 1218 1988 quarn
1246 1910 1400 1984 lnoboant,
1435 1911 1641 1971 continuabilb
1755 1930 1758 1938 ’

288 2007 341 2071 111,
365 2003 427 2059 sine
451 2003 577 2059 mixtura
598 1999 755 2058 termarum
779 1999 975 2072 diversarum
999 1998 1159 2058 secuudum
1182 1998 1304 2074 madum
1327 1997 1436 2057 habent
1458 1998 1589 2074 quintIlis
1613 2005 1642 2057 et

288 2088 469 2164 quuintilis,
503 2088 559 2146 uisi
583 2086 662 2162 quod
685 2085 773 2145 iidem
796 2086 968 2146 nobiliorem
997 2085 1108 2146 babent
1130 2088 1350 2162 congruentiam
1374 2087 1403 2142 lu
1426 2086 1537 2161 solido;
1571 2089 1642 2145 item

287 2159 563 2249 trioctilis,'decilis
587 2181 616 2234 et
639 2173 794 2246 tridecilie,
831 2176 901 2249 quia
923 2191 1023 2232 eornm
1045 2173 1156 2250 figurae
1178 2177 1350 2234 continuant
1373 2172 1490 2248 quidem
1509 2190 1642 2247 congru-

288 2265 405 2334 entiam,
430 2262 482 2324 sed
505 2279 564 2322 uon
588 2264 650 2321 sine
673 2264 813 2321 mixtione
829 2261 1010 2320 diversarum
1025 2262 1197 2334 lormarnm3
1221 2267 1250 2320 et
1265 2277 1366 2320 omnes
1381 2263 1456 2320 istae
1478 2269 1643 2335 congruunt

288 2351 501 2428 quadamtenus
526 2351 666 2408 etiamid
689 2348 784 2408 solido
815 2347 976 2410 secundum
1004 2351 1098 2424 magis
1128 2355 1158 2406 et
1179 2350 1291 2421 miuus,
1325 2354 1447 2422 excepta
1471 2351 1642 2423 quincuncie

287 2438 373 2498 stella
404 2437 635 2513 dodecagouioa,
669 2453 745 2512 quae
773 2436 840 2495 ideo
870 2437 1039 2495 intertium
1066 2435 1188 2510 gradum
1211 2436 1345 2508 retertur,
1381 2439 1427 2494 eui
1446 2438 1546 2517 ,etiam
1575 2454 1642 2496 ses-

289 2527 428 2606 quadrus,
450 2543 502 2585 seu
526 2526 663 2599 octogoni
686 2524 772 2582 stella
795 2523 915 2597 adjungi
939 2531 1044 2600 potest,
1069 2531 1187 2599 propter
1210 2525 1416 2583 obscuritatem
1438 2526 1586 2584 scientiae.

373 2613 498 2674 Extendi
515 2611 634 2689 quidem
647 2611 756 2687 gradm
769 2613 856 2670 etiam
872 2610 1002 2683 ulterius,
1027 2609 1064 2668 ad
1080 2610 1242 2686 elgistilem
1255 2619 1288 2670 11
1303 2608 1507 2687 quindsoilem,
1523 2610 1580 2670 boc
1596 2615 1641 2670 eet

291 2700 329 2760 ad
346 2700 453 2777 figuras
472 2701 510 2760 lb
528 2701 613 2760 1110
629 2697 811 2773 angulorum,
837 2698 943 2773 quibus
967 2705 1103 2774 quartum
1119 2699 1240 2774 gradum
1264 2695 1309 2779 (in
1333 2697 1412 2756 dicta
1436 2701 1645 2772 congruentias

288 2788 431 2864 particula
454 2782 533 2867 sola)
558 2785 639 2846 dedi:
662 2803 781 2846 causam
805 2788 934 2845 continet
955 2791 1056 2845 nostra
1078 2790 1125 2861 pr!
1150 2788 1177 2844 ³.
1202 2785 1290 2861 hujus
1319 2785 1394 2844 libri.
1440 2785 1540 2845 Stellis
1571 2803 1643 2846 vero

290 2892 388 2935 eurum
412 2877 531 2951 quintus
554 2873 660 2950 gradus
682 2873 739 2932 luit
760 2875 941 2958 assignatus,
975 2875 1045 2948 quia
1067 2872 1224 2934 scibilitate
1247 2890 1332 2950 pares
1361 2879 1430 2930 sunt
1456 2871 1557 2949 figuris
1579 2877 1644 2932 auis

287 2965 462 3039 primaevis,
485 2963 676 3038 congruentia
698 2961 867 3036 longissime
890 2963 1079 3036 posteriores,
1103 2968 1136 3019 ut
1158 2978 1234 3037 qnae
1258 2966 1372 3020 tantum
1395 2977 1494 3019 eorum
1518 2960 1644 3036 angulos

288 3049 420 3124 singulos
442 3052 556 3110 attinet.
594 3049 703 3108 Verum
727 3047 757 3106 ld
780 3065 838 3107 non
861 3060 923 3107 erat
945 3063 1064 3107 necesse
1089 3046 1133 3107 ut'
1143 3048 1285 3122 lacerem,
1319 3065 1384 3106 cum
1407 3047 1581 3123 nequidem
1606 3046 1644 3108 ad

288 3140 404 3197 tertium
426 3137 549 3213 gradum
572 3153 665 3211 nsque
688 3139 844 3210 gignantur
867 3141 1004 3212 aspectus
1027 3135 1115 3212 plane
1138 3135 1259 3208 indubii,
1282 3135 1487 3212 possimusque
1509 3138 1644 3212 speciose

288 3233 396 3286 metam
418 3225 506 3301 figere
528 3223 742 3301 pullulantibus
765 3223 933 3299 aspectibus
956 3224 985 3280 iu
1019 3223 1106 3282 solidi
1130 3225 1318 3298 congruentia
1341 3229 1371 3280 et
1393 3225 1421 3280 iu
1444 3223 1576 3299 perlecto
1597 3223 1645 3282 la-

289 3315 358 3374 teris
391 3312 440 3373 rel
473 3313 555 3388 plani
582 3311 763 3371 affabilitate.
811 3309 908 3384 Quare
938 3311 1036 3386 potius
1065 3329 1102 3369 ex
1125 3309 1231 3370 finibus
1261 3310 1402 3369 librorum
1424 3309 1450 3368 1.
1473 3318 1502 3368 et
1526 3309 1566 3368 lI.
1589 3328 1644 3387 pe·

288 3405 387 3474 tantur
408 3400 518 3478 gradus
542 3399 704 3482 nobilitatis
727 3397 902 3474 figurarum,
926 3414 961 3456 ex
985 3397 1092 3473 quibus
1114 3397 1172 3458 hoc
1193 3398 1267 3457 libro
1292 3398 1420 3456 distincti
1443 3404 1511 3456 suut
1533 3397 1644 3474 gradus

289 3496 470 3566 aspectuum.

842 3734 983 3807 CAPUT
1011 3735 1075 3806 Vll.

180 3950 183 3956 ,
288 3916 473 3988 Epilogus,
499 3915 540 3969 de
566 3920 689 3969 natura
707 3915 887 3971 sublunari
911 3915 1210 3986 facultatibusque
1233 3917 1374 3971 sulmae
1397 3916 1644 3986 iplerIoribus,

548 4002 835 4072 praesentimus,
863 4003 988 4073 quibus
1006 4001 1212 4071 Astrologia
1235 4003 1381 4058 nititur.

374 4180 470 4242 Multa
493 4181 530 4240 de
558 4181 615 4241 bac
636 4182 884 4258 contemplatione
908 4185 1003 4259 capite
1035 4179 1181 4254 secundo,
1215 4180 1307 4240 multa
1329 4189 1390 4241 toto
1413 4181 1470 4242 boc
1491 4181 1567 4240 libro
1589 4179 1643 4254 IV,

289 4269 430 4330 nonnulla
453 4270 542 4328 etiarn
564 4268 639 4329 libro
661 4269 716 4328 ΠΙ.
739 4280 808 4329 suut
831 4268 918 4343 dicta,
943 4277 971 4330 et
994 4279 1062 4328 ante
1085 4287 1192 4329 aunum
1215 4272 1244 4326 in
1259 4269 1474 4345 prolegomenis
1490 4269 1639 4346 preme-

289 4357 384 4416 nidum
406 4361 493 4432 inque
510 4357 660 4433 Epitomes
677 4357 882 4426 astronomiae
899 4358 1116 4433 Oopemioauae
1131 4356 1206 4416 libro
1222 4357 1245 4417 I.
1264 4356 1313 4416 lol.
1333 4358 1404 4435 125,
1426 4373 1541 4416 rursum
1564 4373 1642 4415 anno

295 4446 386 4516 1610,
409 4445 438 4501 in
462 4443 563 4504 Tertio
586 4444 810 4518 Interveniunte,
835 4448 962 4504 numeris
978 4463 996 4503 a
1011 4445 1052 4503 40
1075 4446 1105 4502 in
1120 4445 1171 4515 43,
1196 4453 1225 4503 et
1247 4460 1265 4503 a
1290 4445 1328 4503 59
1352 4446 1437 4502 1172
1461 4446 1642 4504 11113111.

292 4533 379 4606 inque
402 4535 591 4606 responsione
614 4533 651 4595 ad
684 4533 800 4608 objecta
823 4532 937 4592 Rbsliui
960 4537 989 4602 (1.
1009 4535 1060 4592 582
1079 4553 1121 4604 sa,
1140 4536 1190 4589 599
1210 4553 1251 4604 aa,
1279 4536 1344 4592 690.)
1356 4525 1375 4606 3'
1389 4540 1418 4590 st
1445 4547 1521 4590 anno
1548 4532 1641 4590 1606.

291 4621 320 4677 in
344 4617 417 4677 libro
442 4619 477 4676 de
501 4617 594 4678 Stella
617 4619 717 4694 Nora,
749 4639 812 4696 cap.
838 4620 921 4680 VIII.
952 4619 1008 4679 IX.
1039 4617 1081 4678 X.
1104 4626 1133 4678 et
1147 4617 1267 4676 XXIV.
1291 4617 1443 4678 XXVIII.
1472 4621 1643 4694 praesertim
1739 4633 1742 4640 ⁴

291 4704 384 4766 atol.
409 4705 479 4765 171.
504 4707 533 4763 in
560 4707 629 4764 175.
654 4702 702 4789 (11.
723 4711 773 4766 719
792 4704 842 4788 ss.)
866 4717 896 4766 et
924 4724 1001 4768 anuo
1028 4708 1120 4766 1604.
1150 4709 1178 4763 in
1203 4706 1408 4766 Astronomlae
1430 4713 1512 4783 purte
1535 4701 1643 4780 Optica

289 4793 342 4854 lol.
368 4795 418 4866 26,
442 4794 483 4849 97
509 4801 538 4852 11
560 4787 610 4851 lol.
634 4795 706 4854 224.
741 4799 781 4866 (11.
803 4801 850 4856 113
869 4818 888 4852 s.
905 4801 974 4871 270.)
1018 4795 1093 4854 Nam
1115 4795 1317 4872 prognostica,
1345 4793 1451 4874 quibus
1474 4792 1511 4854 de
1532 4791 1642 4852 lunda-
