3564 5540
253 388 316 456 tea
595 344 598 358 ’
782 385 825 444 oe
841 385 1065 458 commune·

251 559 291 618 aiu
308 560 389 619 etiarn
407 563 720 621 memonasterium
743 579 797 622 non
815 569 858 616 est
884 567 974 619 marea
991 561 1136 630 ιιιιιεοιιιιι,
1162 569 1190 618 et
1208 577 1304 618 vocum
1320 561 1386 618 licet
1406 561 1524 620 identice
1541 581 1604 620 eou-

254 641 405 698 sonantium
424 643 511 700 altera
528 651 619 700 tanen
636 644 722 700 minor
741 651 790 710 est,
810 642 897 708 altera
914 643 1016 714 metior,
1042 641 1090 698 illa
1108 642 1211 701 scilicet
1229 649 1323 711 acum,
1349 641 1537 714 burcgravio,
1565 645 1605 702 illi

253 734 288 777 cx
305 721 432 790 opposito
452 723 536 780 ueluti
555 723 735 796 respondens:
754 721 826 780 uude
844 719 1024 778 consonantia
1039 719 1106 774 liaeo
1124 736 1158 775 ex
1177 721 1303 792 opposito
1321 719 1440 776 identice
1457 722 1561 778 dicitur.

235 807 237 810 ’
345 797 437 854 Habes
456 799 537 869 igitur
562 818 671 858 caueam
695 802 839 870 genuinam
862 817 896 854 cx
915 799 1047 854 diametro
1068 799 1175 868 circuli,
1200 816 1248 855 cur
1272 815 1355 854 sonus
1379 798 1497 854 chordae
1520 801 1605 858 totius

252 895 312 932 cum
332 893 398 934 sono
417 879 534 936 chordae
552 879 691 948 dimidiae,
716 879 836 950 quamvis
854 879 926 934 inter
943 893 973 933 se
992 878 1091 934 diversi
1109 879 1175 947 sint,
1203 879 1237 936 ab
1255 879 1349 934 auditu
1369 885 1458 933 tamen
1477 889 1604 949 respecta

251 957 502 1014 concordantiamm
525 966 673 1014 ueteranum
697 956 895 1027 quodammodo
921 971 970 1027 pro
994 957 1090 1012 eodem
1113 955 1254 1013 habeatur.
1288 957 1403 1014 Frustra
1425 957 1470 1014 alil
1495 971 1605 1016 causata

249 1035 332 1103 eujus
353 1035 580 1093 identiaonautiae
604 1045 701 1107 petunt
724 1054 757 1092 ear
783 1053 895 1095 numero
919 1051 1014 1092 vocum
1033 1042 1108 1104 outo,
1136 1053 1198 1091 cum
1221 1037 1432 1094 identiaonautia
1454 1040 1491 1094 sit
1507 1048 1606 1098 natura

250 1115 325 1184 prior
343 1116 475 1172 divisione
492 1116 626 1172 intervalli
643 1113 774 1186 ιιιιιιιιἸιι
793 1115 926 1172 condona
944 1122 1061 1186 septem,
1080 1117 1179 1186 quibus
1196 1118 1256 1172 soni
1275 1125 1337 1173 octo
1356 1117 1542 1189 designantur.

337 1195 458 1249 Nondum
478 1203 568 1250 autern
585 1203 694 1268 tempus
711 1204 765 1266 eat,
791 1197 855 1254 baio
872 1200 1067 1252 consonantiae
1087 1211 1186 1252 namen
1205 1198 1301 1266 dandi,
1327 1199 1472 1267 utiusqu
1490 1201 1604 1258 asteria:

248 1270 425 1330 mutum
442 1276 514 1332 enim
530 1275 583 1332 lace
601 1283 644 1332 eet
661 1276 690 1332 ia
707 1283 791 1345 caput
808 1277 834 1332 b.
870 1276 944 1332 Nota
960 1283 1051 1332 umen
1079 1283 1106 1330 et
1122 1277 1190 1340 boo,
1218 1277 1292 1346 quod
1314 1277 1431 1334 identioe
1454 1283 1606 1334 consonent

249 1352 330 1410 ouen
348 1353 417 1410 uliae
435 1363 540 1422 penes,
565 1372 635 1426 quae
653 1371 708 1412 non
727 1355 931 1410 constituuntur
950 1369 999 1424 per
1017 1354 1195 1424 diametrum,
1219 1357 1268 1412 sed
1285 1373 1341 1412 noa
1357 1355 1385 1412 in
1403 1357 1490 1426 primo
1508 1359 1604 1426 gradu.

248 1447 297 1488 nec
315 1440 347 1490 ut
364 1449 414 1506 par
431 1435 540 1506 ligures,
560 1436 607 1492 aad
626 1442 657 1492 ιιι
674 1450 724 1508 per
741 1434 976 1506 propagationem,
995 1435 1029 1491 de
1047 1449 1102 1506 qua
1119 1443 1266 1504 sequentes
1284 1442 1349 1492 sunt
1364 1435 1574 1508 propositiones

166 1619 171 1630 ,
333 1544 566 1624 Propositio
588 1546 628 1606 Il.
674 1547 706 1608 st
730 1547 851 1608 duarum
875 1547 975 1606 circuli
999 1549 1125 1626 partium
1148 1549 1243 1606 minor
1266 1545 1302 1604 ad
1318 1546 1458 1622 majorem
1482 1550 1524 1608 sic
1547 1548 1603 1607 ba·

249 1631 359 1706 buerit,
389 1639 422 1694 ut
444 1637 537 1712 major
564 1653 596 1695 se
618 1633 710 1696 babet
731 1635 769 1696 sd
793 1642 887 1706 totum
918 1635 1077 1716 circulum,
1107 1635 1293 1714 proportione
1316 1633 1376 1694 alla
1402 1651 1489 1712 quam
1513 1635 1604 1722 duple

249 1721 402 1796 continue,
435 1729 505 1783 tunc
526 1723 638 1800 majore
661 1731 839 1784 consonante
863 1739 928 1784 oum
951 1721 1060 1784 circulo
1083 1730 1164 1796 toto,
1196 1721 1289 1780 minor
1314 1739 1382 1799 pars
1414 1728 1516 1784 etoto
1540 1724 1604 1784 dia·

249 1807 375 1869 sonabit.

334 1891 401 1947 Nam
421 1899 484 1964 post
501 1893 611 1964 duplam
631 1899 672 1948 est
690 1892 782 1964 tripla,
810 1883 893 1963 tripla
910 1907 973 1948 vera
1002 1893 1131 1948 continua
1154 1891 1295 1948 constituit
1312 1890 1372 1946 laco
1391 1893 1473 1948 tertio
1496 1903 1602 1963 partera

247 1971 330 2029 totius
349 1971 441 2028 circuli
459 1988 566 2042 nonam,
586 1972 726 2044 quintuplu
744 1973 897 2029 vicesimam
916 1973 1046 2042 quintam,
1066 1971 1194 2041 sextuplo
1210 1969 1333 2042 implicat
1350 1986 1461 2042 nonam,
1486 1974 1602 2046 decupla

246 2047 398 2107 vicesimam
417 2053 545 2123 quintam,
564 2055 628 2124 quia
645 2055 661 2109 6
680 2053 769 2107 series
788 2059 852 2107 sunt
869 2053 912 2122 36,
931 2051 1005 2120 qnod
1024 2058 1067 2105 est
1084 2059 1181 2119 qnater
1198 2065 1307 2118 norem,
1330 2055 1358 2103 et
1378 2051 1410 2106 10
1428 2051 1518 2108 decies
1538 2062 1602 2110 eraut

248 2133 305 2200 100.
323 2132 394 2202 quod
414 2141 456 2192 est
472 2142 571 2204 quater
588 2135 630 2192 25.
667 2133 705 2189 Et
723 2135 762 2190 sic
780 2135 859 2190 etiarn
878 2133 913 2188 de
931 2131 1037 2187 ceteris.
1074 2132 1158 2202 Atqui
1176 2146 1248 2186 nona
1266 2133 1294 2186 et
1310 2127 1368 2188 25¹*
1385 2139 1414 2188 et
1432 2132 1533 2188 simlles
1548 2133 1601 2190 die·

247 2221 348 2269 sonant
365 2230 382 2267 a
399 2218 470 2284 toto,
489 2231 539 2286 per
556 2215 664 2272 axioma
682 2215 705 2269 3.
741 2211 811 2268 Vide
828 2213 897 2268 libro
916 2213 1003 2284 primo
1022 2229 1100 2284 prop.
1119 2213 1162 2266 ti.

332 2306 549 2384 Propositto
573 2307 627 2366 lll.
674 2305 808 2368 chordae
831 2309 860 2366 iu
882 2309 1071 2383 proportione
1094 2307 1230 2366 continue
1254 2301 1344 2383 dupla
1370 2319 1532 2370 consonent
1555 2314 1601 2370 in-

247 2401 291 2454 ter
311 2411 344 2456 se
367 2411 468 2462 omnes
491 2394 631 2469 tuentius,
655 2395 844 2462 distentiones
867 2402 964 2453 mutan
988 2393 1081 2470 gradu
1104 2393 1262 2454 remotiori.

334 2477 445 2536 Habent
466 2477 538 2532 eninr
564 2477 635 2534 iuter
660 2483 801 2533 somnino
826 2482 882 2531 tres
905 2476 1045 2545 proximae
1072 2485 1103 2533 ιιι
1128 2484 1204 2532 totus
1228 2473 1346 2532 circulus
1371 2485 1399 2532 et
1416 2479 1556 2538 dimidium
1574 2489 1602 2540 et

247 2564 344 2626 quarta
361 2573 424 2626 para
443 2575 473 2618 su
491 2556 594 2612 habent
610 2558 682 2612 inter
699 2574 729 2612 se
746 2562 850 2611 mutuo.
882 2556 918 2610 At
936 2571 995 2610 cum
1014 2562 1073 2610 toto
1086 2555 1188 2612 circulo
1205 2563 1261 2609 tam
1274 2554 1391 2624 dimidie,
1409 2574 1491 2627 quara
1503 2567 1602 2628 quarta

221 2703 223 2710 Ι
247 2651 311 2706 pars
329 2645 484 2704 consonant,
504 2651 554 2705 per
572 2652 616 2691 an.
637 2639 660 2692 1.
697 2637 764 2694 Cum
785 2635 895 2691 dimidio
913 2650 976 2690 vero
995 2643 1129 2691 consonat
1147 2642 1174 2689 et
1192 2642 1303 2704 quarta,
1322 2651 1372 2704 per
1390 2652 1432 2693 aa.
1453 2641 1477 2694 b.
1511 2641 1601 2707 Quare

247 2731 340 2772 omnes
357 2723 413 2771 tres
431 2715 571 2785 proximae
588 2717 660 2770 inter
678 2731 709 2770 se
726 2721 885 2772 consonant.
923 2714 1044 2771 Identica
1068 2730 1132 2768 vero
1151 2720 1194 2770 est
1212 2714 1391 2771 consonantia
1415 2719 1497 2774 etiam
1514 2719 1601 2788 partia

144 2854 151 2876 x
247 2799 360 2861 quartae
379 2809 439 2850 cum
457 2799 516 2850 toto
534 2793 645 2862 circuio,
663 2795 729 2862 qnia
746 2800 821 2850 totus
839 2799 867 2848 et
885 2793 1023 2850 dimidium
1037 2795 1098 2860 ejus
1111 2800 1261 2849 consonant
1277 2793 1404 2879 identics,
1422 2811 1472 2864 per
1483 2814 1561 2868 prop.
1579 2803 1600 2854 i.

246 2871 290 2928 Sic
308 2873 389 2929 etiam
407 2889 471 2942 para
489 2881 587 2942 quarta
605 2889 666 2930 cuna
685 2873 795 2929 dimidio
812 2889 863 2943 per
880 2872 1009 2942 eandem,
1033 2888 1118 2942 quare
1142 2889 1191 2940 por
1208 2889 1251 2926 ex.
1269 2873 1294 2928 7.
1317 2872 1400 2930 etiam
1421 2883 1519 2942 quarte
1537 2893 1601 2945 pars

248 2967 309 3008 cnm
326 2959 385 3007 tota
403 2953 504 3008 circulo
522 2952 640 3008 identice
657 2958 803 3016 consonat,
827 2959 856 3008 et
872 2968 922 3020 per
940 2967 983 3008 aa.
1003 2954 1028 3008 5.
1047 2951 1196 3021 quodlibet
1214 2951 1396 3020 quadruplum
1414 2971 1474 3010 cnm
1494 2956 1600 3024 simplo,

330 3032 392 3088 iam
410 3047 475 3088 vero
493 3047 563 3102 quae
577 3032 646 3090 ratio
665 3039 709 3088 est
725 3032 837 3102 primae,
856 3031 993 3089 secundae
1012 3039 1039 3086 et
1056 3030 1153 3086 tertiae
1166 3030 1417 3102 proportionalium,
1436 3032 1532 3100 eadem
1550 3037 1602 3092 erit

246 3117 273 3167 et
290 3111 440 3179 secundus,
454 3111 551 3166 tertiae
570 3117 598 3166 et
615 3118 743 3178 quartaer
762 3119 790 3166 et
809 3112 848 3166 sio
867 3110 995 3165 continua
1013 3111 1095 3164 trium
1113 3110 1184 3165 iuter
1202 3123 1232 3162 se
1250 3108 1375 3164 identice.

330 3191 404 3248 uoce
421 3192 504 3261 igitur
529 3190 556 3246 iu
574 3189 677 3246 talibus
700 3190 843 3246 discrimen
869 3189 1064 3246 consonantiae
1087 3189 1115 3244 in
1138 3202 1250 3256 genere,
1278 3194 1307 3242 et
1323 3186 1550 3246 identisonantiae
1573 3193 1602 3251 in

208 3261 211 3278 '
248 3269 347 3338 specie.
384 3270 541 3326 mannent
557 3279 649 3338 partes
668 3279 774 3341 quarta,
792 3279 897 3334 octava,
916 3269 1052 3326 sedecima
1070 3276 1098 3324 ct
1116 3267 1218 3324 similes
1236 3268 1317 3322 etiarn
1329 3275 1442 3337 propter
1453 3270 1562 3328 amoma
1576 3275 1601 3330 t.

244 3357 272 3406 at
291 3349 394 3415 fisurus
412 3355 597 3412 tetraqonurn,
616 3355 782 3418 octogonum¹
797 3356 867 3420 eto.;
885 3349 1003 3405 identice
1027 3363 1092 3402 vero
1110 3353 1275 3413 consonant,
1294 3355 1407 3416 propter
1427 3347 1602 3406 accedentem

243 3427 466 3496 propagationem
484 3427 565 3497 bajus
584 3434 676 3484 sectae
693 3427 842 3498 lignaturam
860 3445 897 3485 aa
914 3428 1063 3484 bisantione
1082 3426 1183 3482 circuli.
1220 3425 1291 3486 Nam
1309 3424 1332 3480 si
1350 3427 1454 3494 absque
1469 3426 1521 3482 bac
1538 3445 1602 3495 pro·

244 3509 388 3576 pacatiana
401 3509 506 3576 inisset,
523 3523 580 3562 nou
598 3507 715 3564 inissent
731 3509 866 3564 identirae
885 3523 978 3564 cuum
992 3505 1194 3564 consonantiae.
1227 3505 1294 3560 Cum
1306 3504 1377 3558 enim
1390 3503 1495 3574 liparae
1507 3521 1602 3564 omnes

243 3581 345 3642 numa
365 3587 409 3642 vel
426 3587 525 3642 multae
550 3594 642 3657 partes
663 3586 769 3654 circuli,
797 3587 819 3642 si
838 3585 978 3655 aequales,
997 3585 1040 3640 vel
1059 3583 1232 3652 inaequales,
1251 3583 1274 3638 si
1296 3590 1402 3638 tantum
1421 3583 1514 3658 binas,
1542 3603 1604 3642 cum

244 3684 333 3723 arcam
353 3665 598 3736 comprehendant,
622 3681 674 3722 nec
692 3666 787 3722 oircnli
805 3681 898 3721 aream
916 3666 944 3720 in
964 3665 1089 3732 aequalia
1107 3664 1240 3732 dividant,
1265 3679 1316 3718 nso
1334 3679 1426 3720 earnm
1447 3662 1535 3720 latera
1552 3681 1603 3736 per

244 3753 367 3804 canuam
386 3745 527 3808 ducantur,
546 3760 597 3802 neo
608 3746 635 3799 iu
649 3761 679 3800 ae
691 3747 751 3814 ipsa
762 3745 892 3813 recidant,
911 3759 961 3798 nec
980 3752 1134 3810 aequentur
1146 3741 1292 3798 diametro.
1311 3742 1506 3796 consonantiae
1520 3745 1603 3802 etiam

243 3843 278 3882 ex
296 3824 391 3894 bunna
409 3825 594 3891 actmqouicae
613 3833 705 3881 sectae
731 3833 807 3880 ortae
834 3823 994 3878 dilatassent
1019 3835 1048 3874 ee
1067 3819 1265 3889 quodammodo
1289 3818 1317 3874 in
1335 3819 1430 3876 auditu
1453 3829 1481 3875 et
1500 3821 1601 3878 disten·

246 3906 351 3960 dissent
366 3905 483 3958 animum
501 3902 633 3957 varietate
651 3911 680 3958 et
697 3901 853 3958 diversitate
866 3917 961 3958 vocum
975 3901 1132 3968 manifesta,
1151 3908 1182 3954 ιιι
1195 3899 1299 3954 iacirrnt
1311 3902 1512 3972 consonantiae,
1532 3919 1602 3972 quae

243 3991 308 4041 aaut
325 3999 342 4036 a
359 3981 454 4050 liguria
473 3981 580 4051 ceteris,
598 3995 709 4036 numera
729 3995 783 4036 non
802 3981 906 4049 puriter
923 3980 982 4049 pari
1002 3979 1118 4034 lateram
1138 3977 1340 4047 constantibus,
1359 3993 1408 4045 per
1425 3995 1503 4050 prop.
1524 3986 1547 4038 1.

330 4063 391 4118 Non
410 4061 497 4118 omnis
515 4068 605 4116 umen
631 4061 672 4117 ria
689 4059 798 4115 ademta
822 4059 955 4114 eet‘hnic
977 4057 1125 4125 figurarum
1150 4063 1241 4112 sectae
1264 4055 1385 4110 variandi
1410 4063 1602 4122 consonantias

249 4147 278 4196 et
295 4140 456 4198 deflectendi
474 4139 537 4194 illae
554 4138 709 4208 speritate
726 4137 956 4196 identiaonautiae
975 4137 1060 4206 (sicut
1085 4137 1162 4206 ipsae
1186 4153 1203 4192 a
1221 4134 1395 4204 simplicitate
1418 4136 1542 4194 diametri
1559 4157 1602 4196 re·

246 4221 406 4282 sensenna).
443 4218 562 4276 Primuna
577 4217 660 4283 euim,
680 4218 731 4272 etsi
749 4216 835 4286 partia
853 4216 948 4273 circuli
970 4217 1093 4286 augura
1115 4216 1249 4272 rescissae
1273 4215 1451 4270 consonantia
1468 4223 1601 4277 converti·

245 4307 291 4353 tur
307 4297 336 4350 in
352 4312 455 4352 maram
472 4296 712 4354 identiaonautiern
731 4298 852 4364 (propter
869 4294 967 4350 dicum
987 4295 1212 4366 propagationem
1230 4293 1346 4364 partium
1366 4293 1458 4350 circuli
1480 4314 1496 4351 a
1515 4300 1602 4366 prima

247 4373 364 4430 emnium
382 4375 555 4446 blaeotione),
574 4386 665 4432 tamen
684 4377 784 4447 gradus
802 4375 1031 4432 identiaonautiae
1050 4375 1120 4430 fiunt
1139 4376 1312 4441 remotiores,
1339 4388 1446 4444 semper
1464 4379 1535 4434 enim
1554 4387 1600 4440 mt-

247 4469 298 4508 nor
315 4468 376 4506 cnm
394 4455 518 4521 proxima
536 4473 566 4512 se
584 4454 687 4524 majore
705 4469 859 4512 masopane
877 4471 912 4510 ex
931 4455 1057 4524 opposito
1082 4455 1199 4511 identice
1222 4455 1254 4510 fit
1271 4459 1388 4526 acutior,
1414 4455 1600 4526 multiplicatis

248 4529 448 4602 oppositionum
469 4532 584 4603 vicibus,
610 4534 702 4605 itaque
721 4549 828 4604 semper
852 4544 986 4606 augentur
1010 4550 1105 4589 vocum
1127 4535 1277 4591 intervalla,
1315 4535 1452 4604 Secundo,
1477 4536 1505 4592 in
1523 4543 1601 4606 puta

246 4611 354 4682 quidem
380 4617 473 4664 manet
496 4610 707 4669 identiaonautia
729 4617 771 4682 (ιιι
793 4615 821 4672 in
845 4617 966 4670 sectione
988 4629 1037 4684 per
1061 4613 1246 4680 diametrum),
1265 4621 1294 4670 at
1316 4616 1344 4670 iu
1366 4614 1476 4672 residuo
1499 4631 1599 4684 nequa·

247 4707 343 4760 qaam;
361 4687 394 4742 tit
415 4686 486 4744 enim
509 4689 647 4746 residuum
664 4691 717 4748 hoc
734 4708 842 4761 semper
863 4693 891 4748 in
908 4693 1004 4765 figuris
1022 4693 1217 4762 postemnribus
1236 4709 1266 4748 ee
1285 4695 1346 4764 ipso
1365 4693 1495 4756 deterius,
1515 4707 1597 4762 quan·

246 4777 304 4824 tum
322 4767 358 4822 ad
375 4771 501 4822 naturam
519 4765 709 4826 bumouicam.
746 4770 800 4828 Sed
819 4771 853 4830 de
870 4773 986 4828 residuis
1005 4770 1105 4828 talibus
1125 4778 1278 4838 sequnntur
1297 4773 1498 4845 propositiones
1515 4785 1595 4842 pecu·

246 4845 335 4908 lina
367 4845 409 4906 ut
424 4843 552 4911 ιιιιιιιιιι,
568 4859 625 4904 aaa
641 4847 702 4906 aula
718 4850 888 4922 tenuamus
904 4855 981 4910 secu
991 4849 1125 4908 ιιοιιιιιιιι
1135 4847 1223 4918 uiqnit
1240 4852 1440 4919 aaamnautiaa,
1458 4849 1599 4908 sedetin
