3732 5528
512 1665 706 1760 ieritis
735 1667 935 1764 initiet
966 1669 1293 1764 miiiiiiiti

236 1843 377 1924 PRO
414 1845 551 1926 SUO
585 1847 820 1928 OPERE
858 1849 1322 1932 HARMONICES
1355 1853 1582 1932 MUNDI

752 2028 1058 2201 iiiitti

585 2285 735 2349 Adversus
758 2289 1037 2351 demonstrationem
1061 2293 1241 2388 enelyticeiu

469 2439 627 2521 ciev-
655 2443 719 2512 Ι).
743 2443 951 2515 liuberti
981 2443 1043 2515 de
1069 2445 1348 2543 Fluctibus,

767 2557 869 2612 Medici
887 2558 1057 2614 oxoniensis·
1166 2617 1172 2625 ,

365 2695 399 2755 Iu
428 2714 487 2776 que
519 2697 567 2758 ille
595 2717 627 2798 ee
650 2701 722 2760 dicit
753 2701 929 2779 respondere
960 2703 998 2761 ed
1023 2703 1224 2781 Appendicem
1254 2704 1323 2764 dieti
1346 2707 1451 2781 operis.

458 2871 613 2922 meneoturti
631 2873 761 2924 sumtibus
778 2875 908 2925 Godeirldi
926 2876 1080 2940 Tempechii.
1117 2881 1191 2928 Anne
1211 2877 1365 2930 MDGXXII.

235 3385 288 3442 Ad
308 3385 541 3443 momentum
564 3387 964 3462 excellentissimumque
986 3389 1121 3458 Virum,
1145 3389 1184 3447 D.
1207 3387 1396 3446 liebertum
1419 3387 1462 3444 de
1482 3387 1584 3444 Fluc-

325 3472 435 3542 tibus,
463 3475 653 3533 Medicinae
674 3479 710 3532 et
731 3475 975 3546 Philosophiae
998 3476 1182 3533 Doctorum
1209 3475 1489 3544 celeberrimum,

398 3563 541 3618 scennis
563 3563 710 3634 Kepleri,
733 3562 982 3632 Mathematici,
1010 3564 1165 3632 Epistola
1187 3561 1409 3632 apologetice.

320 3713 393 3775 Sero
416 3723 482 3789 tue,
508 3715 561 3775 Vir
584 3716 847 3789 Excellentissime‚
881 3716 1040 3776 declaratio
1064 3716 1212 3795 analytica
1233 3734 1314 3776 mens
1338 3715 1377 3776 ad
1398 3731 1503 3774 menne
1526 3714 1579 3774 de·

236 3804 314 3861 venit
336 3802 513 3881 offenditque
536 3805 662 3880 negotiis
684 3805 934 3864 inextricabilibus
957 3803 1138 3881 implicitum,
1162 3811 1195 3864 nt
1212 3806 1237 3862 si
1261 3805 1348 3881 piene
1364 3803 1578 3880 praeteriissem

233 3891 388 3961 intectam,
419 3907 519 3963 nemo,
549 3895 600 3968 qui
621 3909 750 3952 mearum
774 3909 874 3968 rerum„
892 3895 1027 3951 conscius
1049 3900 1109 3964 est,
1140 3893 1354 3951 contumaciam
1378 3890 1485 3948 sitentii
1508 3889 1579 3948 mihi

234 3979 263 4035 iu
293 3979 447 4054 superbiae
478 3987 578 4038 nomm
610 3982 753 4056 imputare
783 3983 884 4056 possit.
930 3979 1010 4038 Vicit
1039 3987 1137 4039 tamen
1160 3987 1264 4039 uetere
1293 3994 1414 4054 mosque
1437 3977 1578 4036 hactenus

232 4065 385 4138 obtentus,
409 4069 496 4138 vicit,
528 4069 664 4143 inquam,
695 4067 826 4128 taedium
848 4065 993 4126 scribendi
1015 4065 1207 4144 legendique,
1237 4083 1290 4126 nec
1313 4066 1498 4123 inhonestum
1521 4062 1578 4140 hoc

11 4169 12 4176 ¹
117 4209 119 4214 ,
231 4159 376 4213 certamen
399 4155 584 4224 existimavi,
616 4171 670 4214 nec
691 4154 832 4215 lectorem
853 4153 974 4214 avidum
1005 4153 1200 4214 frustrandum
1223 4155 1341 4228 censui,
1373 4151 1499 4227 denique
1521 4151 1590 4210 hoc

230 4239 337 4314 lucelli,
361 4239 441 4317 quod
463 4241 640 4320 typographi
663 4249 782 4319 capture
804 4240 940 4302 videntur
961 4241 1108 4302 irritandis
1139 4245 1168 4300 in
1190 4259 1223 4301 se
1245 4251 1348 4303 mutuo
1370 4238 1578 4298 incendendis·

232 4343 288 4404 quo
310 4329 493 4402 auctoribus,
526 4337 668 4406 quantum
696 4332 725 4387 in
749 4345 796 4388 me
819 4337 876 4401 est,
907 4331 1024 4388 nonnisi
1050 4347 1103 4406 per
1124 4329 1287 4390 honestetis
1316 4331 1459 4405 speciem,
1492 4329 1577 4387 bonis

233 4416 366 4474 omnibus
389 4419 595 4496 approbatum,
625 4417 682 4476 iliis
705 4415 918 4495 expediendum
940 4419 1040 4475 semsi.
1084 4416 1146 4477 Nec
1167 4416 1302 4494 pleribus
1324 4415 1488 4492 praefatus,
1524 4412 1577 4475 dc-

233 4502 421 4565 eluretionem
445 4506 554 4580 ipsam,
584 4503 727 4580 prolixam
759 4516 847 4563 antee
869 4504 957 4578 setis,
991 4511 1024 4562 ut
1049 4505 1079 4560 in
1102 4521 1162 4580 que
1182 4503 1254 4561 mihi
1284 4519 1336 4582 pro
1360 4504 1577 4578 comparatione

231 4607 297 4650 mee
319 4591 488 4668 centuplum
510 4589 653 4666 retundis,
677 4597 819 4668 quantum
842 4599 945 4666 potero
969 4591 1087 4649 conciso
1106 4591 1253 4649 'cretionis
1274 4607 1381 4666 genere
1402 4605 1576 4667 percurram,

231 4693 366 4754 quaeque
389 4681 419 4736 in
442 4679 571 4740 etmihi
593 4678 772 4739 videbuntur
796 4676 928 4752 officere,
951 4676 1070 4736 diluam.
1136 4685 1144 4694 ’

317 4765 351 4822 ln
385 4765 470 4826 titulo
502 4766 693 4846 praefationis
726 4769 832 4837 miror‚'
867 4779 943 4840 quae
975 4773 1005 4825 te
1038 4767 1197 4824 necessitas
1231 4763 1269 4824 ad
1302 4762 1573 4842 „respondendumit

231 4850 374 4930 etegerit,
405 4855 453 4923 eui
475 4857 553 4935 prior
573 4872 629 4934 ege
652 4853 725 4915 niiril
754 4851 976 4932 spoponderim,
1004 4851 1077 4912 nihii
1099 4853 1279 4930 rogaverim,
1308 4851 1381 4914 nihii
1408 4852 1574 4932 objecerim.
