3698 5534
745 213 760 258 s

733 295 817 401 Liber
833 345 865 400 V.
895 345 983 415 caput
999 345 1049 400 ΠΙ.
1167 363 1172 370 ·
1499 351 1558 412 281

307 521 526 584 Deeimotertio.
572 525 615 584 Ex
637 526 806 603 pmsmlssis
828 525 1043 587 demonstratur
1064 524 1138 586 haee
1159 527 1335 606 propositio,
1369 527 1454 588 uobis
1475 526 1562 588 vaide

218 613 384 672 neeessarin
404 612 514 685 lutura,
553 612 631 689 qnod
654 613 900 691 quemadmodum
926 614 1076 693 proportio
1098 611 1258 674 mediorum
1280 621 1412 676 motuum
1432 617 1463 675 in
1484 616 1562 675 binis

218 697 344 777 planetis
374 705 420 760 est
449 700 641 776 sesquialtera
672 717 775 762 eversa
802 702 998 780 proportionis
1028 702 1233 776 orbium,1sio
1261 705 1410 782 proportio
1441 702 1564 764 duorum

219 788 422 864 apperentium
456 795 690 865 eonvergeuttum
723 795 916 852 extremorum
944 795 1078 850 motuum
1106 806 1220 868 semper
1249 788 1365 852 dsiioiat
1397 807 1415 851 e
1446 791 1563 867 sesqui·

219 873 311 934 altera
340 877 536 952 proportionis
568 875 807 953 intervallorum,
837 877 896 938 iliis
926 879 1061 939 extremis
1091 877 1220 938 motibus
1251 877 1502 956 respondentium
1533 885 1564 940 et

220 962 389 1039 quantisper
411 961 527 1041 quidem
560 963 637 1024 duee
658 966 860 1043 proportiones
883 965 1006 1026 duorum
1027 964 1245 1026 intervallorum
1267 966 1503 1044 respondentium
1526 965 1564 1028 ed
1644 993 1649 1002 ·

220 1049 375 1110 intervalia
403 1048 460 1110 duo
492 1049 589 1111 medie
611 1069 663 1113 seu
686 1051 724 1112 nd
752 1053 982 1114 semidiametros
1014 1051 1137 1116 duorum
1167 1053 1279 1114 orbium
1309 1053 1431 1131 junotes
1452 1055 1563 1116 iaeinnt

120 1175 126 1194 .
220 1139 315 1197 misus
331 1155 419 1215 quam
441 1137 590 1198 dimidiam
604 1141 798 1218 proportionis
821 1143 943 1217 orbium,
966 1143 1108 1221 landsper
1122 1144 1270 1220 proportio
1286 1150 1419 1203 motuum
1440 1141 1562 1203 duorum

221 1233 413 1286 extremorum
436 1229 672 1301 oonverpentium
695 1235 740 1289 est
760 1229 855 1305 major
868 1231 1056 1308 proportione
1077 1230 1316 1306 respondentium
1330 1230 1564 1306 intervallorum

219 1315 337 1374 sivero
366 1313 418 1373 ilia
445 1332 559 1374 summa
588 1323 737 1392 superaret
767 1314 916 1376 dimidiam
948 1319 1144 1394 proportionis
1174 1317 1316 1392 orbium,
1336 1325 1405 1378 tuno
1433 1325 1564 1379 motuum

220 1403 459 1478 eonvergentium
482 1405 630 1480 proportio
653 1403 735 1464 lieret
756 1407 851 1464 minor
871 1400 1058 1482 proportione
1080 1421 1198 1464 suorunr
1222 1406 1449 1467 intervallorum.

304 1487 350 1548 Sit
365 1490 477 1549 orbium
499 1493 648 1569 proportio
663 1491 731 1566 ΒΗ,
755 1484 826 1572 ΑΒ,
842 1499 973 1552 motuum
988 1492 1150 1554 mediorum

223 1579 373 1654 proportio
396 1576 456 1647 ΗΙ,
491 1577 566 1649 ΒΜ,
599 1580 703 1656 prioris
733 1579 926 1656 sesquialtera
948 1597 1060 1641 eversa.
1105 1579 1150 1641 Sit
1396 1563 1414 1618 4
1440 1562 1456 1618 ⁵
1483 1561 1542 1618 39

222 1664 407 1724 intervallum
428 1665 490 1726 illio
510 1668 661 1725 minimum
674 1668 720 1726 sui
734 1667 822 1742 orbis,
845 1684 885 1729 se.
899 1666 961 1742 OG,
984 1669 1032 1729 irio
1054 1669 1149 1728 maxi-
1384 1666 1416 1722 Α.
1430 1667 1461 1722 Β.
1478 1669 1507 1724 c,
1520 1668 1552 1721 D.
1646 1665 1649 1672 '

219 1767 297 1811 mum
320 1753 377 1830 sui,
399 1770 441 1814 so.
458 1751 518 1827 ΒΗ,
542 1761 571 1813 et
590 1755 709 1831 junotae
730 1757 934 1833 proportiones
955 1755 1015 1814 ΒΗ
1037 1754 1075 1815 nd
1098 1754 1152 1816 cd

219 1845 249 1900 ei
279 1838 330 1898 ΒΗ
362 1839 401 1899 ad
433 1841 486 1900 ΑΕ
518 1841 576 1900 sint
611 1842 710 1922 primo
736 1844 863 1903 minores
903 1841 1024 1904 dimidie
1058 1843 1150 1921 ipsius
1317 1825 1322 1846 '
1444 1766 1449 1902 1

217 1925 276 1986 ΒΗ
299 1925 337 1986 sd
362 1927 422 1986 ΑΒ.
468 1927 571 2003 Sisque
601 1935 698 1989 motus
728 1931 885 2008 superioris
913 1928 1072 2007 perihelius
1095 1949 1151 2009 ap-

215 2031 321 2093 patens
345 2013 418 2089 GK,
453 2015 596 2076 interioris
627 2016 762 2093 ephelius
784 2017 863 2092 ΗΒ,·
885 2024 919 2078 ut
949 2021 1008 2078 siut
1029 2021 1150 2079 extremi

218 2109 436 2180 eonvergentes.
489 2103 565 2163 Dino
597 2106 814 2180 proportionem
846 2103 904 2165 ΒΚ
932 2104 970 2165 ed
1001 2105 1053 2165 ΗΒ
1084 2123 1149 2167 esse

216 2191 357 2266 meJ'orem
391 2192 578 2268 proportione
611 2190 663 2251 OG
698 2191 738 2251 nd
768 2191 818 2252 ΒΗ
851 2209 969 2267 eversu,
1007 2195 1149 2253 minorem

218 2286 315 2338 tamen
344 2277 408 2353 ejus
435 2277 635 2356 sesquisiters.
680 2279 755 2340 Nem
784 2283 935 2360 proportio
962 2279 1008 2338 ΗΙ
1031 2279 1068 2340 ed
1091 2279 1148 2340 GK
1303 2205 1407 2414 -1

217 2371 263 2426 est
284 2365 374 2442 duple
403 2368 598 2443 proportionis
621 2365 674 2426 ct}
702 2365 741 2426 ad
762 2365 835 2441 ΒΗ,
867 2375 897 2428 et
924 2371 1075 2446 proportio
1099 2368 1149 2427 ΗΒ
1163 2381 1297 2436 Μ--

218 2451 257 2512 nd
279 2452 450 2531 Eldtdupia
473 2456 668 2532 proportionis
691 2455 743 2514 ΑΕ
765 2455 804 2515 sd
825 2455 892 2530 BF3
919 2456 1039 2532 innotos
1061 2457 1150 2531 igitur
1246 2437 1339 2560 L5⁴⁰⁰
1383 2438 1407 2492 Ε

185 2565 188 2579 ·
217 2540 293 2601 duee
315 2543 532 2618 proportiones,
555 2541 599 2600 ΗΙ
622 2539 660 2602 ed
684 2541 740 2602 GK
764 2551 793 2603 et
814 2542 866 2603 ΗΒ
887 2542 927 2602 ed
949 2541 1006 2602 ΒΜ
1029 2541 1149 2622 duplum
1324 2561 1393 2617 3455
1428 2559 1451 2614 F

218 2629 347 2688 eiiioiunt
373 2627 541 2704 junctarum
573 2627 627 2690 OG
657 2630 695 2689 ed
717 2629 776 2688 ΒΗ
799 2638 828 2690 et
849 2631 902 2689 ΑΒ
925 2630 962 2690 ud
985 2631 1045 2690 ΒΗ.
1090 2629 1149 2692 Sed
1244 2693 1247 2704 ,

215 2717 337 2791 juretus
360 2715 413 2776 ct}
443 2716 481 2776 ed
504 2715 561 2776 ΒΗ
590 2725 619 2777 et
643 2717 694 2776 ΑΒ
724 2717 759 2776 ad
783 2717 834 2776 BF
861 2725 928 2776 sunt
956 2720 1080 2778 minores
1104 2719 1150 2778 di·
1314 2681 1338 2738 K
1410 2628 1536 2832 pop-ej

220 2803 311 2865 midio
333 2806 528 2882 proportionis
550 2805 603 2863 ΑΒ
626 2805 664 2865 ed
686 2805 761 2879 ΒΗ,
789 2803 903 2865 deieotu
927 2813 1020 2880 certo,
1053 2817 1086 2865 ot
1107 2813 1152 2867 est
1386 2804 1538 2912 I-ffiOOH

215 2894 245 2950 in
268 2894 441 2970 suppositis,
472 2907 542 2969 ergo
573 2897 602 2950 et
632 2893 751 2968 junctae
776 2891 823 2952 ΗΙ
844 2891 882 2952 ad
905 2891 963 2952 GK
986 2899 1015 2953 et
1039 2893 1089 2952 ΗΒ
1112 2893 1148 2954 ed

217 2979 274 3038 ΗΜ
296 2989 364 3040 sunt
386 2981 511 3040 minores
535 2979 624 3057 duplo
649 2979 771 3058 dimidii,
792 2979 822 3039 id
845 2987 891 3040 est
912 2983 1041 3042 minores
1064 2987 1127 3041 tota
1148 2981 1333 3058 proportione
1357 2977 1409 3036 ΑΒ
1432 2974 1469 3037 ed
1492 2974 1560 3047 ΒΗ,

217 3066 332 3128 deieetu
362 3068 467 3145 prioris
499 3066 598 3145 duplo.
643 3065 702 3128 Sed
724 3067 769 3126 Hi
790 3059 829 3127 ed
851 3065 908 3126 ΒΜ
931 3076 976 3128 est
1006 3067 1199 3146 sesquialtera
1231 3066 1426 3145 proportionis
1450 3063 1502 3123 ΑΒ
1525 3061 1566 3124 ad

216 3153 286 3234 ΒΗ,
309 3173 360 3231 per
383 3156 411 3213 8.
434 3158 635 3231 praemissum.
680 3153 757 3230 Ergo
780 3156 876 3214 minus
907 3161 970 3214 toto
995 3156 1110 3217 detentu
1134 3154 1281 3234 duplicato
1306 3153 1436 3214 ablatum
1458 3168 1478 3211 s
1498 3167 1564 3211 ses·

217 3242 375 3316 quialtero,
408 3241 520 3302 scilieet
546 3244 748 3318 proportiones
780 3243 825 3301 ΗΙ
847 3242 885 3302 ed
909 3241 965 3301 GK
997 3251 1026 3304 et
1048 3243 1099 3304 ΗΒ
1122 3243 1159 3304 ed
1183 3242 1280 3303 illle
1308 3243 1494 3321 proportione
1517 3237 1564 3312 HJ

218 3329 257 3389 ad
280 3329 337 3389 [tiit
360 3330 527 3406 relinquunt
549 3331 615 3406 plus
638 3347 726 3404 quem
749 3332 837 3390 semis
859 3333 1055 3408 proportionis
1079 3332 1130 3391 ΑΒ
1153 3329 1191 3390 ad
1212 3329 1288 3404 ΒΗ,
1320 3345 1443 3390 excessu
1465 3324 1564 3402 dupli·

217 3425 300 3493 orrt03
333 3417 501 3494 relinquunt
530 3433 600 3477 vero
628 3419 845 3495 proportionem
868 3416 925 3476 GK
949 3419 986 3477 ad
1009 3419 1075 3492 ΗΒ,
1108 3437 1176 3494 ergo
1199 3419 1346 3495 proportio
1359 3415 1427 3484 ,GK
1450 3414 1489 3475 ed
1510 3412 1562 3472 ΗΒ

216 3511 262 3565 est
282 3505 348 3582 plus
371 3522 460 3580 quem
483 3504 603 3566 dimidia
625 3507 820 3582 proportionis
843 3505 895 3563 tili
918 3504 956 3566 ad
979 3505 1052 3581 ΒΗ,
1086 3523 1206 3566 excessu
1229 3503 1386 3581 duplicato.
1433 3503 1473 3562 At
1493 3517 1564 3578 pro·

215 3597 311 3670 portio
335 3593 386 3652 ΑΒ
408 3593 446 3653 ad
469 3593 527 3652 ΒΗ
551 3602 595 3653 est
617 3594 781 3668 composita
803 3609 839 3651 ex
861 3593 971 3652 tribusr
994 3611 1029 3653 er
1056 3594 1106 3653 ΑΒ
1129 3594 1166 3654 ad
1188 3593 1247 3665 ΒΗ,
1271 3609 1307 3651 ex
1331 3591 1381 3651 ΒΗ
1405 3588 1443 3650 ad
1459 3587 1513 3648 cd
1534 3592 1564 3648 ot

216 3697 252 3741 ex
275 3679 328 3740 OG
349 3679 388 3740 ad
410 3679 479 3740 ΒΗ.
523 3681 561 3740 Et
584 3677 637 3740 OG
659 3680 697 3740 ad
721 3679 779 3738 ΒΗ
811 3695 877 3738 eum
900 3679 952 3738 ΑΒ
976 3680 1014 3740 ed
1036 3678 1087 3740 ΒΗ
1117 3690 1162 3742 est
1191 3681 1286 3738 minus
1319 3677 1439 3738 dimidio
1471 3677 1564 3754 ipsius

216 3768 269 3826 ΑΒ
291 3769 329 3828 nd
352 3767 419 3840 ΒΗ,
443 3765 558 3830 deiectu
581 3767 687 3844 simplo
698 3787 708 3841 ,·
730 3785 800 3844 ergo
823 3767 874 3826 ΒΗ
898 3767 936 3826 ed
959 3767 1012 3828 Gi}
1034 3774 1079 3828 est
1100 3769 1167 3847 plus
1189 3766 1308 3826 dimidio
1330 3768 1424 3846 ipsius
1451 3763 1501 3823 ΑΒ
1524 3761 1563 3824 ad

215 3855 283 3931 ΒΗ,
307 3873 428 3916 excessu
451 3855 565 3932 simplo.
610 3854 669 3916 Sed
691 3857 841 3932 proportio
864 3854 922 3914 GK
944 3856 982 3916 ad
1004 3854 1055 3915 ΗΒ
1079 3864 1140 3918 erat
1162 3858 1250 3918 etiam
1272 3853 1340 3932 plus
1363 3864 1453 3931 quem
1476 3849 1564 3911 dimi·
1622 3855 1627 3870 ¹

216 3943 266 4002 die
288 3941 421 4021 ejusdem
445 3943 497 4002 ΑΒ
519 3943 558 4003 ad
580 3943 648 4018 ΒΗ,
673 3959 776 4002 rerum
798 3959 921 4004 exoessn
943 3942 1108 4021 duplicat03
1143 3943 1308 4022 dupliontrts
1332 3959 1402 4014 vero
1426 3953 1564 4000 excessus

215 4037 260 4092 est
282 4031 377 4107 major
398 4029 522 4109 simplo,
557 4047 627 4106 ergo
649 4032 798 4106 proportio
827 4039 961 4091 motuum
983 4031 1040 4092 GK
1062 4031 1100 4092 ed
1123 4033 1174 4092 ΗΒ
1195 4037 1240 4092 est
1261 4032 1355 4109 mejor
1376 4028 1564 4108 proportione

215 4118 436 4180 intervallorum
457 4117 694 4196 respondentium
718 4115 769 4176 ΒΗ
792 4118 829 4177 ad
852 4117 914 4178 ΟΒ.

300 4205 412 4266 Eodem
444 4205 532 4283 pinne
562 4205 651 4265 modo
674 4205 887 4266 demonstretur
909 4208 998 4268 etiam
1021 4223 1037 4266 e
1060 4208 1219 4280 contario,
1250 4209 1276 4265 si
1297 4203 1433 4283 planetae
1455 4217 1564 4279 appro-

214 4297 358 4373 pinquent
380 4296 511 4372 invtoem,
527 4295 557 4351 in
581 4292 624 4368 G,
647 4293 672 4351 F
695 4291 772 4353 ultra
794 4293 949 4354 distentius
972 4293 1086 4356 medies
1106 4298 1136 4354 in
1158 4293 1204 4369 H,
1227 4294 1270 4367 E,
1295 4295 1338 4354 sie
1360 4302 1393 4350 nt
1414 4292 1563 4369 proportio

215 4383 376 4444 mediarum
408 4381 610 4442 distantiarum
633 4379 692 4440 ΒΗ
714 4380 752 4439 ad
776 4381 828 4440 ΑΒ
850 4384 966 4440 enrittet
995 4381 1060 4458 pius
1083 4381 1217 4454 dimidio,
1252 4387 1321 4440 tuno
1350 4385 1482 4439 motuum
1506 4375 1563 4438 dit

214 4470 252 4531 ed
274 4471 326 4531 ΗΒ
348 4471 565 4548 proportionem
587 4469 649 4530 fieri
680 4469 820 4528 minorem
852 4471 1038 4546 proportione
1068 4483 1185 4529 snorum
1207 4466 1428 4528 intervallorum
1451 4465 1502 4526 ΒΗ
1525 4465 1564 4526 ad

214 4557 276 4618 cd.
320 4557 400 4617 Nihil
424 4559 500 4618 enim
523 4556 600 4617 nitra
621 4553 805 4629 leniendum,
835 4573 923 4632 quem
952 4565 986 4615 ut
1007 4563 1101 4617 mutes
1130 4567 1218 4617 voees
1224 4600 1234 4631 ,
1263 4557 1366 4630 maior
1392 4555 1421 4612 ln
1450 4557 1563 4628 minor,

212 4647 284 4722 plns
306 4646 336 4704 in
357 4647 470 4716 minus,
494 4661 625 4704 enom
647 4647 676 4701 in
699 4643 829 4720 &fatres
851 4651 881 4702 et
903 4643 1042 4704 riolssim.

299 4733 334 4793 In
356 4733 499 4812 appositis
520 4734 655 4805 numeris,
679 4733 750 4808 quia
772 4729 893 4792 dimidie
914 4728 952 4792 do
976 4726 1014 4814 Β,
1037 4737 1081 4791 est
1103 4725 1151 4812 Ἄ,
1174 4737 1204 4791 et
1226 4725 1264 4812 Β,
1286 4737 1332 4791 est
1353 4729 1449 4790 etune
1470 4728 1565 4804 urajor
1636 4749 1638 4758 ¹

213 4837 303 4900 quam
325 4816 363 4903 2l,
387 4821 551 4898 quontitate
573 4835 711 4882 oroessns
738 4813 817 4901 ΗΜ,
850 4825 881 4880 et
907 4833 978 4880 vero
1009 4820 1205 4899 proportionis
1229 4819 1248 4879 8
1270 4817 1309 4879 ad
1332 4820 1350 4880 9
1373 4816 1465 4898 dupla
1485 4817 1564 4876 laete
