3570 5536
336 371 397 434 626
704 365 736 424 lu
755 363 973 426 stereometriam
990 367 1130 426 Doliorum
1147 369 1302 443 appendix.
1354 395 1360 408 ι

332 541 393 613 legi,
413 543 520 599 omnino
539 542 602 599 mihi
621 551 750 614 punctum
768 543 908 599 satisfecit.
944 545 980 600 At
997 561 1052 601 non
1069 545 1147 602 valde
1165 553 1233 618 puto
1251 556 1387 619 receptam
1399 549 1432 604 iri
1445 549 1519 604 bane
1530 547 1689 618 logisticam

332 622 366 677 ab
385 621 440 678 ullo
459 621 597 677 hominnm
615 636 722 692 genere,
740 622 898 692 nequidem
917 623 941 678 si
959 626 1098 681 octonaria
1115 629 1270 696 progressio
1287 645 1337 698 per
1354 630 1444 684 omnia
1462 631 1597 685 obtineat.
1636 631 1689 686 lie

332 702 445 756 cessitas
464 703 535 755 enim
553 701 629 756 nulla
646 707 674 756 et
690 700 753 770 plus
773 709 815 756 eat
832 701 860 755 in
879 701 1038 758 confusione
1057 703 1239 776 difficultatis,
1264 724 1344 778 quam
1362 708 1389 762 in
1407 709 1571 764 reductione
1588 709 1624 764 ad
1643 711 1689 765 de

330 779 433 834 mamam
452 779 560 834 laboris.
598 779 687 847 Quare
706 796 770 851 ergo
789 783 968 851 sexagenaria
984 789 1095 852 recepta
1108 785 1143 838 sit
1166 785 1200 842 ab
1224 788 1394 856 astronomis,
1424 789 1570 842 octonaria
1600 787 1690 858 recipi

330 875 384 914 non
403 859 509 928 possit?
530 859 599 927 Quia
618 859 795 928 sexagenaria
813 877 937 930 magnam
956 878 1094 933 summam,
1112 870 1186 932 puta
1203 865 1245 934 60,
1263 865 1423 930 accumulat,
1443 866 1588 920 octonaria
1601 867 1690 921 minus

329 941 476 1008 quam10;
503 947 531 994 et
548 939 612 1008 quia
629 941 807 1010 sexagenaria
833 941 961 1008 quamdiu
988 949 1014 998 et
1041 949 1175 1012 quatenus
1198 943 1326 1000 intrato
1353 951 1462 1014 manat,
1489 945 1556 1000 novi
1584 945 1688 1000 ninila

328 1019 439 1076 denaria
457 1018 523 1076 iacit
540 1019 568 1074 in
585 1034 679 1075 mensa
696 1018 885 1090 Pythagorica,
904 1020 1043 1075 octonaria
1060 1020 1141 1090 plane
1160 1023 1241 1078 vertit
1259 1022 1380 1078 abacum.

879 1199 926 1260 Ad
949 1200 1067 1278 Caput
1088 1201 1130 1262 X.

395 1352 458 1408 Jam
471 1352 599 1422 respondi
617 1352 675 1408 iere
695 1357 826 1421 quantum
843 1353 991 1420 quaeritur.
1028 1353 1089 1408 Etsi
1107 1353 1177 1408 euim
1195 1353 1304 1408 nomina
1321 1351 1472 1423 ponderum
1489 1354 1521 1408 in
1540 1355 1684 1412 cannara

326 1433 432 1487 ratione
450 1433 556 1488 institui
573 1433 688 1504 possint,
706 1447 760 1486 non
780 1430 909 1485 suaserim
927 1437 1018 1486 tumen
1034 1431 1132 1502 vulgus
1155 1433 1321 1488 onerandum
1342 1448 1414 1488 noua
1430 1434 1599 1489 numerandi
1619 1443 1682 1490 arte.

326 1511 398 1580 Quin
422 1513 530 1583 potius,
559 1514 624 1581 quia
650 1512 761 1567 schema
787 1509 995 1578 comparationis
1021 1525 1213 1580 progressuum
1240 1511 1395 1567 ocmuariae
1421 1519 1449 1568 et
1477 1513 1613 1570 denariae
1634 1516 1684 1568 boe

325 1593 358 1647 X.
377 1610 436 1663 cap.
456 1592 644 1661 introducitur,
660 1591 722 1646 loco
742 1590 888 1646 schematis
906 1589 988 1658 hujus
1005 1589 1079 1646 aliud
1098 1591 1208 1648 schema
1226 1598 1254 1645 et
1270 1599 1352 1662 typus
1375 1593 1550 1661 aequatiouia
1563 1594 1682 1650 omnium

235 1683 237 1686 ·
324 1685 511 1727 mensurarum
531 1679 559 1727 et
576 1671 722 1740 nominum,
742 1671 822 1726 etiam
841 1670 867 1723 in
887 1670 1061 1740 proportione
1079 1671 1249 1727 discontinua
1268 1687 1328 1727 sese
1340 1679 1435 1728 mutuo
1454 1674 1681 1743 subsequentium

323 1747 352 1802 in
370 1747 466 1817 vulgus
484 1749 572 1806 detur.
610 1751 654 1806 Sic
673 1750 745 1804 enim
761 1747 914 1803 rectissime
931 1747 1027 1817 uulgus
1046 1749 1186 1818 lavabitur
1207 1751 1309 1807 relictis
1332 1752 1546 1810 nomenclatoris
1570 1762 1602 1808 et
1620 1771 1681 1810 eoa·

324 1828 511 1885 suetudinibus
530 1837 558 1886 et
575 1830 669 1899 adjutu
687 1827 860 1884 nihilominus
878 1827 1015 1884 memoria.

409 1907 440 1960 ln
458 1909 531 1962 omni
547 1907 697 1963 mutatione
713 1907 857 1976 plurimum
882 1907 964 1962 habet
986 1907 1104 1963 invidiae
1121 1908 1270 1966 subtilitas:
1289 1911 1360 1967 hanc
1378 1917 1561 1968 exsecrantur
1580 1911 1680 1968 subditi

322 1983 421 2053 potiori
440 2001 474 2040 ex
491 1993 581 2056 parte3
600 1986 719 2056 populus
738 1986 809 2040 enim
826 1987 855 2040 in
873 2001 1013 2042 commune
1032 2003 1092 2043 cum
1114 1989 1180 2057 ipsis
1203 1987 1271 2046 adeo
1293 1991 1442 2047 minoribus
1466 1993 1677 2062 magistratibus

322 2063 474 2122 hebescat.
510 2068 606 2138 ltaque
624 2065 780 2136 hujusmodi
799 2067 902 2136 optima
919 2068 1000 2122 etiam
1025 2067 1138 2123 consilia
1160 2070 1325 2126 curiositatis
1348 2072 1455 2128 nomine
1473 2072 1678 2128 calumniantur

322 2149 350 2197 et
368 2145 395 2198 in
414 2145 522 2201 scholas
540 2144 666 2216 ablegare
684 2145 780 2202 solent.
817 2146 869 2214 Qui
892 2161 956 2202 vero
983 2156 1103 2204 nostrae
1121 2163 1175 2203 non
1202 2151 1319 2206 subsunt
1340 2151 1544 2221 jurisdictioni,
1573 2160 1677 2208 tantum

322 2224 400 2280 abest
416 2233 448 2281 ut
465 2232 560 2282 nostro
579 2224 702 2296 exemplo
720 2225 826 2281 invitati
844 2227 918 2283 brevi
936 2227 1012 2297 sequi
1031 2226 1114 2282 velint
1142 2228 1211 2284 haec
1236 2229 1362 2300 subtilia,
1389 2236 1421 2285 ut
1448 2231 1545 2300 potins
1570 2231 1678 2300 longius

322 2304 402 2358 etiam
421 2321 437 2360 a
454 2305 532 2360 uobis
551 2306 606 2362 sint
618 2305 770 2362 discessuri.
808 2306 942 2362 Existimo
960 2307 1062 2378 itaque,
1094 2321 1150 2364 rem
1175 2307 1243 2364 adeo
1267 2308 1438 2378 popularem,
1462 2315 1495 2364 ut
1519 2315 1589 2364 sunt
1607 2327 1677 2364 meu·

321 2399 409 2453 surae,
428 2391 455 2440 et
472 2386 500 2440 iu
518 2401 596 2442 usum
613 2386 707 2457 populi
726 2385 847 2441 futurum
866 2384 971 2440 felicius
990 2393 1018 2440 et
1035 2384 1130 2441 utilius
1148 2387 1270 2457 expediri
1285 2401 1340 2442 non
1351 2402 1441 2457 posse,
1460 2389 1585 2456 quamsi
1600 2406 1678 2459 qnam

319 2461 379 2517 fieri
396 2471 489 2534 potest
506 2465 629 2520 tradatur
646 2465 865 2535 popularissime.

407 2543 477 2612 Quia
494 2543 682 2600 liberalissime
699 2546 852 2615 quaesitum
870 2546 934 2614 linit,
958 2544 1002 2600 his
1021 2545 1055 2602 10
1080 2543 1214 2614 capitibus
1232 2543 1347 2600 candide
1368 2544 1451 2600 etiam
1469 2543 1540 2600 duxi
1559 2563 1678 2618 raspon-

321 2619 447 2676 dandum.
485 2623 599 2678 Veniam
624 2625 716 2693 itaque
742 2639 840 2694 precor
866 2623 1046 2679 confidentiae
1071 2637 1147 2678 meaa
1168 2621 1364 2692 pronunciandi
1385 2621 1419 2677 de
1440 2621 1527 2678 rebus
1557 2627 1675 2695 politicis
1749 2613 1750 2674 Ὗ

320 2716 336 2755 a
353 2717 414 2757 mea
430 2699 601 2774 prolessione
618 2703 730 2774 alienis,
757 2712 789 2761 ut
813 2715 883 2775 quae
909 2703 1038 2759 nullaex
1056 2703 1226 2773 arrogantia,
1244 2717 1317 2758 mero
1335 2715 1458 2774 ror04ex
1478 2703 1605 2760 candore
1628 2703 1676 2760 luit

319 2789 459 2852 usurpata.
801 2812 803 2818 ,
972 2811 981 2824 =

405 2860 525 2931 Parergu
541 2861 644 2918 inserui
661 2863 815 2922 delectandi
833 2879 928 2920 causa:
947 2865 970 2920 si
988 2863 1077 2920 minus
1095 2861 1140 2918 hio
1156 2859 1222 2918 telin
1240 2875 1302 2917 esso
1318 2858 1409 2930 potui,
1432 2865 1476 2914 sat
1495 2867 1577 2918 omes
1596 2862 1678 2919 solui.
1747 2911 1748 2942 ,

474 2974 579 3046 Pragae
597 2975 640 3032 24.
657 2975 725 3034 Dec.
743 2991 814 3034 anno
834 2977 910 3034 1665.
961 2964 965 2976 ’

1155 3053 1306 3125 Perscripsi
1325 3054 1352 3110 J.
1370 3053 1518 3124 Keplerus.

857 3259 1125 3338 'Postscripta

387 3425 419 3479 In
434 3424 487 3479 boc
499 3423 600 3494 scripto
614 3423 682 3481 haec
695 3431 771 3480 sunt:
791 3427 817 3494 1)
836 3424 903 3480 Dico
916 3424 995 3480 valde
1007 3423 1101 3480 utilem
1113 3437 1174 3478 osso
1186 3421 1326 3478 edendam
1338 3421 1509 3491 aequationis
1522 3423 1674 3492 ponam

317 3517 567 3574 mansurarumque.
587 3505 613 3575 2)
632 3505 787 3561 Difficulter
804 3520 869 3560 vero
887 3503 990 3573 aliquid
1015 3504 1042 3557 in
1067 3504 1100 3558 iis
1118 3503 1216 3557 mutari
1234 3500 1462 3570 conlusionasqus
1479 3500 1541 3556 tolli
1561 3519 1581 3558 a
1598 3505 1673 3572 vulgo

317 3597 408 3652 posse.
445 3583 473 3646 3)
491 3582 588 3652 Itaque
606 3597 661 3637 non
679 3583 833 3654 consentio,
856 3590 888 3638 ut
912 3582 1072 3638 aboleantur
1094 3580 1227 3637 vocabula
1247 3579 1358 3651 propria
1377 3579 1490 3648 singulis
1509 3582 1674 3650 regicmbua

318 3676 408 3730 neque
426 3668 457 3715 ut
474 3677 545 3716 nova
563 3662 644 3732 plane
662 3661 828 3732 imperentur
846 3662 987 3716 universis.
1024 3662 1051 3728 l)
1070 3662 1145 3730 Quae
1162 3677 1226 3715 vero
1246 3667 1311 3716 sunt
1328 3661 1447 3715 omnium
1464 3659 1615 3730 regionum
1633 3677 1673 3712 ro-

202 3781 205 3797 .
318 3739 422 3808 cabula,
435 3749 466 3796 ut
477 3739 569 3803 librae,
582 3741 737 3807 centenarii,
747 3741 840 3810 pedes,
859 3740 949 3804 ulnae,
968 3741 1098 3809 canthari,
1117 3755 1186 3808 nego
1204 3740 1232 3793 in
1250 3745 1356 3794 mutum
1374 3737 1516 3806 mumnda,
1534 3745 1569 3793 ut
1583 3737 1671 3794 multis

317 3817 344 3873 in
362 3818 429 3874 locis
447 3819 537 3890 triplo,
557 3819 718 3891 quadruplo,
738 3821 854 3890 decuplo
873 3817 989 3873 evadant
1006 3817 1110 3887 maiora
1127 3817 1169 3872 vel
1188 3818 1297 3872 minora.
1335 3817 1365 3886 5)
1384 3814 1511 3870 Concedo
1523 3823 1627 3885 autem
1645 3827 1672 3870 ut

317 3899 434 3954 medium
443 3899 544 3968 aliquid
554 3900 624 3955 inter
633 3907 753 3954 extrema
764 3899 904 3968 regionum
913 3896 1036 3965 eligatur,
1047 3895 1083 3951 ad
1095 3897 1167 3965 quod
1180 3897 1382 3954 conformentur
1394 3895 1505 3950 illorum
1517 3909 1670 3958 mertanne,

317 3981 362 4047 uiri
382 3979 484 4034 habent
501 3978 618 4046 majores
637 3978 787 4032 minoresve
813 3991 954 4031 mensuras
981 3990 1031 4045 eo,
1061 3975 1134 4044 quod
1157 3991 1250 4031 sumus
1278 3975 1398 4030 eleotrrri.
1434 3975 1460 4042 6)
1478 3975 1561 4030 Hanc
1589 3975 1670 4046 ipsam

316 4065 407 4112 tamen
430 4057 605 4112 mutationem
625 4054 726 4110 suadeo
745 4054 911 4125 pedetentim
929 4053 1160 4123 introducendam,
1180 4055 1284 4108 scilicet
1301 4053 1329 4107 iu
1347 4053 1603 4124 incommunius,
1632 4053 1671 4122 qui

318 4143 382 4189 snut
399 4133 601 4202 magistratibus
624 4135 694 4188 inter
713 4150 743 4190 se
760 4143 808 4189 aut
826 4151 888 4189 cum
905 4135 1030 4190 subditis.
1066 4133 1170 4202 Nempe
1185 4134 1231 4202 jus
1249 4133 1356 4187 dicatur
1372 4130 1525 4186 secuudum
1550 4133 1589 4202 id,
1602 4133 1670 4204 quod

317 4227 412 4268 snmus
431 4213 557 4280 electuri,
576 4231 632 4269 non
649 4216 797 4270 secundum
815 4214 1001 4284 discrepantes
1020 4213 1154 4269 variarum
1171 4213 1313 4282 regionum
1330 4209 1424 4280 pedes.
1462 4211 1488 4280 ἵ)
1507 4211 1670 4267 &munnam

315 4292 492 4348 bisentionem
517 4293 586 4348 assis
611 4291 785 4348 admittimus.
822 4293 851 4360 6)
870 4292 1063 4348 collectionem
1090 4307 1154 4346 uero
1182 4290 1283 4346 assium
1301 4290 1329 4344 in
1348 4285 1478 4344 continua
1494 4293 1670 4360 proportione
1731 4349 1732 4352 Ἴ

317 4371 398 4440 vulgo
416 4370 600 4440 imperandam
618 4370 699 4439 plane
718 4371 872 4427 dissuadeo.
909 4371 938 4439 9)
956 4369 1087 4426 Permitto
1114 4378 1213 4430 tamem
1241 4367 1383 4424 emendari
1410 4368 1546 4436 paulatim
1572 4369 1669 4424 formas

316 4449 505 4505 collectionum
523 4455 694 4517 receptarum
712 4448 747 4503 ad
765 4465 845 4504 unam
864 4449 990 4518 aliquam,
1009 4451 1048 4506 sic
1066 4457 1097 4506 ut
1115 4450 1238 4506 omuibus
1262 4449 1329 4504 locis
1355 4450 1372 4503 6
1390 4447 1483 4504 Aimer
1500 4449 1559 4503 sint
1577 4449 1666 4504 Fuder

317 4544 409 4598 unum,
429 4529 553 4584 omnibus
572 4528 639 4584 locis
658 4530 709 4584 100
727 4529 818 4597 pondo
836 4529 872 4584 sit
889 4531 1068 4584 centenarius.
1107 4531 1153 4597 10)
1171 4529 1222 4583 His
1249 4541 1419 4597 consequens
1438 4534 1493 4596 est,
1517 4535 1552 4582 nt
1569 4528 1667 4582 ἀίεειιι

318 4607 403 4680 deam,
422 4609 518 4678 uulgus
529 4607 752 4680 adstringendum
770 4608 805 4663 ad
823 4609 954 4664 unitatem
974 4609 1066 4664 lateris
1080 4609 1199 4687 omnium
1211 4606 1320 4660 assium.
1354 4605 1397 4673 11)
1415 4607 1453 4662 Et
1465 4613 1562 4662 tamcu
1573 4607 1668 4675 largior

318 4688 637 4744 commensurabilitatem
662 4687 754 4743 lateris
783 4690 901 4744 omnium
928 4689 1042 4753 assium,
1069 4703 1124 4743 non
1147 4687 1175 4740 in
1202 4685 1306 4742 unitate
1332 4685 1545 4756 instituendam,
1574 4689 1666 4742 sedin

317 4767 436 4819 numeris
454 4765 575 4834 pulchris
594 4775 622 4822 et
639 4769 839 4838 receptissimis.
878 4771 920 4842 12)
938 4767 1104 4826 Numerandi
1122 4766 1231 4823 modum
1249 4781 1299 4835 por
1317 4765 1486 4822 omonarism
1503 4765 1666 4837 progressio·

318 4851 379 4894 nem
397 4855 413 4896 a
430 4843 510 4912 vulgo
527 4844 609 4914 plano
628 4845 733 4905 aufero.
