3564 5540
320 398 360 460 71
880 395 921 450 De
938 392 1091 450 Harmonia.
1134 443 1136 451 ,

227 635 231 640 ,
317 581 373 626 non
389 568 445 626 sint
463 569 635 642 corporidoa,
654 575 742 628 15555
759 568 916 626 rescindunt
931 574 1038 640 partem
1054 573 1247 628 consonantem
1263 583 1324 626 cum
1341 572 1399 622 1515
1417 564 1532 636 5155515)
1560 565 1649 622 5151-

317 647 461 718 angulum,
490 648 716 721 quadrangulum,
743 645 932 718 sexangulum,
959 637 1001 702 sel
1019 643 1078 702 sola
1094 644 1137 702 ssl
1153 646 1222 704 intar
1240 661 1277 702 se.
1312 643 1335 701 0
1400 643 1492 716 pulum
1510 661 1573 702 oum
1588 661 1648 716 qus·

319 723 461 801 drangulo,
494 735 603 787 suctum
621 727 790 798 ootanulnm
814 741 873 782 cum
892 724 998 794 eodem,
1026 723 1202 793 (1555555155
1220 741 1281 783 555
1302 741 1322 795 5
1369 723 1505 794 55555515
1526 740 1607 782 aucto
1624 731 1654 780 et

316 801 438 874 simplici,
457 805 634 878 deesngulam
652 813 760 864 auctum
786 821 846 861 cum
865 804 1074 876 qninqnanqnlo.
1110 805 1155 872 23)
1181 805 1294 862 0515555
1310 803 1412 874 figurae
1429 809 1536 859 ceteras
1552 807 1648 872 partes,

316 899 386 952 5555
404 884 446 941 551
468 886 526 956 jam
545 894 608 944 sunt
631 888 829 944 demonstratae
852 881 900 941 sol,
921 882 1032 938 similem
1059 879 1160 938 habent
1180 883 1446 947 demonstrationem,
1473 889 1648 939 consonantes

316 961 419 1020 iaciunt
436 981 497 1021 cum
514 972 572 1023 toto
590 966 698 1035 circulo,
717 974 749 1022 51
766 961 942 1032 sexangulum
960 963 973 1016 1
995 977 1055 1016 oum
1072 967 1130 1016 1515
1147 962 1173 1031 8,
1191 959 1422 1030 quinquangulum
1438 961 1454 1014 1
1473 974 1535 1017 oum
1552 966 1648 1033 15155,

314 1046 423 1098 auctum
440 1043 668 1115 quinquangulum
685 1045 702 1099 2
720 1059 780 1100 oum
798 1045 907 1112 15155,
925 1041 1164 1113 55505555515151
1184 1055 1246 1096 eum
1262 1045 1321 1096 tota
1333 1040 1358 1105 l,
1376 1040 1540 1112 nianprlnm
1560 1051 1568 1097 2
1588 1060 1647 1099 eum

222 1171 224 1179 .
314 1123 374 1174 tota
391 1121 421 1191 3,
442 1123 650 1193 -ootanpuluml
670 1139 732 1180 eum
748 1123 852 1191 15158,
879 1128 988 1178 anctum
1004 1118 1177 1189 octanqnlum
1193 1120 1210 1176 3
1228 1135 1288 1174 cum
1305 1119 1411 1190 15158,
1440 1119 1643 1192 decangdnml

319 1211 381 1252 cnm
398 1205 457 1256 tots
475 1201 515 1270 10,
542 1201 700 1258 nominatim
717 1216 781 1256 sero
799 1207 907 1258 5551555
924 1199 1100 1270 0555555155
1117 1213 1265 1255 consonare
1282 1197 1347 1254 lacit
1363 1204 1465 1270 partem
1484 1200 1500 1254 3
1516 1216 1572 1256 cun
1589 1206 1647 1257 tota

317 1275 358 1332 10.
393 1276 445 1334 Est
462 1278 532 1333 enim
550 1278 667 1336 allatus
685 1278 784 1350 ἄλογοι
807 1280 932 1351 quidem,
960 1280 1009 1336 sad
1034 1293 1069 1335 ax
1093 1279 1266 1350 proportione
1293 1279 1397 1340 diuina.
1423 1273 1596 1349 comp'osium
1614 1291 1645 1332 ex

315 1353 390 1410 radin
408 1356 511 1426 atejus
528 1364 606 1427 parte
623 1359 733 1430 maiora
758 1361 835 1417 81551
852 1357 993 1429 decanqnli
1009 1357 1083 1414 latus
1100 1363 1143 1412 551
1158 1357 1219 1427 ipss
1236 1374 1300 1429 pars
1317 1358 1409 1428 msp'or.
1427 1358 1485 1426 .23)
1504 1357 1571 1425 Erro
1589 1365 1646 1427 (per

316 1431 350 1487 22
368 1433 455 1496 51131
481 1451 542 1492 cum
560 1439 651 1494 15155
669 1445 801 1496 consonat
823 1454 887 1509 pars
905 1439 937 1508 3,
966 1436 1030 1508 5515
1051 1453 1112 1494 cum
1128 1436 1246 1492 151510.
1279 1436 1338 1492 Neo
1355 1434 1521 1492 minns'cum
1539 1435 1643 1506 555155

314 1525 377 1578 pars
394 1512 420 1568 2.
454 1513 501 1580 24)
529 1515 566 1572 Et
583 1517 643 1586 (per
660 1517 703 1588 23,
723 1517 765 1586 13)
789 1532 849 1574 cnm
866 1525 924 1575 tota
942 1519 958 1575 0
976 1523 1108 1574 consonat
1125 1530 1189 1586 pars
1207 1517 1239 1586 5,
1265 1515 1329 1586 quia
1345 1520 1404 1570 tota
1421 1517 1437 1570 5
1455 1531 1516 1572 cum
1533 1521 1606 1586 prta
1622 1515 1643 1570 3

313 1587 360 1658 25)
378 1589 478 1647 Latera
495 1592 642 1662 1155555555
658 1596 934 1654 indemonstrabilium
959 1596 1115 1653 rescindunt
1140 1599 1232 1665 partes
1249 1592 1426 1649 dissonantes.
1463 1594 1507 1663 26)
1534 1593 1556 1648 11
1574 1592 1643 1649 dnae

313 1679 343 1722 ss
361 1667 464 1726 habent
481 1670 551 1727 inter
569 1689 598 1728 se
615 1679 646 1730 51
662 1689 726 1745 pars
738 1675 878 1733 dissonans
890 1676 924 1732 ad
941 1681 1030 1731 totum
1047 1673 1183 1744 51555155,
1203 1679 1230 1728 51
1241 1673 1288 1729 illa
1301 1673 1488 1729 dissonabunt.
1511 1673 1549 1741 25
1567 1671 1642 1742 Quas

313 1743 435 1803 dissonat
452 1751 487 1808 55
504 1765 559 1806 ana
577 1752 727 1824 duplarum,
746 1753 912 1811 (1155555151
929 1754 963 1810 ab
981 1753 1092 1824 reliqua.
1128 1753 1171 1815 28)
1188 1753 1261 1822 Ergo
1280 1755 1339 1822 (per
1357 1751 1399 1822 25)
1417 1756 1508 1808 51515
1525 1751 1638 1821 ipsust

313 1826 442 1882 dissonat
476 1827 526 1898 23)
545 1829 589 1886 815
606 1836 700 1887 51515
716 1833 733 1888 9
750 1847 813 1904 pars
835 1837 857 1888 1.
893 1833 940 1902 30)
957 1832 995 1887 Et
1011 1846 1028 1886 a
1044 1833 1146 1889 151511
1160 1832 1260 1900 55551.
1297 1830 1640 1899 31)Ει5151513515551.

314 1906 360 1970 32)
388 1906 427 1962 Et
444 1907 504 1978 (per
520 1909 562 1980 28,
581 1910 624 1974 28)
641 1914 732 1970 stota
749 1913 766 1966 7
783 1926 847 1982 pars
863 1911 881 1966 4
898 1911 960 1967 st2
978 1910 1132 1980 dissonant,
1159 1909 1264 1979 55151.
1299 1908 1343 1972 33)
1369 1907 1413 1964 815
1436 1908 1495 1978 (per
1512 1908 1546 1979 31,
1568 1911 1641 1978 13)5

312 1986 411 2043 15158
438 1990 537 2058 paral
561 1989 688 2048 51555551
724 1991 771 2062 34)
797 1990 841 2048 815
866 1996 928 2062 (per
949 1992 994 2061 25)
1019 1996 1111 2048 51515
1135 1991 1233 2058 ipsrs
1255 1987 1273 2044 3
1297 1985 1426 2042 dissonat.
1461 1986 1504 2054 35)
1525 1985 1561 2042 Se
1584 1985 1640 2056 (per

313 2064 348 2122 34
370 2071 398 2121 51
416 2066 442 2136 5)
460 2067 594 2126 existento
615 2072 737 2141 151510,
761 2085 825 2141 pars
847 2072 865 2125 'l
889 2077 1000 2141 aparte
1023 2068 1038 2124 3
1063 2067 1193 2124 dissonat.
1229 2067 1271 2128 361
1289 2065 1327 2121 Et
1353 2066 1416 2135 (per
1438 2065 1474 2122 33
1499 2065 1565 2134 515)
1584 2065 1639 2120 exi·

313 2146 402 2200 515515
425 2148 550 2218 151510,
573 2151 671 2220 55559
694 2155 804 2220 sparta
830 2149 991 2208 1111555551
1026 2149 1068 2211 37)
1087 2146 1214 2204 Similiter
1236 2144 1411 2201 demonstrari
1430 2145 1561 2214 potastis
1583 2145 1638 2201 inli-

313 2222 405 2292 nitum,
425 2232 598 2298 quotcunque
616 2243 697 2298 porro
715 2228 832 2300 partium
849 2231 886 2286 sit
902 2237 960 2288 tota
978 2230 1092 2298 chorda,
1119 2233 1167 2285 ant
1183 2231 1287 2298 partem
1305 2241 1321 2281 a
1338 2231 1398 2280 tots
1416 2230 1463 2280 aut
1477 2225 1638 2280 ¹resilnarna

311 2307 384 2374 tota,
411 2310 459 2361 aut
483 2313 589 2375 partem
614 2324 631 2364 a
651 2307 761 2365 residua
785 2309 932 2366 dissonus.
968 2309 1015 2378 33)
1032 2307 1240 2363 Demonstratnr
1257 2311 1348 2362 autam
1365 2319 1399 2360 ex
1417 2305 1468 2360 hac
1486 2303 1636 2374 indictione,

312 2397 373 2437 cum
389 2388 449 2441 tota
466 2389 574 2444 secatur
590 2386 618 2442 in
636 2387 703 2443 dnas
720 2393 819 2458 partus,
836 2395 867 2444 st
884 2389 940 2444 sint
956 2394 1012 2444 1555
1027 2385 1155 2454 chordas,
1172 2384 1277 2440 510555
1290 2391 1432 2442 occurrant
1449 2386 1636 2452 consuantiae,
1742 2379 1746 2389 ’

313 2461 395 2518 etism
413 2465 520 2521 tertiam
538 2481 686 2524 occurrere.
719 2468 927 2522 Demonstretnr
943 2465 995 2533 sio,
1019 2465 1042 2520 si
1057 2480 1074 2520 a
1091 2469 1149 2519 tots
1166 2461 1303 2520 auferatur
1319 2479 1382 2534 pars
1399 2463 1576 2534 corporissma
1593 2471 1638 2520 551

312 2539 476 2613 planissima,
496 2553 543 2602 aut
559 2547 727 2618 propinquae
745 2545 990 2612 demonstrationis,
1007 2559 1076 2614 qnae
1095 2543 1131 2598 511
1148 2547 1176 2596 51
1192 2542 1301 2600 residua
1317 2543 1378 2599 talis
1395 2559 1466 2613 pars,
1486 2543 1556 2598 51155
1573 2543 1635 2598 rasi·

313 2616 395 2675 duam
412 2621 495 2678 talem
511 2622 577 2679 iore.
614 2625 656 2692 33)
675 2625 722 2682 815
739 2640 801 2680 sero
818 2627 898 2682 55155
915 2624 1032 2681 occurrit
1044 2621 1216 2680 dissonantia
1235 2623 1315 2677 etlam
1333 2621 1444 2678 altaram
1461 2635 1635 2679 esseneceara

313 2703 363 2756 est.
401 2699 429 2755 Sl
447 2703 518 2757 enim
532 2720 602 2760 non:
620 2703 690 2760 duas
708 2719 771 2773 ergo
788 2711 868 2760 erunt
885 2703 1089 2773 consonantiam
1108 2703 1131 2756 51
1149 2703 1226 2773 duaa,
1245 2717 1309 2771 erpo
1326 2715 1376 2771 per
1392 2703 1427 2759 38
1444 2709 1472 2756 51
1488 2707 1536 2757 tra
1551 2707 1633 2767 55551,

312 2792 367 2832 555
384 2778 467 2849 igitur
484 2796 538 2837 una
555 2782 720 2840 dissonantia
738 2790 828 2854 esaet;
847 2790 877 2840 51
893 2783 1003 2854 ponitur
1020 2797 1075 2839 nna
1092 2792 1153 2838 esse
1170 2781 1344 2838 dissonantia.
1372 2781 1460 2836 dlitsr
1477 2779 1634 2837 332duabna

311 2861 382 2915 inter
399 2873 429 2914 se
447 2862 665 2933 consonantibus,
683 2863 707 2918 si
724 2862 840 2920 51555155
857 2863 906 2920 051
922 2879 957 2918 ex
973 2869 1088 2932 5155555
1105 2858 1352 2917 demonstrabilinm
1368 2862 1633 2930 portionum,conso

313 2939 388 2996 nabit
399 2939 530 3009 partibus.
555 2942 644 2998 Minor
655 2943 727 3000 esim
738 2947 781 3000 eat
791 2949 959 3016 5555551555
970 2941 1086 3012 primum
1097 2939 1240 3012 compositi
1251 2935 1351 3008 circuli,
1368 2937 1453 3008 major
1465 2939 1497 2995 lit
1508 2939 1633 3012 5115555.

313 3021 363 3083 ald
380 3026 508 3086 sequitur.)
