3676 5536
599 393 775 448 Harmonieis.
811 392 894 463 Liber
910 391 960 447 111.
979 391 1068 462 Caput
1084 391 1156 448 xvi.
1489 399 1548 458 191

200 571 356 648 identitas,
378 590 432 634 neo
453 571 571 634 easdem
595 572 755 656 deinceps,
772 571 823 632 sed
846 573 911 649 ipsa
933 573 1150 631 successionum
1172 569 1363 632 alternatione
1385 572 1422 630 ad
1446 571 1544 631 delec-

203 663 346 721 tationem
369 662 505 720 rariatas.
550 659 802 735 Quemadmodum
830 662 906 718 enim
930 665 974 717 est
996 661 1024 715 in
1046 660 1232 734 proportione
1262 662 1454 719 consonantia
1476 659 1550 720 dua-

203 765 268 808 rum
291 765 395 808 vocum
419 747 457 808 ad
479 733 644 820 unisonu'm,
666 750 709 806 sic
732 755 776 806 est
799 758 900 806 cautus
917 746 1103 806 harmonicus
1126 744 1163 804 ad
1184 746 1345 822 simplicem
1368 751 1453 806 unius
1470 749 1551 806 vocis

203 827 378 911 melodiam
401 853 420 894 a
442 853 500 912 quo
523 837 665 915 principio
690 835 854 912 dependent
877 835 974 893 omnia
997 832 1173 893 definitionis
1195 835 1338 910 membra,
1369 853 1444 912 quae
1467 834 1551 895 dein-

205 941 275 1000 ceps
299 923 462 1000 explicabo.

291 1011 316 1069 1.
339 1011 469 1070 Primum
492 1013 580 1087 igitur
601 1010 649 1070 hic
672 1009 743 1067 illud
766 1012 843 1068 cirea
866 1007 1064 1085 pluralitatem
1081 1023 1185 1066 vocum
1199 1009 1323 1067 occurrit
1344 1009 1550 1083 adnotandum,
1584 1007 1587 1016 '

205 1097 286 1174 quod
308 1097 433 1158 artifices
465 1099 512 1158 vel
543 1100 669 1157 maxime
692 1089 919 1156 consentaneum
941 1103 1062 1154 naturae
1085 1097 1309 1169 constituerunt,
1340 1105 1388 1170 nt,
1418 1102 1551 1173 quamvis

205 1203 295 1264 saepe
318 1189 584 1256 concinantvooes
607 1187 681 1245 bene
703 1183 826 1256 multae,
858 1200 957 1242 omnes
981 1191 1076 1242 tamen
1101 1189 1225 1256 quatuor
1253 1181 1434 1243 solummodo
1458 1189 1551 1244 uomi-

206 1274 293 1332 nibus
315 1273 498 1351 appellentur
531 1273 569 1332 ad
592 1290 743 1332 numerum
763 1271 909 1348 perlectae
932 1269 1117 1330 harmonicae
1141 1269 1326 1328 mediationis
1351 1274 1379 1328 in
1404 1289 1460 1331 uno
1482 1291 1550 1348 per-

208 1360 286 1421 lecto
308 1369 468 1438 systemate
491 1361 642 1438 diapason.
687 1360 860 1418 Discantum
884 1359 960 1418 enim
981 1360 1133 1416 nominant
1157 1373 1258 1417 vocem
1279 1361 1484 1431 acutissimam,
1508 1359 1552 1418 al-

205 1458 285 1521 tum,
316 1467 392 1524 quae
423 1447 467 1507 illi
490 1450 635 1526 proxima,
667 1457 796 1509 tenorem
823 1463 839 1505 e
870 1446 1010 1522 gravibus
1041 1447 1235 1521 superiorem,
1271 1446 1388 1505 bassum
1418 1447 1552 1505 infimam.

207 1535 284 1596 Nam
315 1541 390 1596 inter
418 1535 492 1596 duas
523 1536 664 1613 diapason
695 1543 834 1594 sonantes
862 1550 950 1592 voces
981 1533 1055 1592 duae
1079 1531 1174 1591 solum
1204 1533 1346 1592 intersunt
1375 1535 1552 1607 medietates,

207 1623 376 1684 barmoniae
398 1624 485 1682 simul
508 1630 701 1682 consonantes
729 1638 795 1680 cum
817 1623 952 1680 extremis
975 1621 1164 1693 identisouis,
1193 1628 1225 1678 ut
1252 1623 1346 1698 capite
1371 1623 1400 1681 3.
1424 1621 1553 1699 explica·

207 1719 282 1770 tum.
327 1709 511 1788 Quamquam
535 1713 617 1787 origo
641 1709 851 1769 vocabulorum
874 1711 995 1767 istorum
1010 1708 1114 1767 ltaliea
1139 1706 1252 1766 videtur
1274 1708 1311 1766 ud
1329 1719 1458 1786 systema
1473 1726 1554 1769 com·

206 1801 336 1874 positum
358 1801 451 1875 magis
474 1800 635 1874 respicere,
665 1805 697 1856 ut
721 1799 750 1854 in
773 1813 808 1855 eo
830 1804 928 1872 partes
950 1799 1100 1872 oppositas
1129 1803 1247 1856 teneant
1277 1795 1354 1855 slim
1385 1806 1414 1856 et
1440 1797 1552 1870 bassus,

207 1903 267 1944 non
290 1884 341 1944 ille
363 1885 481 1962 quidem
505 1886 665 1945 altissimus
687 1886 828 1956 existens,
860 1882 912 1942 sed
934 1887 1004 1959 quia
1032 1883 1087 1942 bae
1112 1882 1186 1942 duae
1216 1884 1316 1942 crebro
1340 1884 1422 1960 (licet
1443 1903 1501 1943 nou
1524 1889 1553 1942 in

207 1969 282 2053 tine)
305 1973 416 2032 iaciunt
438 1975 594 2049 diapason,
616 1971 667 2030 illa
691 1971 807 2048 quidem
830 1973 961 2046 superior
984 1979 1013 2031 et
1035 1973 1163 2044 acutior,
1192 1970 1266 2030 haec
1288 1971 1405 2032 interior
1433 1981 1462 2032 et
1484 1991 1552 2049 gra-

208 2062 282 2120 vior.
326 2059 376 2120 Sic
407 2064 499 2121 tcnori
530 2059 667 2122 vocabuli
697 2062 780 2135 origo
804 2057 855 2116 dat
876 2057 973 2118 ideam
1002 2064 1031 2116 et
1052 2057 1281 2118 modulationem
1307 2068 1409 2119 cantus
1430 2060 1553 2138 simpli·
1644 2122 1651 2136 Ι

206 2165 279 2220 cam,
302 2147 434 2208 discanto
457 2165 561 2209 nomen
586 2146 701 2206 dedisse
724 2146 839 2206 videtur
853 2153 996 2226 perpetua
1013 2145 1182 2203 volubilitas
1205 2154 1235 2205 et
1250 2145 1401 2221 divagatio
1418 2165 1435 2206 a
1450 2149 1549 2224 plaga,

207 2238 302 2294 tenori
323 2252 374 2310 per
396 2235 538 2312 diapason
561 2236 707 2312 opposita.
753 2233 857 2309 ltaque
887 2235 911 2290 si
935 2249 1134 2309 comparemus
1165 2241 1262 2308 partes
1285 2241 1386 2292 cantus
1410 2251 1472 2313 cap.
1505 2237 1552 2294 13.

207 2340 244 2382 ex
267 2322 386 2382 Euclide
408 2323 533 2396 allatas,
557 2326 614 2381 atsi
635 2337 734 2380 omnes
757 2320 825 2379 illae
847 2328 915 2378 sunt
939 2337 1044 2379 vocum
1067 2322 1211 2392 omnium,
1236 2329 1317 2380 tenor
1340 2329 1435 2380 tamen
1458 2325 1576 2398 potis--

207 2412 313 2469 simum
335 2413 364 2467 in
388 2407 479 2490 ἁγωγῃ
501 2418 669 2485 occupatur,
694 2409 842 2467 discantus
866 2409 895 2464 in
918 2411 1019 2486 uturp,
1043 2406 1120 2466 altus
1143 2409 1172 2464 in
1193 2429 1274 2486 corp,
1300 2408 1404 2467 bassus
1426 2411 1454 2466 io
1479 2410 1556 2468 saltu

208 2515 260 2574 per
288 2497 442 2558 intervalla
471 2497 657 2570 harmonica3
686 2497 830 2555 omnium
847 2511 916 2554 vero
940 2505 1066 2571 quatuor
1089 2497 1249 2554 communis
1271 2504 1315 2554 est
1348 2517 1477 2570 πεττεια,
1509 2499 1556 2554 in-

211 2587 322 2662 signior
344 2593 440 2645 tamen
464 2587 493 2643 in
518 2585 587 2644 alto.

296 2671 363 2733 Hae
385 2675 577 2748 proprietates
604 2677 730 2747 quatuor
752 2686 857 2730 vocum
887 2687 922 2728 ex
951 2671 1017 2745 ipsa
1044 2686 1139 2728 rernm
1168 2677 1272 2729 natura
1304 2669 1453 2732 desumtae
1479 2679 1554 2732 sunt.

210 2759 287 2820 Nam
310 2762 379 2836 quia
401 2777 453 2836 per
475 2759 672 2820 definitionem
695 2756 832 2816 traditam
856 2766 1013 2816 concentus
1036 2763 1177 2832 perpetuo
1199 2757 1355 2818 mutandus
1377 2765 1422 2817 est
1446 2775 1481 2817 ex
1497 2758 1554 2818 alio

211 2849 241 2904 in
264 2846 370 2918 alium,
400 2864 520 2906 necesse
542 2847 598 2905 fuit
625 2844 655 2904 id
677 2844 740 2903 lieri
762 2846 818 2917 sie,
849 2853 883 2903 ut
910 2844 1147 2904 intermediarum
1174 2860 1246 2918 una,
1279 2848 1496 2921 comparatione
1519 2846 1557 2905 ad

211 2943 332 3008 ceteras,
355 2936 385 2992 iu
407 2943 534 3010 augusto
556 2934 722 3011 systematis
751 2934 846 3007 spatio
870 2931 1081 2991 obversaretur.
1126 2932 1201 2990 Nem
1228 2938 1253 2990 si
1275 2934 1408 2992 omnibus
1430 2934 1499 2993 laxa
1522 2951 1557 2993 ex

212 3039 310 3097 aequo
332 3022 370 3080 sit
393 3021 533 3101 libertas,
555 3036 674 3080 necesse
697 3019 794 3078 estid
817 3022 973 3095 consequi«,
1006 3029 1039 3078 ut
1061 3018 1177 3078 interior
1199 3019 1299 3080 erebro
1322 3023 1478 3097 superioris
1501 3023 1557 3081 ob·

208 3104 289 3168 'erret
310 3111 437 3186 spatium
461 3117 491 3169 et
513 3109 656 3181 vicissim,
687 3105 795 3181 fietque
818 3108 921 3165 insana
943 3106 1074 3166 conlusio
1098 3117 1127 3165 ct
1150 3109 1230 3166 irrita
1251 3107 1386 3168 reddetur
1410 3108 1557 3168 distinctio

213 3214 320 3256 vocum
347 3204 481 3273 quatuor.
524 3195 588 3254 Has
616 3211 685 3254 vero
715 3194 868 3268 angustias
900 3193 1061 3252 mediarum
1083 3197 1181 3269 potius
1210 3212 1267 3254 una
1290 3196 1390 3255 debuit
1413 3213 1557 3271 occupare

213 3281 309 3366 (altus
331 3292 360 3344 et
382 3280 495 3365 tenor),
526 3301 614 3359 quam
642 3290 787 3342 extremae
811 3277 977 3362 (diseamus
1001 3281 1049 3341 vel
1071 3277 1201 3363 bassus).
1246 3282 1322 3342 Nam
1350 3283 1457 3344 situle
1487 3285 1557 3360 quid

214 3375 243 3429 in
266 3374 402 3432 extremis
424 3373 532 3454 laetum
556 3377 641 3441 esset,
666 3370 759 3428 omnis
782 3367 1001 3428 intervallorum
1024 3371 1148 3428 variatio
1172 3373 1199 3426 in
1223 3387 1309 3428 unam
1324 3370 1418 3431 solam
1439 3370 1557 3448 plagam

215 3476 335 3520 versura
357 3461 419 3532 luit,
442 3468 514 3539 puta
537 3456 584 3518 vel
607 3461 636 3514 in
659 3468 775 3516 acutum
799 3454 847 3514 vel
870 3459 898 3512 in
921 3473 1021 3533 grave.
1066 3455 1173 3514 Melius
1191 3459 1279 3532 igitur
1293 3469 1362 3532 erat,
1386 3468 1558 3519 concentum

215 3564 252 3606 ex
274 3547 375 3622 aliqua
397 3545 566 3606 intermedia
589 3561 671 3617 voce,
696 3544 777 3604 velut
800 3560 857 3602 uuo
880 3545 1006 3618 partium
1029 3545 1120 3619 ipsius
1144 3547 1275 3619 termino,
1298 3549 1327 3602 in
1351 3554 1475 3620 angusto
1493 3547 1557 3604 loco

213 3633 265 3710 ligi
288 3650 340 3692 seu
362 3632 484 3709 alligari,
509 3635 701 3692 variationem
727 3647 794 3690 vero
819 3630 1036 3690 intervallorum
1060 3632 1097 3690 ab
1121 3647 1156 3690 ea
1176 3634 1281 3708 partim
1302 3649 1415 3690 sursum
1432 3633 1560 3710 tendere,

215 3722 321 3800 partim
344 3720 487 3780 deorsum.
531 3720 596 3780 Nou
620 3719 722 3779 debuit
745 3734 814 3778 vero
836 3717 997 3778 mediarum
1026 3735 1147 3793 vocum,
1179 3737 1254 3794 quae
1277 3729 1321 3778 est
1344 3720 1474 3790 interior,
1508 3737 1560 3779 eo-

214 3809 335 3883 arotari;
361 3809 431 3884 quia
453 3807 519 3868 idea
541 3816 643 3868 cantus
667 3808 775 3880 tenori,
798 3805 959 3864 mediarum
981 3807 1124 3879 inferiori,
1147 3805 1294 3883 adscripta
1315 3807 1401 3866 debet
1424 3819 1453 3867 ct
1468 3808 1560 3867 libera

170 3921 176 3932 ·
216 3913 299 3970 esse,
329 3902 359 3954 et
385 3913 435 3972 per
457 3895 583 3954 mediam
611 3897 702 3954 totins
731 3896 899 3970 systematis
929 3897 1121 3969 quantitatem
1151 3894 1300 3968 incedere,
1332 3902 1364 3954 ut
1386 3897 1444 3953 siut
1473 3911 1560 3954 voces

216 3987 436 4042 circumstantes
467 3982 539 4040 nibil
567 3982 647 4042 aliud
678 3999 767 4058 quam
795 3981 874 4040 illins
903 3983 1015 4042 colores
1046 3991 1074 4041 et
1102 3991 1271 4042 ornamenta
1298 4000 1351 4041 sou
1374 3981 1559 4041 emblemata.

216 4071 357 4131 Interiora
380 4087 449 4130 vero
471 4068 628 4128 intervalla
649 4087 763 4144 semper
784 4070 898 4145 majora
920 4077 989 4128 suut
1017 4071 1214 4144 superioribus
1246 4070 1475 4146 cognominibus.
1523 4067 1561 4128 Ut
1622 4127 1627 4136 ,

217 4159 305 4232 igitur
327 4166 409 4216 tenor
432 4157 559 4216 medium
582 4159 753 4232 quantitatis
776 4156 872 4214 locum
895 4156 1029 4229 baberet,
1057 4159 1184 4232 oportuit
1207 4157 1289 4216 illum
1312 4174 1375 4216 esse
1398 4157 1561 4216 interiorem

217 4263 255 4304 ax
277 4243 379 4304 mediis
401 4253 490 4320 atque
514 4245 556 4302 sic
578 4243 669 4302 altum
693 4245 720 4300 in
736 4253 893 4319 angustum
909 4247 1037 4320 oportuit
1053 4245 1152 4320 redigi,
1176 4262 1233 4303 non
1254 4253 1394 4312 tenorem,
1439 4243 1562 4303 Restant
1583 4311 1589 4322 ι

218 4333 309 4408 igitur
329 4349 381 4408 pro
405 4331 536 4392 discanto
561 4336 590 4390 st
613 4330 699 4388 basso
722 4331 920 4406 evagationes,
945 4331 997 4390 sed
1020 4349 1086 4390 cum
1107 4331 1164 4391 hoc
1188 4331 1361 4404 discrimine,
1390 4331 1467 4406 quod
1491 4332 1561 4391 bas·

215 4436 276 4490 eus,
300 4421 350 4494 qui
372 4437 462 4495 grave
485 4425 572 4478 sonat
594 4432 758 4492 magnoque
773 4427 854 4476 motu
877 4427 907 4477 et
921 4419 1016 4495 longis
1031 4418 1146 4478 chordis
1160 4421 1340 4496 exprimitur,
1367 4417 1457 4476 tardis
1473 4423 1560 4479 etiam

216 4508 360 4566 mensuris
383 4514 413 4565 et
434 4510 548 4582 magnis
570 4521 664 4580 eoque
687 4502 862 4562 harmonicis
884 4505 1046 4564 intervallis
1070 4515 1205 4582 vagetur,
1232 4507 1390 4586 discamus,
1413 4509 1462 4582 qui
1487 4523 1560 4567 acu·

218 4603 280 4654 tum
303 4603 391 4652 sonat
410 4593 660 4669 supervolitatque
683 4601 713 4650 et
734 4591 873 4650 brevibus
896 4592 1011 4651 cbordis
1034 4591 1178 4668 celerique
1201 4601 1230 4652 et
1244 4596 1361 4670 augusti
1376 4597 1463 4670 spatii
1478 4603 1561 4655 motu
1615 4587 1620 4598 “

218 4680 342 4758 elicitur,
364 4681 503 4740 brevibus
526 4681 615 4740 etiam
638 4694 732 4755 eoque
755 4678 947 4739 crebrioribus
968 4683 1108 4738 mensuris
1135 4681 1319 4758 minimisque
1342 4684 1490 4741 concinnis
1513 4685 1560 4738 in-

219 4767 350 4828 tervallis
373 4769 472 4831 omnia
493 4774 678 4844 pervagetur.
723 4765 808 4826 Haec
831 4767 919 4842 igitur
941 4782 1047 4826 vocum
1074 4770 1234 4844 proprietas
1257 4775 1309 4831 est
1354 4770 1439 4831 Nunc
1462 4776 1492 4829 et
1512 4787 1561 4829 re-

220 4853 317 4932 liquas
339 4853 515 4914 delinitionis
536 4853 695 4932 particulas
717 4853 883 4915 declarabo.
