3732 5528
319 292 381 356 410
827 290 975 348 Ptolemaei
991 291 1146 349 Harmonia.

318 469 390 554 tria3
412 475 500 547 atque
517 469 582 532 ideo
597 473 677 534 vitae
693 481 809 534 nostrae
824 475 918 550 magia
940 474 1133 548 commodant,
1157 477 1241 552 quasi
1256 474 1424 548 luminibus,
1448 475 1528 534 ritae
1542 481 1660 536 nostrae

318 558 503 632 auctoribus,
534 577 717 621 numerorum
745 563 857 622 ratione
890 561 1058 623 concordes.
1104 561 1221 622 Saturni
1251 568 1349 622 autern
1371 557 1534 639 Martisque
1555 562 1660 624 atellae

317 645 359 704 its
379 661 438 702 non
460 645 570 706 habent
592 665 657 708 cum
679 648 838 716 luminibus
868 649 1107 727 competentiam,
1136 657 1169 708 ut
1201 657 1299 709 tamen
1329 648 1430 725 aliqua
1453 649 1501 708 vel
1531 657 1661 712 extrema

317 748 500 792 nameromm
523 733 600 796 linea
622 736 765 796 Saturnus
787 736 825 796 ad
849 735 947 797 Solem
970 755 1021 816 per
1046 731 1214 821 1[8,Μιιιε
1246 736 1390 824 adspiciat
1410 734 1450 795 ad
1473 737 1586 796 Lanam
1608 755 1661 814 per

321 813 383 900 ¹.l„
426 819 501 878 Nam
531 839 597 882 cam
620 822 704 883 Luna
734 823 897 884 Saturnus
907 825 977 886 iacit
1010 819 1059 908 7„
1091 824 1150 884 iere
1181 832 1210 884 at
1236 819 1291 908 ¹9⁶]
1320 831 1349 882 et
1374 817 1462 906 ¹i„„
1494 841 1561 884 curn
1589 823 1659 886 Sole

316 904 396 966 Mars
419 901 457 988 ³),
484 917 514 968 et
536 907 593 994 Ἃ,
622 914 825 990 proportiones
854 903 914 979 ιιοιι
946 911 1133 989 multiplices.
1177 909 1249 988 Ideo
1280 913 1375 970 minus
1404 910 1548 972 commodi
1580 915 1660 974 vitae

316 993 459 1054 humanae
487 999 680 1073 existimatur,
712 1001 797 1076 quasi
830 1016 895 1059 cum
924 1003 1003 1060 vitae
1035 1000 1203 1059 auctoribus
1232 1007 1312 1058 arcta
1341 1015 1526 1060 numerorum
1548 1001 1660 1060 ratione

315 1097 373 1139 non
391 1081 504 1159 juncta,

689 1173 772 1234 Finis
795 1174 874 1234 Libri
897 1176 974 1235 tertii
997 1174 1099 1234 Herm.
1123 1173 1294 1234 Ptolemaei.

399 1323 471 1378 Nota
488 1325 510 1380 1.
547 1326 668 1381 Tertium
693 1327 745 1381 hoc
768 1335 795 1382 et
819 1328 942 1386 ultimum
969 1335 1051 1396 eaput
1070 1333 1112 1381 est
1131 1341 1235 1396 eorum,
1262 1342 1377 1395 quorum
1394 1325 1567 1380 Ptolemaeus
1585 1325 1660 1380 solos

315 1403 409 1456 titulos
429 1405 533 1474 posuit,
557 1413 685 1474 tanquam
704 1407 872 1474 problemata
889 1407 949 1461 aliia
968 1407 1119 1476 proposita;
1143 1405 1332 1458 tractationem
1350 1420 1413 1459 vero
1431 1403 1534 1474 nnllam
1550 1403 1658 1474 adjecit.

315 1481 382 1536 Nam
402 1482 454 1535 etsi
474 1489 567 1538 textus
594 1483 673 1537 titulo
700 1484 839 1552 subjectus
865 1487 893 1541 in
919 1485 1142 1554 interpretatione
1164 1484 1297 1551 Gogavini
1321 1482 1406 1552 plane
1430 1481 1502 1537 idem
1529 1490 1572 1538 est
1598 1499 1659 1539 cnm

314 1577 410 1628 graeco
436 1563 464 1615 in
482 1563 686 1631 manuscriptis,
713 1563 764 1617 etsi
786 1565 867 1618 etiarn
893 1581 927 1618 ex
945 1564 992 1619 illo
1010 1564 1091 1618 facile
1114 1572 1242 1634 apparet,
1268 1580 1322 1635 non
1341 1563 1487 1618 cohaerere
1504 1562 1580 1616 illum
1597 1579 1660 1618 cum

315 1638 434 1694 textibus
453 1642 568 1697 duorum
586 1641 815 1713 antecedentium,
843 1643 911 1697 adeo
930 1648 960 1698 ut
977 1642 1064 1712 primo
1082 1641 1182 1698 intuitu
1200 1642 1284 1697 rideri
1301 1641 1389 1711 possit
1405 1642 1450 1696 hio
1467 1641 1578 1697 ultimus
1594 1642 1658 1697 Pto·

315 1719 410 1776 lemaei
428 1723 569 1791 genuinus,
588 1723 693 1793 priores
712 1722 800 1779 solunt
818 1723 871 1778 duo
890 1721 1043 1792 adulterini,
1060 1728 1089 1776 at
1107 1729 1201 1776 contra
1218 1721 1343 1776 Barlaam
1361 1721 1509 1778 monachus
1528 1720 1600 1776 hunc
1617 1721 1659 1776 ul·

314 1799 371 1856 timi
389 1799 486 1870 capitis
504 1817 558 1854 non
576 1801 663 1856 miuus
676 1802 771 1871 rejicit,
790 1818 871 1872 quam
883 1800 952 1855 duos
969 1800 1031 1856 illos
1043 1801 1268 1870 praecedentium.
1290 1799 1400 1868 Causas,
1414 1816 1462 1853 cur
1473 1798 1658 1856 adulterinum

314 1879 395 1937 etiarn
413 1879 466 1936 hoc
483 1886 566 1950 caput
583 1881 626 1948 sit,
645 1880 743 1950 partim
760 1881 819 1950 ipse
837 1880 913 1948 dixit,
931 1881 1029 1950 partim
1048 1897 1098 1949 ego
1117 1896 1199 1951 supra
1216 1880 1307 1936 addidi
1325 1881 1414 1949 capite
1429 1879 1467 1934 lt.
1486 1883 1552 1932 nota
1571 1880 1611 1936 13.
1630 1888 1659 1934 et

314 1973 372 2028 cap.
392 1959 434 2014 15.
469 1957 642 2012 Ptolemaeus
661 1959 731 2012 enim
749 1959 901 2031 perfectum
920 1969 1038 2029 systema
1055 1959 1167 2028 delegit,
1187 1959 1232 2016 cui
1250 1965 1388 2028 comparat
1405 1957 1540 2026 planetas,
1557 1958 1585 2011 in
1604 1975 1658 2026 quo

279 2089 287 2103 ‚
314 2042 377 2089 sunt
395 2036 569 2092 tetrachorda
587 2035 733 2106 superioris
753 2037 883 2106 diapason
897 2031 1037 2108 'disjuncta
1054 2055 1071 2094 a
1088 2037 1269 2094 tetrachordis
1288 2035 1435 2098 inferioris,
1454 2041 1483 2088 at
1501 2044 1596 2104 auctor
1615 2051 1658 2091 ca·

313 2113 378 2182 pitis
396 2117 476 2188 vulgo
494 2117 627 2171 exstantis
645 2118 814 2187 propositum
826 2117 909 2171 habet
929 2124 1055 2186 systema,
1073 2118 1151 2186 cujus
1165 2116 1295 2184 diapason
1306 2115 1440 2170 inferioris
1457 2115 1658 2171 muaohmdmn

312 2201 356 2248 est
374 2195 548 2263 conjunctum
567 2197 777 2265 (synemmenon)
795 2195 968 2250 tetrachordo
987 2196 1142 2264 superioria.
1178 2193 1350 2269 Ptolemaeus
1374 2201 1469 2248 acutos
1488 2210 1570 2249 sonos
1588 2210 1659 2248 coru-

221 2267 223 2275 ’
313 2275 418 2342 pararit
436 2275 541 2330 levibus
558 2276 688 2345 planetis,
716 2291 812 2345 graves
831 2275 1004 2345 ponderosis,
1033 2283 1129 2331 auctor
1155 2275 1299 2330 adulterini
1327 2273 1423 2350 capide
1452 2281 1546 2330 contra
1564 2287 1659 2342 graves

313 2367 394 2408 sonos
412 2353 530 2420 levibus,
549 2356 604 2412 hoc
620 2363 663 2411 est
679 2357 739 2412 imis
757 2355 889 2426 planetis,
915 2362 1010 2410 aeratos
1028 2355 1202 2425 ponderosis,
1228 2354 1282 2409 hoc
1301 2361 1343 2410 est
1360 2355 1478 2409 summis.
1514 2355 1661 2409 Praeterea

315 2433 488 2488 Ptolemaeus
507 2434 639 2489 Venerem
657 2435 728 2490 inira
745 2435 834 2490 Solem
853 2433 933 2500 locat,
951 2435 996 2489 hic
1013 2441 1108 2490 auctor
1126 2451 1208 2504 supra
1227 2449 1297 2490 eura.

423 2601 510 2658 Ecce:
530 2601 701 2671 Comparatio
718 2602 875 2658 Ptolemaei.
1098 2600 1270 2668 Comparatio
1289 2600 1451 2670 subreptilis.

1048 2717 1164 2728 ——--..

1046 2772 1152 2822 ,Θ
1363 2791 1503 2798 „-

938 2979 942 2990 ,
991 2924 1103 2974 uram
1122 2901 1299 2990 dorsuali
1406 2915 1574 2988 deltam.

434 3182 863 3344 ἶῐιᾞᾞ-ᾹΘΏ
1025 3257 1429 3342 MueQQQQ

406 3444 465 3512 Ego
484 3405 566 3511 igitur
584 3448 687 3496 textum
707 3439 805 3509 capitis
831 3439 870 3493 ita
888 3439 1057 3506 concinnavi,
1084 3445 1115 3494 ut
1141 3439 1291 3494 existimavi
1309 3440 1493 3495 Ptolemaeum
1511 3439 1586 3494 illurn
1604 3439 1665 3494 iere

315 3517 537 3578 concionaturum
566 3518 650 3573 fuisse
678 3535 711 3574 ex
738 3515 878 3589 principiis
905 3528 968 3572 ειιιε
994 3519 1099 3589 positia.
1136 3520 1173 3573 Iit
1190 3518 1217 3572 in
1245 3519 1332 3587 prima
1350 3521 1458 3588 quidem
1476 3527 1556 3589 parte
1573 3535 1663 3572 meum

315 3601 399 3655 solius
414 3601 546 3669 judicium
565 3615 623 3653 sum
643 3606 764 3668 secutus,
794 3599 821 3653 in
839 3597 924 3652 altcra
942 3614 1005 3652 cero
1018 3597 1139 3667 potiores
1157 3605 1249 3666 partes
1267 3597 1365 3652 indicio
1383 3599 1515 3653 Macrobii
1533 3597 1608 3666 dedi,
1633 3604 1665 3652 ut
1683 3607 1688 3618 '

314 3679 384 3734 inira
402 3679 497 3735 dicam.

1521 3744 1524 3770 l

268 3847 269 3851 η
403 3785 476 3839 Nota
493 3781 528 3838 ll.
565 3781 640 3852 Quae
667 3781 711 3836 hic
737 3781 901 3850 astrologica
927 3781 1054 3850 dogmata
1078 3789 1174 3850 tango,
1203 3797 1235 3834 ea
1261 3781 1343 3836 nolim
1362 3781 1427 3836 milri
1445 3781 1540 3841 trioui.
1568 3781 1602 3836 de
1620 3781 1664 3837 his

315 3865 385 3919 enim
402 3879 457 3917 nou
476 3861 533 3916 aine
552 3863 658 3916 curiosa
676 3867 703 3914 et
721 3860 835 3915 sollicita
854 3859 1026 3914 distinctione
1043 3859 1263 3928 respondendum
1276 3861 1341 3914 mihi
1360 3869 1440 3931 esset,
1460 3862 1483 3916 si
1500 3863 1664 3918 sententiam

314 3957 424 4010 rogarer
442 3948 469 3995 et
486 3940 508 3992 si
526 3939 578 3994 rnei
597 3939 733 4008 propositi
752 3947 834 4006 esset,
853 3939 992 3994 materiam
1011 3938 1084 3992 illam
1098 3939 1150 3992 hoc
1168 3939 1228 3992 loco
1247 3945 1371 3993 tractare.
1408 3940 1509 3994 Vereor
1526 3949 1617 3996 autern
1634 3941 1663 3994 iu

314 4021 499 4076 concinnando
519 4027 648 4074 contextu
667 4017 827 4082 Ptolemaei,
850 4018 896 4087 qui
920 4025 1016 4072 auctor
1033 4023 1150 4086 quatuor
1171 4017 1256 4073 libros
1279 4018 1312 4073 de
1331 4019 1478 4086 astrologia
1496 4021 1615 4090 scripsit,
1634 4021 1663 4074 in

314 4097 411 4167 quibus
430 4099 556 4167 dogmata
573 4087 642 4152 haec
660 4105 724 4152 sunt
747 4097 831 4152 instar
849 4098 1020 4152 crismatum.

400 4213 473 4267 Nota
490 4212 538 4266 Ill.
574 4210 744 4280 Oppositioni
762 4226 857 4265 vocum
875 4211 996 4280 perfecte
1009 4211 1213 4266 consonantium
1227 4227 1275 4265 seu
1294 4212 1385 4280 potius
1402 4213 1547 4268 identicnm
1566 4228 1664 4268 sonan·

245 4299 251 4324 t
314 4293 381 4351 tium
404 4309 458 4347 non
481 4291 562 4358 malev
576 4298 747 4361 comparatur
770 4291 905 4361 oppositio
929 4291 1088 4345 facultatum
1118 4291 1292 4360 qualitatibus
1315 4291 1502 4348 distinctarum
1526 4292 1569 4347 vel
1591 4295 1664 4349 idem

315 4371 423 4440 aliquod
442 4388 510 4441 opus
528 4379 647 4439 naturae,
671 4370 753 4426 veluti
772 4385 868 4424 vocum
887 4368 921 4423 ad
940 4369 1055 4424 eundem
1079 4379 1239 4424 concentum
1258 4371 1478 4438 conspirantium.
1514 4373 1551 4428 nt
1569 4375 1665 4442 nequit

314 4447 382 4501 haec
399 4449 565 4518 comparatio
583 4449 735 4504 continuari
754 4463 897 4518 quousque
915 4465 985 4519 opus
1003 4453 1085 4502 esset.
1109 4447 1250 4516 Quomodo
1269 4449 1339 4502 enirn
1358 4447 1574 4520 identiaonantia,
1593 4465 1664 4522 quae

316 4533 359 4580 eet
375 4535 554 4582 concentuum
573 4527 692 4582 omnium
709 4528 932 4596 perfectissimas,
952 4535 1125 4596 comparetur
1143 4536 1198 4582 tarn
1217 4543 1278 4582 oum
1296 4527 1413 4582 amicitia
1425 4526 1495 4582 Solis
1514 4536 1543 4584 et
1559 4531 1664 4600 Lunae,

314 4619 394 4675 quarn
413 4620 473 4658 curn
492 4605 642 4662 hostilitate
661 4607 769 4663 Saturni
787 4607 822 4662 ad
840 4615 985 4676 utrumque
1002 4607 1136 4661 luminare
1153 4606 1263 4676 (quippe
1282 4605 1399 4660 Saturno
1416 4607 1664 4675 proslambanome-

314 4700 365 4739 nos
379 4691 440 4740 erat
456 4685 597 4753 attributa,
615 4688 710 4742 Lunae
727 4693 790 4740 nete
808 4686 1033 4754 diezeugmenon,
1052 4701 1122 4754 quse
1141 4685 1209 4740 duae
1228 4683 1346 4739 chordae
1365 4699 1461 4753 supra,
1478 4684 1506 4739 iu
1525 4702 1665 4755 compara·

316 4763 391 4820 tione
410 4765 564 4836 systematis
583 4781 643 4820 cum
661 4763 783 4837 zodiaco,
802 4762 1036 4834 conjungebantur
1047 4763 1076 4818 in
1088 4779 1170 4820 unum
1182 4763 1279 4832 locum,
1299 4779 1398 4832 mesae,
1416 4763 1459 4820 eui
1472 4765 1518 4820 Sol
1536 4767 1664 4836 tributus,
