3480 5548
261 405 303 466 to
415 477 417 482 Ι
640 399 782 472 Epistulas
799 397 911 470 chleri
929 400 1097 470 aliorumque
1114 404 1225 474 mutua-e

258 583 416 656 redditum,
447 589 480 642 at
503 583 592 642 stiam
616 579 801 642 Graecismue
822 579 984 640 manserit?
1024 579 1181 666 Juscnptio
1209 587 1245 640 ox
1266 577 1342 638 lthru
1367 584 1419 638 too
1449 579 1509 638 sic:
1540 577 1612 649 Πως

260 671 298 736 ds
320 669 351 734 αἱ
373 693 432 732 rma
453 667 821 746 etampevrssehtmms·
833 669 1070 746 nupsilulloriao
1092 689 1154 744 ταις
1172 687 1231 728 rme
1245 671 1385 746 sdoypooa.
1421 665 1501 727 Nihil
1516 667 1612 725 mani·

261 762 364 822 festius
391 759 420 816 in
448 759 550 854 nat'qa
573 757 689 855 lingua.
733 753 818 814 llam.
839 777 873 816 το
901 757 1150 835 παραβαλλεσθαι
1178 763 1207 814 ct
1234 751 1386 824 cinerosam
1412 753 1493 814 nullo
1519 753 1611 814 latino

260 845 407 909 nomhulo
430 851 477 904 eat
499 844 649 904 evidenter
671 844 793 918 exprimi
814 849 950 920 possunt,
984 849 1014 902 et
1036 842 1133 902 ubivis
1163 841 1298 901 vocabuli
1321 837 1359 902 ria
1386 842 1416 899 in
1438 841 1532 902 latino
1555 843 1613 900 cir·

262 932 478 996 cumlocutionc
501 950 575 1010 opus
594 936 650 994 est.
694 928 783 990 Forte
811 933 841 988 in
869 930 946 990 hunc
967 928 1086 989 modum
1110 927 1296 990 Germanice:
1328 929 1396 988 Wis
1425 931 1514 988 mann
1537 936 1613 989 stura

262 1023 310 1084 die
333 1029 387 1082 cto.
411 1007 755 1093 donetc.'uergleicl1en
789 1017 914 1078 mdchte.
960 1016 1047 1092 Quod
1074 1024 1107 1077 ut
1129 1017 1218 1076 latine
1247 1017 1393 1090 efferatur,
1422 1034 1482 1077 nou
1510 1024 1556 1076 ost
1583 1019 1611 1074 in

282 1117 386 1170 romtu.
874 1139 877 1144 ·

261 1129 281 1189 p
349 1193 390 1256 Ut
417 1191 453 1252 de
478 1192 568 1252 latina
591 1191 747 1270 Porphyrii
778 1193 912 1252 versione
944 1177 1208 1275 judiciumhieram,
1232 1186 1366 1271 ,spatium
1387 1197 1467 1269 peto.
1512 1189 1615 1250 Ptole·

263 1285 340 1345 masi
370 1281 484 1342 Graeca
517 1287 585 1338 sunt
618 1282 748 1356 integra,
782 1277 925 1355 siquidem
959 1278 1037 1356 apud
1066 1276 1252 1355 Gogaviuum
1288 1281 1427 1356 integra·
1458 1278 1613 1356 Porphyrii

266 1371 380 1432 Graeca
401 1374 469 1428 sunt
491 1366 709 1426 Commentariis
730 1369 759 1424 in
782 1366 978 1440 Ptolemaios,
1002 1365 1054 1426 sed
1076 1381 1134 1426 non
1157 1365 1380 1452 prqgrediuntur
1401 1365 1478 1426 ultra
1499 1365 1551 1426 lib.
1575 1365 1613 1424 ll.

234 1477 327 1540 scap.
353 1462 380 1531 t,
403 1471 471 1532 pars
493 1457 586 1514 totius
606 1455 675 1514 libri
696 1455 791 1513 minor
813 1451 951 1512 dimidia
989 1453 1157 1513 Aristotelis
1180 1453 1216 1513 de
1232 1453 1429 1528 hodibilibus,
1452 1451 1616 1530 quse-Go-

263 1547 388 1624 garinus
410 1532 544 1619 adjunxit
566 1539 738 1620 Ptolemaeo
769 1544 799 1598 in
825 1540 949 1616 latinum
973 1557 1128 1614 converse,
1159 1543 1347 1600 inveniuntur
1369 1539 1480 1601 Graece
1507 1541 1537 1598 in
1560 1541 1615 1600 hoc

263 1637 327 1710 ipso
357 1630 513 1708 Porphyrii
543 1628 772 1689 Commentario:
805 1628 836 1687 id
866 1628 983 1704 quidem
1012 1629 1175 1706 proiessue·
1191 1637 1237 1702 est
1267 1629 1448 1706 Gogavinus.
1493 1627 1614 1687 ‘Pardus

265 1720 396 1782 Graccus
420 1716 512 1778 codex
535 1724 581 1776 cst
602 1715 765 1790 Barlaami,
789 1722 857 1779 eunt
878 1725 976 1776 autem
1000 1715 1163 1792 Logistices
1186 1714 1251 1775 libri
1277 1718 1310 1790 o,
1334 1731 1456 1791 quarum
1477 1717 1616 1792 proposi·

264 1812 359 1868 tiones
380 1805 477 1864 nudae
494 1803 595 1866 editae
618 1804 825 1880 a'Dasypodio
841 1805 922 1863 inter
944 1803 1113 1880 sphaericae
1136 1801 1285 1864 doctrinas
1305 1806 1459 1879 scriptores
1474 1802 1614 1864 Graecos

265 1896 433 1971 Sequuntur
454 1889 525 1950 lolia
551 1893 605 1964 li,
634 1893 664 1949 in
688 1892 794 1967 quibus
818 1891 978 1952 conlutatio
1009 1893 1027 1951 3
1053 1890 1218 1950 ultimorum
1242 1895 1369 1967 capitum
1399 1892 1430 1948 in
1452 1889 1615 1951 Ptolemaei

264 1980 467 2050 Harmoniam,
490 1978 541 2037 ubi
562 1987 659 2056 negat,
684 1995 749 2038 esse
772 1977 933 2039 Ptolemaei
956 1986 1081 2052 textum3
1107 1980 1346 2054 inscriptionibus
1370 1993 1438 2036 vero
1460 1977 1616 2055 pollicetur

266 2070 409 2147 genuinos
433 2072 529 2125 textus
552 2065 590 2126 ad
610 2065 774 2136 Ptolemaei
796 2073 922 2130 mentem
945 2066 1136 2142 'sthungere‚
1168 2065 1271 2124 sedin
1295 2068 1360 2142 ipso
1381 2067 1533 2143 principio¹
1549 2083 1616 2124 ora·

266 2159 355 2217 tionis
383 2154 490 2214 desinit
518 2154 624 2223 uerbis·
643 2154 737 2215 hisce:
775 2154 895 2233 layopea
923 2175 1026 2214 antona.
1077 2153 1212 2229 Denique
1245 2152 1375 2231 ejusdcm
1406 2151 1616 2214 demonstratio

267 2242 426 2304 numeralis
445 2241 511 2302 libr.
534 2240 574 2300 II.
598 2240 815 2302 Elementorum
837 2241 924 2301 linem
947 2241 1037 2300 habet
1058 2239 1190 2300 codicis..
1235 2281 1238 2288 -

353 2329 445 2388 Vides
469 2345 547 2409 ergo,
570 2327 735 2396 necessario
759 2327 978 2404 conjungendos
1001 2317 1097 2388 noso
1114 2325 1317 2409 commeatui
1331 2325 1519 2388 Ptolemaeus
1536 2337 1615 2388 com-

266 2425 442 2480 mentatores
471 2415 580 2476 habeat
600 2416 795 2494 Porphyrium
825 2423 854 2475 et
881 2413 1078 2499 Berisamum.
1125 2415 1267 2491 Equidem
1298 2413 1380 2491 opto'
1398 2423 1444 2474 et·
1459 2417 1489 2473 in
1521 2433 1615 2475 msam

266 2509 500 2584 βιβλιοθηκιοκην
525 2503 630 2564 inierrs
656 2504 715 2563 tale
739 2501 887 2579 exemplar
915 2502 1019 2562 saltem
1043 2502 1196 2562 Graecum.
1240 2502 1316 2562 Nam
1339 2501 1410 2578 quid
1433 2501 1469 2562 de
1492 2501 1615 2562 Lahnm

268 2593 409 2654 versionis
431 2591 559 2652 utilitate
582 2589 691 2664 dicam,
722 2590 772 2648 vix
794 2589 900 2650 habco.
944 2590 1016 2649 Plus
1042 2592 1184 2651 absterret
1214 2587 1350 2650 lectorem
1373 2589 1530 2659 difficultas
1554 2609 1616 2650 ma·

268 2682 368 2752 terias,
398 2695 487 2754 qoam
518 2669 865 2753 sermonisignorantia
910 2676 1036 2738 Etcum
1067 2677 1154 2738 hodic
1182 2695 1219 2737 ex
1243 2671 1417 2753 Augustanus
1439 2676 1617 2738 bibliotheca

268 2767 411 2844 prodeant
432 2761 521 2852 eliam
543 2764 689 2824 dialectici
711 2764 876 2840 scriptores,
900 2764 1058 2841 dequibus
1081 2765 1205 2837 dubites,
1229 2781 1266 2824 an
1284 2781 1390 2842 operae
1410 2767 1537 2842 pretium
1553 2765 1616 2825 dat:

269 2856 386 2915 omuino
413 2854 517 2927 mereri
544 2860 617 2928 puto
648 2859 678 2913 st
708 2851 886 2930 dignitatem
906 2852 1088 2932 harmonicen
1117 2863 1148 2913 et
1168 2845 1371 2928 antiquitatem
1384 2851 1498 2927 'moris,
1531 2871 1618 2930 quem

203 2961 209 2976 ‘
271 2935 369 3002 seruat
390 2939 464 3000 hace
487 2946 618 3000 veterum
641 2941 761 3014 musica,
784 2947 819 3004 ut
839 2938 973 3016 prodeat,
994 2949 1024 3001 et
1046 2943 1070 3000 si
1094 2942 1189 3000 minus
1211 2940 1348 3030 lectorem
1371 2939 1534 3002 exhilarare
1556 2949 1619 3020 pot-

155 3108 157 3116 !
269 3037 327 3104 cst,
350 3027 454 3089 saltem
477 3026 670 3087 bibliothecas
693 3033 783 3089 ornet

353 3111 698 3191 Existimas'praesterc,
729 3121 762 3174 ut
788 3115 899 3200 peritus
922 3113 1029 3190 aliquis
1051 3106 1236 3174 summarium
1267 3116 1308 3174 rei
1331 3113 1619 3192 comprehensione·

269 3206 372 3282 paucis
395 3203 510 3280 paginis
533 3201 609 3262 edat.
655 3201 729 3261 Mihi
752 3201 902 3261 diversum
924 3202 1047 3262 videtur.
1091 3202 1166 3264 Nem
1193 3211 1270 3278 'quac
1292 3210 1392 3278 potest
1418 3219 1482 3262 ssee
1504 3205 1620 3265 brevior

268 3309 360 3369 opera
382 3292 411 3348 in
434 3291 556 3369 materia
584 3288 671 3368 hodic
700 3305 775 3366 pene
798 3289 968 3366 incognita?
1012 3290 1105 3364 Tum,
1133 3307 1210 3366 quae
1239 3289 1373 3350 utilitas?
1419 3290 1503 3350 Alius
1527 3292 1620 3354 ‘hodie

274 3396 337 3438 mos
369 3385 413 3437 est
441 3385 558 3438 nostrae
585 3380 719 3437 musices.
766 3377 806 3436 At
834 3377 926 3436 multo
954 3375 1067 3450 malim,
1097 3385 1131 3436 ut
1153 3377 1298 3454 quispiam
1324 3371 1502 3454 ‘auJungerct
1532 3383 1620 3440 etiam

273 3464 403 3525 Euclidis
418 3463 541 3536 Grecos,
566 3472 595 3524 et
610 3467 635 3523 si
658 3465 728 3541 quid
751 3464 823 3525 utils
846 3464 918 3523 dixit
934 3463 1098 3526 Glareanus
1117 3474 1172 3525 aut
1194 3464 1269 3524 alius
1292 3467 1447 3546 quispiam,
1485 3467 1621 3545 Denique

273 3544 408 3619 omnihus
430 3554 461 3610 in
484 3559 594 3612 cenum
616 3551 747 3612 ordinem
770 3551 929 3630 dispositis,
953 3551 1060 3616 Latina
1082 3554 1288 3613 commentatio
1311 3559 1454 3630 perpetua
1476 3554 1621 3616 difficilio-

272 3659 318 3702 res
340 3640 421 3700 locos
443 3639 616 3716 adjuraret
639 3639 697 3700 'Ita
719 3633 815 3716 neque
837 3641 933 3699 versio
956 3639 1063 3700 Latine
1085 3643 1166 3716 oncri
1189 3641 1243 3701 erit
1264 3642 1300 3700 iis
1322 3643 1351 3697 io
1366 3640 1448 3713 locis,
1472 3658 1550 3718 quae
1574 3641 1621 3703 nel

273 3746 331 3790 nou
354 3734 479 3804 possunt
500 3727 625 3804 intelligi
648 3728 705 3786 uisi
727 3725 849 3798 Graece,
874 3726 1009 3787 selmum
1032 3728 1131 3787 taedio
1154 3728 1290 3804 leguntur
1308 3727 1426 3787 Latine:
1450 3744 1547 3805 neque
1569 3730 1621 3792 de-

275 3820 331 3880 erit
351 3815 435 3876 loc'ua
457 3818 487 3874 in
510 3814 741 3892 Commentario,
765 3813 929 3874 difficiliora
950 3814 1017 3875 loca
1040 3813 1154 3875 Graeca
1177 3815 1281 3874 Latine
1303 3813 1451 3880 reddendi.

359 3903 407 3950 Ad·
418 3901 478 3949 haer
496 3901 626 3964 respondit
643 3901 787 3950 Herwartue
807 3901 905 3950 demum
925 3902 948 3950 d.
968 3899 1008 3954 io.
1027 3901 1083 3952 Oct,
1104 3900 1179 3955 1607.
1197 3903 1283 3950 morbo
1298 3915 1428 3952 *excusans
1439 3899 1442 3907 '
1453 3901 1501 3952 diu
1517 3903 1621 3952 dilatam

273 3975 459 4037 responsionem
475 3969 530 4035 (cir.
549 3972 592 4020 111.
612 3986 638 4033 p.
657 3969 730 4038 457),
753 3971 845 4021 deinde
870 3973 961 4034 pergit:
991 3972 1079 4020 darauf
1100 3971 1140 4020 ich
1166 3970 1232 4020 dauu
1254 3972 1344 4022 adicis
1368 3973 1458 4020 lielsen
1483 3975 1621 4024 rerrichteu

273 4048 389 4108 mussan,
410 4043 527 4092 daruntcr
544 4041 607 4089 auch
626 4041 690 4089 uach
709 4043 841 4102 hugsburg
859 4040 910 4089 und
930 4041 1052 4090 desselbst
1071 4043 1219 4107 veranlasst‚
1239 4041 1295 4090 dass
1314 4041 1354 4090 die
1373 4041 1512 4091 Harmonia
1531 4043 1621 4093 Graece

275 4119 299 4161 et
317 4114 404 4161 Latine
421 4112 542 4178 gedpuoht
559 4112 647 4162 werdo.
682 4111 752 4159 illita
771 4111 890 4176 demuach
908 4111 1010 4159 mlr'sle
1028 4125 1058 4159 zu
1076 4111 1255 4178 iibererhlqhsn
1278 4111 1329 4161 und
1349 4111 1394 4160 den
1414 4111 1526 4160 ordinem
1546 4127 1620 4163 aneu-

275 4183 378 4245 dauteu,
396 4185 444 4230 ais
461 4185 498 4232 sle
517 4195 556 4234 am
574 4181 736 4230 rithllchsteu
754 4180 875 4242 gedruclrt
892 4179 989 4238 werden
1006 4181 1112 4230 mdehte.

361 4251 409 4300 Die
426 4253 522 4302 Bucher
539 4267 566 4302 so
585 4251 629 4300 der
645 4249 712 4300 Hsrr
731 4251 935 4315 verlaugt‚1siud
953 4251 1023 4300 nicht
1040 4265 1071 4300 su
1088 4250 1190 4304 lindem-
1217 4254 1297 4302 Weun
1312 4247 1348 4302 ui
1366 4253 1500 4316 sphaeram
1519 4255 1548 4305 li.
1568 4255 1620 4307 hl>-

275 4320 359 4370 raham
378 4319 492 4384 Hispani,
511 4321 558 4371 lilii
577 4321 661 4386 (lhala,
680 4320 838 4371 uonOeuald
851 4320 1061 4371 Schrechsulircha
1080 4324 1190 4386 tertiari,
1209 4324 1338 4373 anciaco
1350 4323 1408 4375 Seh.
1419 4319 1536 4375 Munera
1554 4324 1621 4390 (aher

276 4390 315 4438 nit
333 4403 382 4437 ron
401 4389 518 4458 Schonsr)
537 4393 601 4458 will,
621 4405 649 4442 eo
667 4393 815 4440 ilbsrecliiclr
832 4389 871 4438 ich
891 4391 942 4441 lma
961 4391 1070 4441 sollichs.

362 4459 605 4512 Bittinebesondere
629 4475 670 4510 um
690 4461 804 4509 hutnort
826 4463 870 4509 aul
886 4461 934 4510 deu
957 4462 1064 4524 nodum,
1090 4463 1133 4525 qul
1155 4465 1206 4524 jem
1230 4478 1245 4511 a
1273 4463 1360 4512 multis
1378 4464 1450 4511 annis
1468 4477 1507 4512 urs
1526 4465 1620 4528 lulquls

275 4527 458 4592 mediatenus,
481 4543 571 4580 warum
593 4532 767 4584 Eratosthenes
793 4534 896 4593 ejusque
923 4545 1040 4595 sequaces
1066 4535 1111 4582 uni
1135 4533 1223 4599 gradui
1252 4535 1351 4582 coelesti
1376 4534 1402 4581 ln
1427 4535 1536 4582 maxima
1555 4537 1619 4597 peri-

275 4599 363 4664 pheria
380 4599 467 4646 'l'errae
486 4601 566 4649 stadia
583 4599 648 4665 700,
668 4603 775 4662 dagegeu
794 4602 906 4652 Marione
924 4603 1013 4664 Tyrius
1028 4603 1081 4652 und
1101 4602 1221 4652 illaudiue
1239 4604 1399 4652 Ptolemaeus
1415 4616 1464 4653 nur
1480 4604 1534 4658 500
1550 4607 1618 4656 attri-

276 4670 365 4720 buiren
383 4668 436 4717 und
454 4681 504 4715 was
522 4669 555 4717 Ee
574 4669 652 4720 demit
670 4674 765 4722 ratione
783 4673 929 4736 quantitatis
947 4673 1022 4722 stadii
1040 4675 1080 4722 lilr
1098 4676 1153 4726 eius
1167 4673 1285 4734 Meiuung
1303 4674 1355 4723 und
1370 4673 1534 4734 (ialaqenhelt
1550 4676 1617 4724 habs.

364 4739 414 4788 Der
432 4735 518 4786 Censet
536 4739 596 4788 wire
616 4742 671 4789 dern
690 4742 771 4792 Herm
795 4744 844 4791 rlel
863 4758 893 4792 zu
911 4744 973 4792 thun
991 4745 1086 4810 geben,
1113 4743 1154 4792 esd
1175 4757 1260 4791 omues
1283 4745 1370 4804 majori
1389 4743 1513 4796 desiderio
1532 4758 1616 4796 uorsus

277 4808 364 4866 hiartls
382 4809 503 4858 theoriam
522 4821 537 4854 a
553 4813 578 4856 te
597 4817 767 4871 exspectamus
785 4827 888 4876 eamque
905 4819 1020 4876 optamus
1038 4813 1104 4862 rotis
1122 4813 1160 4872 it,
1179 4811 1241 4880 XX,
1261 4813 1343 4866 XXX.

364 4880 483 4940 Daneben
502 4891 553 4927 aas
570 4878 623 4931 lma
639 4879 690 4928 lleb
707 4882 759 4934 und
777 4885 914 4949 aagendam
932 4889 979 4934 ete.
1235 4935 1249 4974 ο
