3668 5526
280 345 343 405 too
745 341 910 411 Appendiels
928 341 1150 398 Harmonieorum

281 520 409 578 tionibus
438 518 577 597 legitimis
607 521 754 598 explicare
784 537 840 580 non
870 523 942 585 vult.
985 521 1046 582 Nec
1068 534 1198 600 uuquam
1219 517 1337 581 'crimini
1368 519 1450 594 dedi,
1481 519 1621 597 mysteria

280 605 409 681 tradere3
440 623 529 683 quare
551 625 608 667 uon
632 615 689 681 est,
722 607 911 668 cur·doleum
933 611 1097 688 exprobrari
1121 610 1191 668 mihi
1215 609 1345 669 libellum
1367 625 1465 667 meum
1497 609 1621 686 primum

280 694 337 753 hoe
367 695 453 753 titulo
476 699 623 786 scriptum.
670 695 859 756 Futilitutem
886 697 965 756 illius
988 699 1080 758 libelli
1107 705 1178 756 tune
1200 713 1374 772 agnoscam,
1406 697 1456 754 ubi
1486 705 1517 754 tu
1539 695 1621 754 illam

281 779 433 842 detexeris.
481 783 571 843 latas
593 791 620 842 et
641 784 835 843 tenebrarum
859 785 977 862 effectur
997 785 1153 846 nonnullos
1174 786 1307 860 ignorare
1322 801 1450 861 possum,
1474 783 1622 859 abnegari

279 886 430 946 nunquam
454 886 504 929 ora
525 869 605 932 duro.
650 870 798 930 Mathesin
820 874 845 930 si
874 881 906 932 tu
929 873 1015 932 aliam
1037 875 1114 933 nosti
1139 875 1268 948 (praeter
1292 873 1443 948 vulgarem
1473 869 1569 942 illam,
1602 887 1623 928 a

281 972 340 1032 qua
363 956 541 1016 denominati
570 959 700 1033 luerunt,
731 967 877 1037 quotquot
906 959 1046 1020 hactenus
1069 961 1266 1019 mathematici
1299 953 1511 1039 celebrentur),
1545 974 1621 1034 quae

281 1043 394 1103 seilicet
416 1046 454 1102 sit
475 1047 629 1105 naturalis
651 1053 679 1104 et
698 1047 857 1123 formulis,
888 1039 952 1106 eam
977 1064 1032 1123 ego
1062 1048 1155 1107 fateor
1185 1057 1349 1122 nunquam
1378 1045 1531 1119 delibasse,
1565 1045 1621 1102 nisi

278 1129 316 1190 ad
346 1131 593 1207 generalissimam
625 1135 705 1192 vocis
736 1135 877 1209 originem
908 1134 1103 1211 confugimus,
1136 1133 1262 1192 dimissis
1295 1131 1518 1209 quantitatibus.
1573 1131 1619 1190 De

279 1217 330 1276 illa
353 1219 440 1292 igitur
468 1222 542 1279 scito
573 1239 618 1280 me
648 1221 696 1281 hie
726 1235 785 1280 non
814 1239 877 1280 esse
901 1223 1048 1297 locutum3
1077 1223 1189 1283 babeat
1220 1222 1273 1281 tibi
1296 1220 1424 1280 Roberte
1452 1217 1567 1279 laudem
1591 1225 1620 1278 et

263 1303 358 1364 -illius
382 1313 411 1365 et
434 1305 713 1368 demonstrationum
736 1309 766 1365 in
781 1309 841 1381 illa,
866 1327 1044 1386 quaequam
1068 1314 1126 1369 sint
1140 1317 1303 1381 accuratae,
1327 1326 1415 1384 quam
1430 1313 1535 1379 certae,
1558 1312 1620 1366 tute

279 1403 374 1451 tecum
394 1393 545 1470 judicabis
572 1399 635 1456 sine
657 1411 703 1454 me
726 1397 844 1456 arbitro.
889 1397 989 1456 Motus
1018 1415 1073 1474 ego
1104 1399 1201 1474 cogito
1225 1396 1357 1457 visibiles
1388 1411 1533 1470 sensuque
1556 1395 1620 1470 ipso

281 1479 525 1554 determinabiles‚
547 1489 580 1540 tu
603 1490 689 1542 octus
710 1486 843 1543 interime
865 1485 1054 1546 considerato
1077 1485 1171 1560 deque
1192 1485 1228 1542 iis
1250 1485 1280 1541 in
1304 1481 1412 1559 gradum
1437 1481 1620 1557 distinguen-

279 1567 323 1626 dis
347 1569 500 1644 laborato;
522 1569 654 1629 caudam
675 1587 727 1646 epo
742 1577 826 1630 teneo
840 1571 899 1631 aad
915 1589 1011 1646 manu,
1036 1580 1067 1631 tu
1083 1579 1175 1646 caput
1196 1571 1388 1647 amplectaris
1405 1577 1509 1638 mente,
1533 1568 1619 1627 modo

250 1707 252 1723 ,
278 1673 315 1713 ne
338 1659 506 1732 somnians3
540 1675 595 1733 ego
622 1665 776 1716 contentus
798 1675 862 1716 sum
885 1658 992 1735 effectis
1021 1677 1072 1719 seu
1098 1659 1279 1738 planetarum
1307 1659 1452 1730 motibus,
1484 1665 1515 1714 tu
1544 1657 1568 1713 si
1591 1658 1619 1712 in

177 1761 183 1786 ¹
279 1745 352 1820 ipsis
376 1748 473 1803 causis
497 1747 631 1802 invenisti
654 1745 819 1804 harmonias
848 1745 923 1804 adeo
946 1746 1088 1823 liquidas,
1119 1765 1207 1822 quam
1230 1754 1297 1803 sunt
1324 1761 1407 1803 meae
1431 1746 1458 1800 in
1481 1745 1617 1815 motibus,

279 1847 407 1905 aequum
430 1835 500 1904 erit,
529 1841 561 1890 ut
583 1849 638 1906 ego
661 1841 691 1892 et
713 1832 766 1891 tibi
797 1832 833 1890 de
855 1836 1024 1893 inventione
1053 1835 1175 1893 etmihi
1204 1832 1240 1894 de
1266 1834 1452 1910 perceptione
1480 1830 1619 1907 gratuler,
1666 1898 1670 1907 Ι

279 1919 329 1976 ubi
352 1921 477 1994 primum
498 1921 647 1996 percipere
670 1925 780 1997 potero.

366 2005 525 2066 inhaerere
547 2025 605 2078 me,
629 2007 717 2080 dieis,
747 2025 837 2067 coeno
859 2015 887 2067 et
908 2009 972 2070 latio
994 1995 1246 2084 impossibilitatis
1262 2025 1345 2065 meae
1368 2006 1537 2082 desomnem
1563 2021 1621 2063 non

277 2109 342 2150 sum
365 2092 452 2170 hujus
475 2094 675 2170 perplexitatis
697 2095 767 2176 mihi
792 2097 935 2168 conscius,
960 2111 1024 2172 age,
1048 2113 1094 2154 me
1118 2095 1222 2154 doceto
1239 2094 1275 2153 de
1291 2095 1335 2153 bis
1351 2096 1503 2170 angustiis,
1526 2092 1621 2152 fidelia

278 2183 418 2254 uronitor,
451 2181 497 2240 dio
520 2183 583 2256 ubi,
617 2182 705 2262 quid,
738 2182 885 2258 quomodo
908 2181 1148 2259 inexplicabilei,
1185 2179 1312 2257 Obliqar
1334 2182 1464 2240 uinculis
1488 2181 1621 2240 obruar-i·

278 2270 347 2326 lctia
366 2269 647 2344 perplexissima?
669 2270 778 2329 Verum
801 2273 907 2330 crimen
931 2273 1046 2344 arguis,
1075 2273 1100 2330 si
1122 2272 1263 2329 materiae
1286 2267 1470 2328 insolentiam
1501 2271 1620 2326 novita-

277 2359 405 2434 temque,
428 2357 453 2412 si
476 2373 570 2416 morea
594 2357 681 2433 huius
704 2356 809 2428 seculi,
845 2360 870 2415 si
898 2357 1065 2433 neglectum
1087 2359 1313 2426 mathematum,
1344 2357 1369 2413 si
1401 2364 1549 2432 stuporem
1571 2357 1620 2412 in-

278 2445 430 2516 geniorum
454 2446 631 2521 respicimus.
678 2445 742 2512 Non
766 2445 794 2502 id
820 2454 916 2504 tamen
932 2447 1078 2522 privatum
1094 2463 1189 2504 meum
1213 2447 1389 2515 eumenem,
1413 2445 1509 2502 socios
1524 2441 1620 2500 habeo

282 2529 436 2608 Pappum,
460 2530 616 2604 Serenum,
641 2531 830 2608 Apollonium
854 2543 883 2591 et
906 2528 975 2613 (pro
999 2532 1180 2608 tequidem,
1214 2531 1399 2591 obscuritatis
1419 2524 1620 2609 aestimatore)

227 2653 235 2666 .
278 2618 373 2692 ipsum
396 2617 470 2678 adeo
494 2618 653 2680 Euclidem.
697 2617 836 2678 Tuvero
859 2607 931 2679 cedo
954 2619 1023 2678 mihi
1048 2619 1230 2692 cathedram,
1265 2616 1337 2679 eedo
1361 2617 1538 2677 auditorium
1560 2619 1617 2676 ire-

279 2721 385 2778 qucns,
416 2706 564 2765 assiduum
588 2713 616 2766 et
639 2712 796 2780 attentum,
827 2705 899 2766 cedo
919 2708 1104 2784 juventutem
1123 2707 1332 2790 philosophiae
1362 2713 1544 2782 operantem:
1576 2704 1621 2764 ei-

278 2791 373 2850 ficiam
403 2809 468 2852 cum
492 2795 556 2853 Deo
585 2795 660 2852 intra
690 2801 845 2866 semestre,
881 2803 912 2853 ut
943 2794 987 2852 illi
1010 2792 1111 2874 (tuque
1141 2794 1216 2853 adeo
1246 2796 1309 2870 ipse
1338 2795 1412 2851 inter
1433 2798 1561 2864 ceteros,
1593 2793 1619 2849 si

279 2876 423 2956 volueris)
452 2897 488 2939 aa
508 2882 624 2956 laqueis
645 2883 709 2941 istis
733 2881 1012 2957 difficultatibusque
1036 2881 1215 2952 liberemini,
1246 2897 1305 2940 non
1328 2883 1423 2938 minus
1447 2886 1534 2954 atque
1557 2881 1620 2954 ipsa

280 2973 480 3024 consummato
507 2967 582 3026 libro
613 2984 695 3028 meae
716 2968 909 3029 Harmonieea
940 2969 1058 3028 tandum
1082 2961 1194 3029 emersi.
1240 2967 1453 3028 Interim'dum
1483 2969 1512 3022 iu
1534 2967 1621 3040 igno-

282 3055 395 3111 rantiae
419 3056 532 3130 gurgite
565 3061 647 3113 natat
669 3055 863 3132 pulcherrima
893 3056 1042 3129 doctrina,
1075 3056 1145 3113 nihil
1169 3072 1225 3130 ego
1247 3056 1283 3114 de
1301 3055 1397 3113 salute
1420 3055 1541 3112 honoria
1560 3056 1619 3111 mei

282 3157 346 3199 sum
370 3140 524 3220 sollicitus,
547 3145 595 3218 qui
618 3159 664 3200 me
688 3145 748 3202 scio
774 3144 829 3202 Dei
852 3147 990 3203 creatoris
1013 3144 1115 3203 honori
1140 3141 1321 3220 propalando
1344 3141 1521 3200 destinatum
1544 3157 1618 3199 esse.

219 3298 222 3311 ,
369 3229 418 3286 Ad
442 3227 576 3288 xxvii.
606 3245 669 3289 aen
693 3232 994 3306 complementum
1023 3233 1156 3289 nrrmeri
1187 3230 1399 3306 analyscon.
1445 3229 1501 3287 Per
1525 3228 1618 3286 Deum

281 3316 472 3374 immortalem
495 3324 523 3376 te
545 3333 625 3392 rogo,
649 3316 798 3376 abstineas
822 3335 939 3378 manum
962 3321 1152 3377 asunimario
1169 3319 1264 3394 operis
1280 3321 1335 3378 mei
1355 3315 1517 3384 scribendo,
1541 3315 1618 3390 quod

282 3405 380 3461 mitius
409 3403 509 3462 dixero
532 3413 561 3462 te
588 3421 646 3462 non
671 3404 847 3481 intelligere,
877 3406 1011 3481 quamsi
1036 3404 1131 3465 dicam
1153 3413 1182 3464 te
1205 3404 1302 3464 studio
1326 3411 1500 3480 pervertere.
1546 3402 1619 3465 Mihi

283 3507 339 3549 non
364 3499 409 3549 est
431 3490 511 3550 allud
533 3491 712 3551 harmonice
733 3491 915 3565 subjectum,
945 3509 1033 3568 quam
1057 3493 1117 3552 bini
1141 3493 1282 3568 cujusque
1306 3491 1473 3550 harmoniae
1497 3491 1618 3548 termini.

280 3579 359 3636 Situs
383 3595 452 3638 vero
473 3578 656 3654 planetarum
678 3581 707 3637 in
731 3580 813 3638 coelo
837 3599 894 3638 non
917 3589 985 3638 suut
1008 3581 1222 3639 barmoniamm
1245 3597 1373 3638 mearum
1396 3579 1526 3648 termini,
1559 3593 1617 3634 non

280 3668 367 3740 igitur
397 3665 530 3740 subjecta
557 3665 781 3726 harmoniarum.
832 3668 862 3727 Si
892 3685 962 3726 vero
999 3666 1035 3727 de
1067 3667 1133 3727 libri
1165 3669 1222 3725 mei
1252 3669 1350 3742 quinti
1379 3665 1618 3724 Harmonicorum

280 3753 422 3828 subjecto,
446 3752 475 3809 id
498 3761 543 3812 est
565 3755 687 3812 materia
708 3771 760 3813 seu
784 3755 928 3832 capitibus
952 3754 1074 3830 intelligi
1100 3759 1152 3826 vis,
1177 3755 1298 3829 loquere
1314 3756 1402 3829 igitur
1418 3753 1561 3820 distincte,
1586 3763 1619 3810 ut

280 3857 316 3898 ne
340 3843 368 3896 iu
393 3838 522 3900 fraudem
544 3857 639 3898 meam
662 3841 835 3918 intelligaris
858 3861 876 3901 a
897 3842 1065 3901 lectoribus.
1110 3842 1226 3900 Partem
1248 3845 1324 3902 enim
1349 3840 1478 3916 aliquam
1502 3841 1566 3898 libri
1581 3839 1618 3896 V.

266 3928 351 3986 'iacit
374 3926 612 3986 iliadistributio
636 3929 723 4004 spatii
746 3929 847 3988 muudi
869 3930 985 3988 mobilis
1008 3933 1082 3989 inter
1104 3930 1246 4005 planetas,
1268 3929 1348 3988 iacta
1370 3927 1528 3987 secundum
1549 3943 1619 4004 pro·

279 4017 442 4091 portionem
474 4015 587 4072 orbium
615 4014 778 4090 figuralium
808 4019 1058 4091 geometricomm.
1103 4017 1205 4092 Neque
1232 4017 1303 4074 mihi
1331 4017 1483 4077 collocatio
1510 4013 1619 4073 Terrae

279 4105 358 4161 inter
386 4101 484 4160 sideru
514 4102 764 4177 complacentem
797 4113 839 4162 est
858 4105 1038 4162 harmonice
1063 4105 1169 4176 ipsius,
1202 4103 1253 4163 sed
1275 4104 1350 4163 bene
1382 4106 1502 4162 extremi
1523 4109 1618 4160 motus

280 4189 403 4246 Telluris
427 4197 495 4246 sunt
518 4188 759 4266 complementum
788 4193 900 4250 nrrnreri
922 4193 1124 4264 terminorum,
1154 4193 1260 4267 quihus
1292 4193 1476 4250 eontinentur
1498 4206 1619 4266 propor-

281 4277 375 4336 tiones
399 4276 586 4336 harmonicae
606 4277 761 4336 coelestes.¹
804 4277 836 4335 ln
868 4279 973 4337 sitibus
994 4277 1177 4354 planetarum
1199 4279 1270 4354 ipsis
1301 4278 1395 4337 nullas
1425 4285 1523 4335 statuo
1547 4293 1617 4335 con·

254 4365 255 4370 ’
281 4365 440 4436 sonantias,
463 4365 569 4422 frustra
592 4365 667 4422 enim
690 4366 746 4434 lui,
778 4381 843 4423 cum
865 4367 894 4422 in
919 4364 977 4424 illls
1000 4365 1052 4425 has
1077 4383 1254 4442 quaererem.
1301 4367 1402 4441 Neque
1425 4363 1616 4441 pbilosopho-

280 4465 341 4507 rum
372 4448 451 4510 dicta
480 4459 618 4527 torqueo,
654 4469 720 4512 cum
751 4453 863 4510 voculis
893 4459 971 4516 utar.
988 4453 1160 4512 dubitativis
1191 4454 1282 4532 forte,
1316 4453 1422 4530 quibus
1454 4453 1546 4510 omnis
1574 4453 1618 4508 vis

280 4543 487 4596 tormentomm
510 4547 665 4600 enervatur
688 4535 722 4598 et'
738 4541 902 4601 remittitur.
949 4539 1016 4600 Tibi
1039 4558 1165 4615 namque
1188 4547 1349 4616 ceterisque
1365 4539 1522 4599 lectoribus
1542 4538 1618 4597 libe-

279 4639 343 4680 rum
366 4621 505 4698 relinquo,
530 4625 599 4701 quid
621 4626 723 4695 eredas
747 4627 958 4704 Pythagoricos
981 4629 1127 4687 insinuare
1151 4627 1288 4686 voluisse.
1333 4627 1395 4685 Nec
1420 4644 1465 4686 me
1488 4635 1618 4686 contem·

183 4701 197 4726 ⁸
280 4709 427 4784 piationes‘
449 4708 634 4773 harmonicae
658 4715 772 4774 demum
795 4714 983 4787 induxerunt,
1016 4721 1049 4774 ut
1071 4716 1190 4774 Terram
1212 4715 1287 4773 inter
1310 4713 1407 4772 sidera
1428 4730 1616 4786 numerarem,

277 4795 344 4869 jam
372 4791 481 4854 dudum
509 4799 564 4858 hoc
592 4799 699 4878 dogma
730 4803 843 4880 magnis
876 4803 1024 4880 magistris
1056 4811 1209 4880 acceptum
1239 4801 1318 4877 iero;
1359 4804 1537 4862 astronomia
1564 4807 1615 4876 eat,
