3676 5536
572 435 749 498 Harmonicis.
784 443 867 500 Liber
884 441 931 500 111.
954 447 1042 516 Caput
1059 447 1131 504 XIV.

728 735 869 808 CAPUT
896 737 977 809 XIV.

440 879 485 932 De
507 878 617 934 modis
639 879 877 954 melodiarum,
902 900 985 953 quos
1007 889 1105 940 tonos
1127 892 1258 942 vocant

260 1036 305 1096 De
328 1038 422 1098 modis
446 1041 574 1100 dicturus
598 1043 721 1118 primum
746 1042 901 1104 hodiernos
924 1045 1068 1107 admoneo
1090 1051 1233 1122 musicos,
1258 1067 1333 1127 quos
1355 1052 1397 1110 illi
1419 1055 1522 1116 modos

180 1124 320 1200 appellare
343 1127 453 1201 solent,
487 1146 526 1188 se.
550 1134 766 1206 proportionem
795 1139 889 1190 taetus
912 1132 1045 1212 duplam,
1077 1137 1193 1214 triplam
1223 1145 1252 1194 et
1275 1139 1384 1198 similes
1406 1139 1520 1222 (quales

179 1211 274 1272 modos
295 1213 369 1274 lorte
392 1215 521 1276 lecerunt
544 1219 613 1275 olim
637 1218 716 1278 tibiis
738 1220 767 1275 in
791 1220 949 1280 comoediis
973 1221 1194 1301 Romanorum),
1218 1223 1255 1282 de
1269 1225 1305 1282 iis
1329 1227 1408 1301 milri,
1433 1247 1520 1306 prae-

179 1307 304 1375 terquam
326 1303 404 1378 quod
424 1304 487 1380 jam
511 1312 555 1362 cst
578 1305 702 1379 dictum,
736 1324 896 1367 sermonem
923 1325 982 1368 non
1005 1311 1075 1368 iore.
1120 1310 1225 1370 Medos
1255 1329 1310 1388 ego
1334 1314 1412 1388 dico,
1446 1333 1521 1392 quos

178 1387 229 1461 ipsi
251 1405 315 1448 cum
340 1391 485 1450 veteribus
508 1393 602 1452 solent
625 1392 772 1469 appellare
795 1403 895 1468 tonos,
920 1414 986 1454 cum
1008 1399 1170 1472 quaeritur,
1195 1399 1281 1474 eujus
1304 1403 1363 1458 toni
1388 1405 1426 1460 sit
1449 1420 1520 1463 can-

178 1482 229 1532 tus.
272 1473 347 1535 Sunt
376 1480 453 1536 enim
484 1489 578 1539 certae
608 1491 710 1539 cantus
738 1485 872 1540 concinni
899 1501 951 1542 seu
981 1485 1139 1560 qualitates
1169 1503 1222 1545 seu
1246 1491 1371 1562 speeies,
1407 1490 1521 1552 duabus

177 1564 289 1622 summis
313 1581 453 1641 generum
475 1564 657 1641 differentiis,
682 1568 744 1626 duri
768 1577 798 1627 et
820 1569 931 1642 mollis,
955 1580 1055 1631 contre
1077 1589 1108 1631 ee
1132 1572 1254 1632 diremti.

257 1647 363 1712 Graeci
386 1675 511 1732 coenove
533 1664 562 1715 et
583 1652 643 1732 q’th
667 1655 780 1730 dixere,
810 1656 882 1716 illud
905 1676 923 1718 a
945 1658 1037 1718 lorma
1063 1663 1244 1737 systematis,
1275 1661 1332 1721 lroe
1354 1641 1392 1722 ab
1416 1665 1520 1726 effectu
1624 1681 1625 1686 ’

175 1745 272 1797 cautus
288 1741 317 1797 in
334 1739 460 1815 honrine,
484 1744 554 1818 quia
568 1742 698 1820 plerique
721 1742 920 1818 legislatorum
944 1755 1125 1834 consuerent,
1148 1748 1250 1808 modos
1271 1757 1409 1811 cantuum
1423 1753 1520 1816 lacere

175 1824 209 1884 ad
229 1843 326 1886 mores
349 1829 577 1890 conformandos.

254 1915 301 1974 De
332 1916 435 1975 lrorum
465 1920 553 1993 igitur
581 1925 714 1976 tonorum
744 1935 862 1976 nurnero
899 1926 928 1978 et
955 1917 1167 1980 discriminibus
1197 1938 1255 1982 non
1283 1923 1372 1985 hodie
1407 1934 1519 1988 tantum

173 2017 293 2077 magnae
325 2011 392 2062 sunt
419 2005 492 2064 inter
515 2008 643 2064 musicos
666 2007 895 2077 controversiae,
924 2007 1030 2066 sedet
1054 2009 1117 2084 jam
1141 2008 1210 2067 olim
1232 2011 1364 2087 luerunt,
1396 2031 1519 2089 quarum
1607 2053 1610 2061 ι

173 2087 281 2166 aliquas
306 2092 386 2166 apud
408 2092 628 2166 Ptolemaeum,
658 2093 812 2168 plerasque
836 2093 914 2168 apud
938 2093 1124 2154 vincentium
1148 2093 1314 2158 Galilaeum
1342 2099 1440 2161 videre
1464 2110 1519 2163 est.

172 2174 241 2236 Mihi
264 2195 336 2238 vero
360 2196 412 2239 nec
436 2182 600 2240 examinare
624 2197 863 2256 quorumcunque
886 2183 1044 2240 sententias
1068 2193 1112 2242 est
1134 2189 1331 2267 propositum,
1353 2205 1448 2264 neque
1470 2207 1518 2250 re-

172 2263 275 2340 lutare3
301 2269 401 2342 itaque
424 2286 481 2326 non
505 2275 654 2345 exspectet
675 2271 804 2325 musicus
828 2287 846 2326 a
868 2285 914 2326 me
938 2269 1077 2344 quicquid
1100 2270 1179 2329 aliud
1205 2273 1233 2328 in
1258 2271 1314 2332 hac
1336 2278 1516 2350 quaestione,

172 2369 255 2428 quam
276 2352 309 2410 id
332 2357 458 2430 unicum,
483 2355 520 2414 ad
544 2355 622 2431 quod
645 2373 711 2414 mea
734 2371 780 2415 me
803 2355 912 2413 ducunt
935 2359 1077 2434 principia
1100 2358 1240 2417 hactenus
1261 2361 1414 2437 explicata.
1453 2363 1518 2423 Etsi

172 2442 244 2499 euim
266 2443 331 2500 toni
354 2444 391 2502 ab
414 2460 449 2502 eo
472 2442 540 2500 dicti
565 2442 714 2512 videntur,
743 2442 821 2518 quod
844 2442 948 2502 modus
974 2461 1047 2502 unus
1070 2444 1162 2504 altero
1193 2447 1240 2504 vel
1264 2447 1353 2507 altius
1376 2448 1423 2509 vel
1446 2467 1516 2529 pro-

171 2526 284 2587 lundius
307 2529 430 2606 incipiet
455 2534 541 2588 unius
569 2533 632 2588 toni
655 2525 719 2612 (vel
749 2524 912 2611 semitonii)
935 2532 1103 2606 intervallo,
1135 2540 1220 2592 tonos
1243 2541 1341 2595 umen
1372 2552 1427 2615 ego
1458 2554 1518 2597 non

171 2616 306 2694 ipseper
329 2634 361 2676 se
385 2625 487 2677 cantus
509 2617 662 2676 altitudine
686 2617 734 2678 vel
756 2620 900 2693 gravitate
924 2617 1099 2693 discrimino,
1125 2620 1204 2696 quod
1227 2620 1321 2680 solum
1345 2624 1517 2685 observasse

172 2703 313 2778 quosdam
341 2702 515 2764 Vincentius
548 2703 699 2764 Galilaeae
730 2711 870 2778 testatur,
909 2706 960 2764 sed
983 2723 1134 2766 numerum
1164 2725 1265 2768 eorum
1297 2710 1334 2769 ed
1366 2729 1517 2773 numerum

170 2795 331 2866 specierum
353 2795 440 2850 unius
463 2792 603 2871 diapason
633 2809 698 2850 eum
720 2791 891 2852 Ptolemaeo
915 2795 1000 2868 exigo
1031 2794 1154 2871 dicoque
1186 2796 1308 2856 totidem
1335 2797 1399 2858 esse
1422 2807 1517 2877 tonos,

172 2887 239 2952 quot
259 2885 387 2956 possunt
409 2893 474 2940 esse
496 2879 607 2938 sceleta
628 2883 798 2956 systematis
820 2889 942 2940 octavae
964 2881 1097 2957 legitima
1119 2890 1148 2942 et
1170 2887 1326 2960 concinna,
1350 2889 1517 2964 generibus,

171 2965 266 3025 ordine
292 2969 499 3027 cancianorum
524 2967 741 3026 intervallorum
765 2975 794 3026 et
816 2969 875 3025 situ
891 2968 1149 3043 tetrachordorum,
1173 2987 1224 3030 seu
1241 2967 1383 3034 electione
1405 2975 1518 3036 medie·

170 3059 257 3112 tatum
283 3055 419 3114 binarum
448 3054 679 3114 harmoniearum
708 3057 783 3114 inter
813 3072 845 3114 se
877 3054 1048 3116 differentia.
1094 3055 1167 3117 'I'res
1198 3060 1343 3118 nimirum,
1365 3071 1434 3121 sunt
1460 3072 1536 3137 res,

169 3156 240 3215 quae
262 3149 353 3202 tonos
376 3144 493 3203 variant
514 3145 647 3219 interque
671 3160 736 3202 sese
760 3141 956 3218 distinguunt:
988 3161 1094 3220 genus,
1118 3145 1238 3220 sequela
1260 3149 1466 3210 conclusorum
1488 3157 1518 3210 et

172 3228 335 3288 articulatio
358 3228 458 3289 sceleti
482 3247 517 3290 ex
540 3233 738 3289 consonantiis
761 3231 930 3290 minoribus.

249 3317 383 3375 Primum
405 3334 512 3393 genera
534 3317 602 3392 duo,
626 3335 689 3394 cap.
708 3319 735 3376 6.
759 3319 918 3376 constituta
935 3317 1086 3376 divisionis
1103 3322 1271 3395 systematis
1287 3329 1419 3397 octavae,
1444 3340 1516 3383 con·

166 3406 289 3462 stituunt
310 3405 396 3464 uobis
419 3405 493 3464 duos
515 3407 657 3482 principes
681 3413 710 3464 et
732 3413 836 3464 natura
858 3407 966 3481 primos
988 3415 1090 3479 tonos,
1114 3423 1181 3464 cum
1203 3409 1266 3482 ipso
1292 3426 1331 3468 sc
1356 3420 1515 3486 systemate

165 3493 247 3550 unius
270 3490 366 3551 solius
390 3498 513 3551 octavae
544 3501 631 3552 ortos.
677 3492 791 3552 Deinde
816 3495 843 3549 in
868 3500 992 3567 utroque
1014 3509 1120 3567 genere
1142 3498 1327 3569 systematis,
1358 3505 1419 3556 tam
1442 3497 1514 3558 duro

165 3597 249 3656 quam
271 3578 371 3652 molli,
403 3597 439 3639 ex
462 3583 672 3656 compositione
697 3581 819 3640 duomm
841 3579 982 3655 diapason
1009 3581 1038 3636 in
1062 3597 1150 3638 unum
1178 3582 1273 3656 majus
1302 3593 1332 3642 et
1346 3585 1514 3659 perlectum

163 3673 302 3744 systema,
326 3683 415 3742 quam
439 3668 609 3727 tradidimus
632 3672 727 3744 eapite
753 3671 800 3740 11,
826 3666 930 3725 dantur
951 3673 1111 3743 systemata
1126 3668 1317 3743 singularium
1333 3679 1514 3746 octavarum,

164 3754 327 3815 differentia
358 3752 506 3814 radicibus
537 3773 590 3815 seu
611 3758 707 3827 metis,
738 3756 845 3831 quibus
873 3753 1073 3828 includuntur3
1106 3763 1174 3812 sunt
1201 3763 1298 3814 autem
1326 3756 1395 3818 illae
1417 3767 1513 3820 metae

161 3829 225 3902 loca
247 3844 417 3920 systematis
448 3842 588 3902 naturalis
612 3842 747 3921 diversa,
775 3859 827 3902 seu
856 3841 996 3901 hodierno
1026 3841 1170 3901 vocabulo
1194 3842 1292 3903 claves
1316 3845 1393 3904 aliae
1423 3852 1512 3923 atque
1568 3920 1573 3934 1

161 3929 249 4003 aliae,
279 3946 354 4004 quas
383 3933 570 4005 consequitur
592 3933 756 3990 necessario
785 3929 901 3988 diverse
923 3929 1047 3988 altitudo
1071 3935 1203 4005 respectu
1234 3935 1401 4008 systematis
1423 3941 1513 3992 natu·

161 4017 238 4092 ralis,
263 4015 344 4094 quod
367 4033 386 4074 a
410 4014 437 4075 G
459 4021 576 4094 incipit,
600 4028 630 4077 et
651 4035 701 4094 per
723 4018 803 4074 illam
826 4017 958 4076 diversus
982 4019 1070 4076 etiam
1092 4019 1165 4075 situs
1187 4021 1343 4093 semitonii,
1366 4020 1445 4095 quod
1468 4028 1512 4080 est

160 4105 207 4164 vel
231 4106 321 4164 tertio
343 4103 392 4164 vel
415 4107 531 4179 penimo
563 4105 610 4164 vel
640 4108 697 4163 imo
720 4104 785 4162 loco
809 4112 941 4164 octavae.
987 4105 1062 4164 Nem
1091 4104 1169 4181 quod
1192 4109 1297 4166 attinet
1325 4104 1510 4180 altitudinem

161 4193 255 4267 ipsam
286 4193 421 4252 absolute
444 4191 671 4270 consideratam,
704 4189 755 4249 illa
783 4205 834 4267 per
862 4209 894 4251 se
923 4191 995 4250 nihil
1018 4200 1111 4251 mutat
1140 4195 1266 4268 speciem
1295 4200 1411 4267 cantus,
1446 4210 1512 4255 eum

160 4279 263 4340 eadem
287 4281 399 4354 species
423 4280 470 4340 vel
493 4279 551 4339 alte
573 4281 667 4354 possit
695 4280 819 4336 intonari
849 4280 897 4338 vel
920 4279 1074 4341 humiliter.
1118 4279 1221 4356 Neque
1244 4280 1450 4357 adstringimur
1472 4283 1509 4342 ad

158 4366 224 4442 lroe,
247 4374 283 4426 ut
305 4374 440 4426 tonorum
462 4367 638 4442 reliquorum
667 4364 815 4424 dimidiam
845 4374 956 4442 partem
979 4385 1127 4426 sumamus
1160 4384 1225 4427 cum
1247 4367 1417 4429 Ptolemaeo
1439 4387 1510 4446 pro-

158 4453 324 4515 landiorem
352 4462 509 4531 systemate
536 4453 735 4529 Gprincipali
758 4463 788 4512 et
809 4453 951 4528 naturali,
984 4452 1133 4514 dimidiam
1160 4453 1301 4513 altiorem.
1347 4457 1507 4518 Possumus

159 4545 236 4601 enim
261 4540 311 4601 vel
334 4557 433 4602 omnes
457 4542 590 4614 altiores,
622 4540 669 4600 vel
697 4556 796 4599 omues
824 4540 993 4600 humiliores
1015 4559 1144 4612 sumere,
1180 4541 1344 4602 cumidem
1374 4547 1508 4622 utrinque

158 4635 301 4706 sequatur
324 4629 394 4688 ordo
417 4633 632 4702 concinnerum,
656 4637 724 4686 tunc
745 4628 895 4700 nimirum,
926 4630 950 4686 ei
973 4635 1103 4705 systema
1126 4626 1249 4704 duplicis
1272 4638 1395 4692 octavae
1418 4639 1508 4694 natu·

159 4716 260 4778 raliter
283 4719 475 4793 compositum
498 4719 617 4792 incipiat
639 4733 658 4774 a
681 4715 757 4776 clavi
783 4712 819 4774 G.
865 4715 905 4773 nt
927 4717 953 4772 si
975 4722 1087 4790 partem
1110 4713 1294 4792 humiliores,
1325 4710 1438 4797 partem
1461 4719 1507 4780 el·

159 4806 247 4864 tiores
272 4803 412 4864 iaciamus
435 4821 499 4864 cum
521 4803 706 4877 Ptolemaeo,
738 4809 865 4870 systema
887 4803 1019 4862 naturale
1049 4806 1091 4862 sic
1114 4805 1168 4862 erit
1195 4807 1440 4882 componendum,
1474 4813 1508 4866 ut

159 4891 235 4951 inira
260 4891 394 4968 diapente
417 4890 572 4966 addamus,
602 4909 690 4967 supra
713 4889 909 4963 diatessaron,
934 4898 970 4963 ¹et
1001 4892 1042 4950 sie
1073 4898 1203 4968 systema
1225 4897 1418 4970 compositum
1450 4892 1507 4953 du·

1286 4997 1351 5056 12*
