3698 5534
268 323 333 385 1100
655 323 698 376 De
715 322 838 380 Motibus
852 295 1025 380 Plenetsrutn
1042 321 1221 380 modicis.

267 501 328 576 pite
354 501 403 560 16.
425 503 617 579 proprietates
639 503 728 562 basso
750 503 851 562 tribuit
874 521 945 567 usus
967 503 1157 581 vindicatque
1179 505 1302 574 natura,
1326 499 1445 562 easdem
1468 499 1613 577 quodam·

267 586 354 648 modo
377 586 520 650 Saturnus
541 597 571 651 ot
592 590 708 667 Jupiter
729 591 861 667 obtinent
884 594 912 650 iu
934 591 1027 666 coelo,
1051 609 1125 668 quas
1147 591 1254 660 1111111,
1278 607 1331 648 nos
1353 593 1383 648 in
1406 589 1502 650 Marte
1524 591 1610 662 iure·

267 677 380 750 nimus,
413 694 487 753 quos
509 678 587 757 alto,
616 695 668 738 eae
691 681 790 738 insunt
812 681 840 736 iu
864 662 982 740 Tellbro
1005 688 1034 740 et
1056 679 1186 752 Venere,
1221 694 1296 752 quas
1318 675 1466 750 discanto,
1497 674 1614 736 easdem

267 762 366 830 nabet,
379 763 551 838 Mercurius,
581 766 605 824 si
628 783 685 825 non
709 765 889 842 aequalitate
911 765 1138 846 intervallorum,
1163 773 1194 826 at
1217 771 1294 826 certe
1315 766 1511 841 proportione.
1556 761 1615 824 Ut·

269 868 384 927 cunque
407 855 484 937 enim
507 855 630 931 propriis
653 871 689 913 11
712 855 810 936 causis
833 851 937 933 capitei
951 855 1086 930 sequenti
1110 853 1292 914 deducantur
1313 851 1456 929 cujusquo
1478 851 1615 930 planetae

269 941 498 1000 eemnuieitates
526 947 555 1000 et
585 957 637 1017 per
665 957 715 1001 eas
743 943 859 1018 propria
889 938 1032 1021 cujusque
1055 929 1186 1001 motu'um
1209 940 1380 1014 intervalia,
1413 939 1486 999 iliud
1517 945 1616 998 tamen

267 1025 336 1088 inde
357 1025 481 1088 resultat
502 1027 681 1103 admirabile,
704 1045 759 1089 nec
780 1031 842 1089 scio
864 1047 902 1088 au
924 1044 984 1090 non
1001 1031 1088 1107 juxta
1110 1035 1295 1106 procuratum
1310 1045 1364 1088 nee
1385 1044 1464 1087 mere
1484 1026 1616 1086 necessi·

268 1121 362 1176 tatum
384 1121 654 1193 temperamentum,
685 1116 764 1193 quod
789 1111 823 1199 1)
846 1113 879 1177 r'rt
900 1116 961 1178 alto
982 1115 1096 1178 bassus·
1115 1118 1286 1196 opponitur,
1321 1117 1364 1175 sic
1392 1114 1450 1175 duo
1479 1114 1617 1192 planetae

269 1209 346 1276 sunt,
369 1204 420 1278 qui
442 1203 493 1264 alti
515 1210 649 1264 naturam
671 1204 791 1278 babent,
815 1204 872 1264 duo
895 1206 946 1281 qui
968 1205 1057 1276 bassi,
1083 1204 1165 1265 velut
1186 1207 1214 1263 iu
1232 1202 1363 1280 quolibet
1383 1218 1489 1280 genere
1512 1208 1616 1262 cantum

269 1291 405 1366 utrinqne
426 1309 511 1365 unus,
536 1299 695 1352 ceterarum
717 1292 897 1367 singularum
914 1308 1019 1353 vocum
1038 1293 1164 1370 singuii3
1187 1291 1325 1368 quodque
1342 1287 1373 1370 2)
1388 1297 1420 1350 ut
1442 1290 1520 1350 altus
1541 1305 1615 1366 pene

269 1395 421 1454 supremus
443 1381 473 1437 iu
497 1381 639 1456 angustiis
661 1385 714 1453 est,
737 1382 909 1440 necessariis
942 1387 972 1440 et
1001 1373 1184 1442 naturalibus
1207 1379 1243 1438 de
1266 1381 1377 1451 causis,
1409 1377 1461 1437 lib.
1483 1376 1539 1436 ΠΙ.
1563 1395 1616 1436 ex·

268 1465 394 1544 plicatis,
417 1468 460 1527 sie
482 1485 556 1543 pene
577 1469 670 1525 intimi
693 1466 846 1545 planetae,
872 1467 963 1532 Terra
985 1475 1015 1528 et
1037 1467 1153 1541 Venus,
1177 1467 1384 1542 angustissime
1406 1473 1538 1524 motuum
1559 1461 1617 1524 ba-

268 1554 340 1614 bent
362 1553 534 1630 intervalla,
566 1553 669 1614 Tellus
691 1571 749 1614 uon
773 1554 865 1615 multo
896 1554 962 1631 pius
982 1556 1156 1629 semitonio,
1186 1554 1287 1614 Venus
1309 1570 1346 1612 ne
1370 1552 1462 1613 diesin
1484 1551 1617 1630 quidem3

271 1637 307 1722 3)
331 1649 360 1700 et
382 1648 416 1701 ut
437 1649 521 1702 tenor
542 1642 617 1702 liber
638 1650 690 1709 est.
714 1643 845 1704 modeste
869 1650 965 1702 tamen
988 1644 1116 1720 incedit,
1137 1645 1179 1702 sin
1201 1641 1290 1715 Mars,
1314 1657 1373 1698 uno
1395 1640 1541 1700 Mercurio
1565 1657 1618 1698 ex-

199 1750 203 1763 ·
270 1736 364 1805 cepto,
388 1732 546 1788 maximum
569 1729 765 1804 intervalium,
788 1725 901 1790 scilicet
923 1727 1069 1810 diapente,
1093 1732 1186 1791 iacere
1210 1736 1324 1810 potest3
1349 1724 1385 1809 t)
1408 1736 1437 1787 et
1460 1735 1491 1786 ut
1514 1728 1618 1788 bassus

270 1816 456 1876 harmonicus
479 1817 572 1877 saltus
595 1813 738 1890 iacitssic
761 1818 904 1878 Satumns
927 1827 957 1880 et
978 1818 1095 1896 Jupiter
1118 1816 1274 1878 intervalla
1296 1817 1429 1875 obtinent
1451 1813 1620 1874 harmonica

271 1905 385 1981 ipsique
410 1907 484 1964 inter
506 1923 539 1966 se
561 1923 580 1965 a
601 1905 741 1983 diapason
765 1922 858 1982 usque
882 1905 1078 1990 addiapeute
1101 1905 1292 1983 epidinpason
1316 1905 1451 1979 veniunt,
1484 1900 1514 1982 5)
1537 1910 1566 1961 et
1588 1910 1621 1960 ut
1742 1973 1747 1980 ι

272 1989 420 2051 discantur
443 1992 607 2053 liberrimus
631 1993 886 2072 est,p1usquam
908 2011 1009 2054 omnes
1031 1995 1146 2071 reliqui,
1169 1993 1305 2069 idemque
1328 1997 1357 2051 et
1379 1988 1554 2064 celerrimus,
1577 1993 1621 2048 sic

272 2079 360 2139 etiam
389 2079 552 2140 Mercurius
580 2080 736 2156 plusquam
769 2082 911 2158 diapason
942 2081 1120 2142 brevissimo
1153 2081 1248 2141 reditu
1277 2077 1481 2156 perambulare
1512 2085 1620 2154 potest.

272 2165 331 2227 Sed
353 2168 393 2227 sit
414 2168 472 2228 boc
493 2186 564 2229 sano
586 2185 638 2246 per
660 2167 811 2245 aecide'ne3
831 2168 984 2233 audiamus
1007 2186 1085 2230 nuuc
1107 2170 1355 2230 eceentricitatum
1378 2183 1492 2227 causas

750 2449 753 2463 ·
841 2341 981 2477 untur
1007 2402 1061 2476 ix.

278 2534 423 2634 ί’011111
441 2549 789 2606 eccentricitatum
807 2549 842 2604 in
860 2529 1035 2620 planetis
1054 2547 1226 2620 singulis
1244 2563 1286 2603 ex
1304 2545 1590 2620 procuratione

597 2627 1303 2720 harmoniaruminter'eorummotns.
1399 2635 1411 2656 ‘

300 2795 302 2800 ·
362 2776 436 2838 (ium
458 2781 547 2856 igitur
570 2781 731 2856 videamus,
746 2782 922 2843 barmoniae
936 2781 1118 2844 universales
1131 2784 1261 2842 omnium
1283 2797 1336 2840 sex
1355 2779 1541 2856 planetarum
1563 2793 1623 2839 non

274 2871 384 2926 temore
406 2883 494 2943 posse
516 2871 645 2949 evenire,
666 2873 836 2949 praesertim
851 2886 903 2948 per
917 2875 1114 2932 extremitates
1127 2877 1269 2936 motuum,
1291 2873 1365 2944 quas
1380 2867 1507 2926 vidimus
1523 2881 1624 2926 omnes

220 2983 227 2990 -
275 2964 446 3014 concurrere
469 2954 507 3014 ad
520 2958 714 3018 unirersaIes
735 2957 911 3032 harmonias,
935 2963 1063 3038 exeeptis
1087 2958 1209 3032 duabus,
1234 2973 1309 3032 qnae
1325 2955 1363 3014 ad
1386 2958 1533 3032 proximas
1555 2957 1624 3014 uni-

275 3038 441 3100 versalibus
463 3037 688 3119 cnrrcurrebant,
720 3059 787 3104 eum
809 3045 902 3106 multo
924 3047 1020 3106 minus
1043 3054 1149 3106 temere
1179 3046 1274 3123 possit
1295 3041 1441 3115 1111111111,
1471 3049 1504 3101 ut
1526 3043 1624 3101 omnia

273 3127 342 3188 ioca
364 3133 533 3206 systematis
556 3139 695 3206 octavae,
720 3135 879 3191 constituta
901 3132 976 3192 libro
1000 3134 1084 3194 tortio
1106 3145 1159 3210 per
1180 3131 1324 3192 sectiones
1346 3129 1539 3204 harmonicas,
1562 3133 1625 3205 sig-

275 3221 387 3276 nentur·
403 3221 636 3280 extremitatibus
659 3227 791 3280 meorum
812 3219 1055 3296 planetariorum,
1079 3225 1207 3281 omnium
1226 3225 1301 3278 uero
1323 3219 1450 3290 minime,
1472 3225 1507 3277 nt
1529 3219 1626 3277 subti-

275 3305 419 3364 lissimum
442 3308 592 3382 negotium
616 3307 810 3369 distinctionis
833 3307 1048 3369 harmoniarum
1070 3309 1240 3369 coelestium
1254 3309 1285 3364 in
1301 3305 1360 3364 duo
1382 3321 1498 3378 genera,
1523 3304 1625 3363 durum

276 3397 306 3451 et
328 3391 425 3466 molle,
450 3411 520 3453 casu
542 3397 704 3472 proveniat,
727 3397 789 3454 sine
812 3413 882 3454 cura
904 3395 1046 3474 singulari
1070 3396 1197 3474 opificis:
1219 3395 1351 3472 sequitur
1374 3395 1462 3470 igitur
1485 3393 1625 3451 1110111-

275 3487 329 3554 tor,
353 3481 515 3557 sapieutiae
540 3485 633 3542 omnis
656 3484 729 3558 ioue,
753 3483 931 3560 approbator
954 3483 1062 3544 111111ιί1
1084 3493 1250 3561 perpetuus,
1274 3481 1421 3558 scaturigo
1444 3481 1622 3556 geometriae

275 3575 304 3628 et
326 3567 508 3630 harmonicas
531 3579 650 3632 aeterna
673 3580 703 3632 et
724 3572 990 3648 superessentialis,
1022 3581 1054 3632 ut
1075 3572 1138 3644 bie,
1170 3573 1299 3647 iuquam,
1323 3569 1493 3629 coelestium
1517 3565 1622 3643 Opiiex

274 3657 439 3733 ipsissimus
459 3657 645 3720 harmonicas
666 3661 879 3736 proportiones,
901 3668 982 3720 ortes
1003 3677 1039 3719 11
1063 3660 1163 3734 liguris
1186 3658 1280 3737 planis
1300 3654 1492 3732 regularibus,
1515 3655 1624 3730 adjun-

275 3745 349 3803 11111
371 3743 409 3803 ad
431 3743 541 3806 solidas
564 3748 693 3823 quinque
715 3746 824 3822 figuras
845 3747 996 3823 regulares
1020 3765 1113 3823 exque
1137 3753 1258 3821 11111111
1280 3743 1374 3814 classe
1397 3760 1487 3802 unum
1508 3743 1624 3820 perlec-

274 3831 418 3890 tissimum
442 3833 630 3910 archetypum
646 3833 793 3894 coelorum
809 3836 1042 3907 conformaverit,
1066 3839 1093 3892 in
1111 3852 1180 3912 que,
1202 3835 1278 3891 sicut
1300 3848 1351 3907 per
1368 3829 1478 3890 solidas
1494 3833 1624 3907 quinquo

272 3917 400 3994 danas,
428 3919 512 3980 ideae
535 3920 697 3981 relucerent
720 3921 850 3993 orbium,
879 3923 986 3996 quibus
1009 3940 1060 3982 sex
1084 3919 1186 3982 stelias
1208 3918 1372 3990 rehrmmr,
1396 3921 1440 3978 sic
1462 3920 1551 3978 etiem
1573 3935 1626 3994 per

274 4005 427 4083 planarum
449 4007 606 4082 figurarum
628 4009 757 4082 soboles,
781 4010 948 4069 barmoniae
970 4006 1069 4090 [libro¹
1085 4011 1169 4068 tertio
1185 4025 1222 4066 11
1237 4008 1273 4066 111
1296 4001 1459 4080 deductae),
1482 4007 1625 4068 111111111-

275 4095 397 4154 citatum
408 4096 449 4156 iu
472 4095 595 4168 singulis
618 4097 739 4157 orbibus
761 4112 914 4158 mensurae
936 4095 975 4155 ad
989 4103 1086 4155 motus
1101 4111 1254 4170 corporum
1275 4093 1540 4171 proportionandos
1555 4109 1626 4154 con-

276 4182 445 4256 tinerentur,
468 4198 566 4258 exque
583 4183 631 4243 bis
655 4183 770 4243 duabus
785 4184 873 4243 rebus
888 4185 1191 4260 contemperationem
1206 4183 1289 4247 flaret
1310 4189 1340 4242 et
1362 4182 1488 4258 majores
1509 4181 1624 4241 orbium

275 4271 478 4345 proportiones
506 4271 667 4330 minoribus
690 4273 951 4344 eceentricitatum,
975 4271 1015 4331 ad
1037 4270 1202 4330 barmoniae
1225 4269 1422 4345 procurandas
1444 4269 1627 4330 1111111111-

276 4371 348 4424 rum,
372 4356 505 4418 nonnihil
528 4357 735 4431 concederent,
758 4365 789 4418 et
812 4361 940 4420 vicissim
963 4377 1000 4422 11
1022 4358 1261 4438 proportionibus
1281 4357 1458 4418 harmonicis
1480 4357 1550 4418 illae
1571 4373 1627 4434 pe-

276 4443 421 4504 tissimum
442 4444 569 4520 planetis
592 4445 896 4518 accommodarentur,
926 4465 1003 4526 quae
1030 4465 1097 4507 oum
1124 4445 1220 4508 solida
1254 4462 1371 4520 queque
1398 4445 1493 4520 ligura
1515 4461 1627 4518 cogna-

277 4530 388 4588 tionem
408 4533 550 4608 majorem
571 4531 728 4606 baberent,
758 4551 819 4610 qus
842 4535 872 4592 id
895 4551 946 4611 per
969 4535 1134 4596 harmonias
1157 4534 1217 4594 fleri
1249 4535 1362 4611 potuit,
1392 4549 1487 4608 eaque
1510 4529 1627 4590 undem

277 4615 391 4676 ratione
412 4625 444 4676 et
464 4622 669 4698 proportiones
684 4621 800 4682 orbium
815 4631 844 4682 et
867 4621 1047 4698 singulorum
1064 4623 1292 4684 cecentrioitstes
1306 4634 1344 4682 11
1365 4619 1524 4696 archetypo
1538 4617 1626 4678 simul

277 4709 490 4774 monumentor.
513 4725 549 4768 ax
571 4709 686 4770 orbium
707 4727 779 4772 vero
802 4709 995 4788 amplitudine
1008 4718 1039 4772 et
1053 4709 1130 4774 mele
1150 4725 1304 4794 eorpomm
1326 4707 1475 4796 periodica
1495 4711 1628 4786 tempora

272 4787 459 4868 singularam
477 4794 663 4858 mutuent.
710 4865 714 4873 ,
