3480 5548
261 387 302 446 ³6
638 378 782 450 Epistulae
799 378 910 448 Kapleri
924 377 1093 448 aliorumque
1110 385 1221 436 mutuae

174 621 180 630 ,
262 563 489 638 comparaveris:
520 567 632 620 cortem
662 561 761 620 duram
792 567 821 619 et
850 565 962 618 certam
984 556 1108 618 mollem.
1153 556 1316 636 Coniuncta
1337 555 1425 618 diaria
1455 563 1485 619 et
1513 559 1602 617 aemi·

263 653 381 723 ionium,
408 643 448 734 ἓξ
472 657 501 708 et
522 647 578 733 33,
601 647 725 726 efficient
750 647 803 730 3„
833 655 933 706 tonum
956 649 1102 707 minorem
1148 644 1207 706 Sed
1234 650 1308 706 inter
1337 653 1436 706 tonum
1463 648 1602 704 minorem

263 746 293 798 et
314 739 467 812 majorem,
491 735 534 820 1⁹„-
556 745 586 796 et
609 735 643 818 3,
665 739 784 796 intereat
804 730 864 817 33,
897 732 976 810 quod
1006 749 1147 792 comma
1172 733 1298 811 appello.
1345 735 1484 793 ablatum
1513 735 1602 792 aemi·

263 828 374 885 ionium
388 823 431 910 ἦ
453 841 471 882 a
486 831 555 883 tono
570 824 679 899 majora
696 819 713 906 3
731 822 867 896 relinquit
890 821 981 881 diesin
995 827 1024 880 at
1039 837 1161 895 comma,
1186 821 1261 898 qnae
1272 812 1374 891 iuncta
1387 829 1455 880 eunt
1471 819 1604 880 lemma

262 930 315 972 eea
338 913 458 987 major
482 911 614 970 diesia.
660 907 882 970 Constituantur
910 910 999 984 igitur
1028 907 1183 968 intervalla
1204 909 1277 969 haec
1305 909 1603 986 praeterharmonica:

183 993 187 1001 ’
264 1008 350 1060 tonus
372 1001 479 1075 major,
503 997 610 1070 minor,
634 999 834 1073 pemitonium,
858 997 979 1070 lemma,
1003 993 1106 1070 diaria,
1131 1013 1252 1066 comma.
1299 997 1342 1056 Er
1364 997 1409 1056 hie
1431 1005 1535 1056 natura
1556 1013 1604 1055 re·

196 1132 198 1140 .
263 1087 366 1165 pudiat
388 1087 491 1146 ultima
513 1084 570 1145 duo
593 1087 665 1144 inter
688 1085 859 1158 canendum,
883 1089 925 1144 eie
947 1090 979 1142 ut
999 1099 1058 1142 non
1082 1099 1208 1148 erremus
1230 1101 1281 1159 per
1302 1084 1374 1145 baec
1392 1083 1547 1144 intervalla
1569 1101 1605 1142 ex

264 1193 324 1235 una
347 1191 418 1236 voce
440 1177 469 1232 in
492 1172 580 1232 aliam
602 1172 785 1234 immediate..
820 1171 894 1231 Sunt
917 1173 993 1232 enim
1016 1170 1192 1231 differentiae
1217 1188 1275 1231 non
1297 1171 1524 1245 harmoniarum,
1554 1169 1606 1230 aad

180 1253 187 1282 '
265 1259 497 1340 imperfectorum
519 1260 737 1321 intervallorum
758 1261 910 1319 minorum.
934 1258 1000 1318 ·1ta
1021 1258 1061 1332 lit,
1087 1267 1117 1318 ut
1139 1261 1218 1334 priua
1242 1258 1415 1320 connitatur
1437 1259 1605 1318 harmoniae

265 1347 488 1410 subdividantur
511 1351 539 1407 in
561 1347 635 1408 baec
653 1348 715 1424 jam
738 1349 897 1408 constituta
918 1345 1081 1407 intervalla.
1126 1345 1201 1406 Nam
1224 1350 1308 1407 tertia
1330 1346 1426 1406 mollia
1449 1343 1502 1432 (3)
1526 1362 1607 1406 oom-

265 1441 381 1514 ponitur
403 1454 438 1496 ex
461 1445 531 1496 tono
553 1435 663 1512 majore
685 1433 728 1518 (3)
750 1443 780 1496 et
802 1436 955 1495 semitonio
977 1430 1032 1518 (33
1053 1452 1061 1508 3
1092 1435 1178 1492 tertia
1200 1433 1272 1494 dura
1293 1431 1337 1521 (ᾖ)
1360 1452 1395 1495 ex
1417 1438 1527 1494 minore
1542 1430 1607 1517 (1⁹5)

266 1533 296 1584 et
318 1525 428 1602 majore
450 1521 502 1608 (3).
546 1522 623 1581 Hinc
649 1522 710 1582 illie
731 1539 837 1583 nomen
860 1527 908 1584 δια
930 1542 1033 1600 uptun,
1064 1520 1169 1580 latine:
1198 1524 1300 1598 tertia3
1332 1521 1389 1585 dno
1413 1524 1488 1582 enim
1517 1524 1607 1580 inter-

266 1612 346 1672 valla
378 1619 435 1673 trae
467 1611 617 1686 requirunt
647 1613 793 1671 terminon.
838 1608 886 1668 Sic
917 1617 1020 1686 quarta
1050 1607 1096 1668 vel
1119 1613 1166 1669 deu
1187 1629 1336 1688 recoopna
1363 1613 1545 1687 componitur
1572 1627 1608 1668 ex

267 1709 336 1760 tono
359 1698 478 1775 majore,
501 1700 612 1758 minore
634 1707 664 1756 et
686 1699 853 1773 semitoni03
876 1695 1038 1772 multiplice
1060 1697 1136 1754 enim
1159 1695 1216 1779 ἦ,
1240 1695 1261 1778 3
1283 1706 1313 1757 et
1333 1697 1377 1784 Η
1399 1699 1428 1756 in
1450 1714 1481 1758 ee
1495 1706 1607 1772 mutuo,

267 1786 364 1864 prodit
386 1786 423 1870 ξς
447 1795 535 1862 atquo
557 1787 595 1846 ab
617 1785 662 1844 bie
686 1788 704 1844 3
727 1783 889 1844 intervallis
919 1784 992 1843 baec
1013 1783 1218 1842 concordantia
1249 1784 1352 1844 dicitnr
1383 1791 1429 1846 δια
1451 1783 1616 1863 nonoque,

268 1883 393 1951 quatuor
416 1873 492 1932 enim
514 1875 593 1932 eonio
622 1872 721 1934 ordina
752 1875 808 1932 tria
828 1870 983 1932 intervalla
1011 1872 1232 1930 couetituuntur.
1277 1871 1326 1931 sie
1352 1879 1401 1936 dra
1422 1893 1505 1933 nene
1536 1889 1608 1932 oon·

267 1969 327 2022 stat
349 1965 367 2020 2
392 1963 468 2020 tonis
489 1960 657 2038 majoribus,
680 1977 739 2020 uno
761 1960 864 2020 minori
887 1967 917 2018 et
930 1960 1093 2032 semitonio,
1116 1975 1191 2035 qnae
1206 1965 1273 2018 aunt
1296 1958 1493 2032 diuturnalla,
1518 1961 1610 2018 bro-

269 2066 326 2108 cca.
371 2047 421 2110 Sic
443 2045 474 2110 δι’
500 2045 531 2121 ἐξ
555 2047 602 2108 vel
624 2056 715 2119 sexta,
740 2049 759 2105 b
782 2045 953 2118 intervallis,
978 2048 996 2106 6
1021 2047 1160 2118 vocibus,
1184 2055 1214 2106 et
1229 2045 1354 2123 deniqne
1377 2054 1424 2108 δια
1439 2045 1609 2108 maurnai

270 2143 391 2211 octava,
417 2139 434 2193 i
457 2134 635 2209 intervallis,
660 2137 678 2194 8
702 2135 824 2194 vocibus
846 2139 967 2194 conant.

355 2215 650 2297 Notandum'autem,
673 2241 691 2282 a
714 2231 798 2282 serta
819 2224 849 2279 in
872 2231 1007 2286 octavam
1029 2235 1180 2296 eupereeae
1203 2223 1335 2298 tertiam3
1358 2231 1387 2282 et
1404 2224 1474 2297 qnia
1497 2219 1610 2296 reliqua

270 2311 426 2373 intervalla
446 2329 497 2388 per
520 2303 766 2387 comparationem
787 2310 1001 2372 harmoniarum
1023 2305 1254 2381 subdividuntur,
1278 2307 1315 2368 ad
1337 2325 1436 2370 eorum
1458 2311 1547 2384 igitur
1567 2309 1609 2366 ei-

271 2391 462 2460 milit'udinem
491 2405 519 2458 ei
549 2397 605 2458 hoc
635 2396 819 2462 intervallum
846 2369 1016 2456 aurulenta
1045 2391 1247 2454 subdividitur.
1292 2394 1358 2470 Quo
1386 2398 1463 2456 lacto
1493 2411 1611 2454 neumae

272 2493 325 2560 eol,
349 2487 421 2546 duos
445 2495 529 2546 tonos
551 2486 678 2561 majorae
701 2483 866 2544 immediate
889 2500 920 2543 ee
942 2489 1043 2542 mutuo
1066 2483 1213 2558 oonaequi,
1237 2484 1274 2543 ab
1292 2481 1398 2560 Finp
1419 2491 1449 2544 at
1463 2501 1515 2558 ap
1535 2485 1566 2540 in
1581 2501 1610 2542 o.

271 2573 375 2650 Itaque
397 2572 618 2634 concordantiae
647 2591 666 2631 a
692 2570 816 2647 singulis
845 2569 944 2630 ordine
966 2569 1087 2630 vocibus
1115 2571 1246 2647 inceptae
1267 2574 1331 2631 ‘non
1353 2577 1471 2632 manent
1495 2571 1611 2646 penitus

272 2660 419 2738 aequales,
443 2661 495 2720 aed
518 2659 652 2718 differunt
675 2675 732 2716 uno
755 2664 905 2717 commate.
943 2657 1040 2733 Atque
1061 2655 1135 2716 baec
1157 2658 1333 2734 imperiectio
1352 2657 1539 2735 postmodum
1561 2657 1611 2718 dat

273 2748 456 2810 occasionem
479 2747 656 2806 differentiae
677 2754 819 2819 tonorum,
843 2763 964 2821 quorum
986 2742 1036 2804 alii
1059 2744 1138 2820 laeti,
1162 2744 1213 2812 alii
1235 2747 1356 2822 queruli.

357 2836 449 2894 Pera
472 2836 601 2894 tertia.
645 2837 694 2892 De
717 2835 912 2894 discrimine
933 2839 1100 2892 tonorum.
1145 2831 1218 2892 'lter
1247 2841 1315 2892 anot
1341 2851 1447 2895 cauam
1469 2831 1612 2893 ditorimi-

273 2930 376 2983 nantee
399 2929 493 2982 tonna.
537 2919 643 2994 Prima,
667 2935 732 2980 eum
755 2927 861 2980 cctam
883 2927 995 2980 constet
1016 2937 1052 2980 ex
1074 2920 1176 2996 quinta
1198 2928 1227 2980 at
1250 2929 1369 2997 quarta,
1400 2924 1428 2980 in
1452 2919 1511 2980 alid
1541 2927 1612 2982 tono

273 3013 376 3086 quinta
398 3017 442 3070 eet
464 3009 596 3068 inferiora
618 3007 692 3082 loce,
716 3006 774 3068 alio
797 3016 910 3084 quarta.
948 3005 1035 3083 Quod
1056 3008 1099 3066 aio
1113 3007 1344 3084 intelligendum:
1369 3015 1544 3084 cantua‘per
1565 3009 1614 3066 in·

273 3096 397 3157 tervalla
418 3095 581 3156 aemulatur
607 3095 840 3155 concordantiae.
881 3095 957 3154 Nam
983 3111 1043 3154 nna
1066 3111 1124 3153 vox
1144 3111 1202 3154 non
1230 3105 1327 3172 potest
1356 3097 1469 3156 causari
1491 3111 1613 3155 concor·

274 3185 418 3257 dantium,
441 3190 556 3260 oportet
582 3181 655 3241 duae
685 3199 861 3242 concurrere.
906 3181 993 3258 Quod
1022 3183 1109 3259 igitru
1131 3199 1206 3242 uuus
1228 3183 1315 3244 bomo
1343 3183 1446 3246 eodem
1467 3189 1614 3243 momento

274 3288 332 3332 non
354 3278 464 3347 puteat,
495 3273 634 3346 temporis
656 3277 749 3330 tractu
771 3270 870 3329 atudet
891 3273 1063 3346 exprimere,
1087 3268 1222 3330 ealmndo
1244 3271 1281 3330 eh
1300 3288 1359 3332 una
1373 3289 1446 3332 voce
1467 3288 1520 3346 per
1539 3285 1614 3330 con·

274 3366 358 3420 aneta
382 3357 537 3419 intervella
558 3356 596 3418 ad
620 3373 722 3418 vocem
745 3357 975 3432 concordantem,
999 3361 1087 3432 inque
1109 3373 1145 3418 ea
1167 3359 1281 3418 oberrat
1300 3348 1465 3418 notabiliter
1479 3359 1615 3434 aaepiue-

275 3464 332 3522 que
354 3447 393 3506 ab
416 3464 452 3506 ea
481 3463 533 3508 eeu
562 3461 651 3522 acopo
678 3453 757 3505 tacto
783 3445 858 3505 redit
887 3447 917 3503 in
938 3447 1043 3521 priora.
1089 3443 1173 3503 Alius
1195 3447 1283 3522 igitur
1309 3455 1394 3506 tonue
1417 3453 1462 3506 eet
1488 3462 1554 3504 cnm
1577 3443 1615 3504 ad

236 3553 239 3560 ·
275 3541 417 3609 quartam,
440 3532 516 3593 aliua
538 3531 664 3592 eumad
686 3535 817 3609 quintam
840 3532 1018 3616 collimatur:
1053 3531 1196 3592 Vtrumne
1213 3533 1352 3608 panciroli
1379 3534 1483 3594 lauder
1503 3536 1615 3592 immo-

275 3623 337 3680 lent
362 3621 535 3694 Ohrr'ationi,
559 3637 658 3696 upana
679 3621 803 3680 redemit
825 3638 901 3680 ovea.
944 3618 1003 3679 Hic
1024 3621 1126 3695 quinta
1147 3619 1207 3694 rel,
1233 3620 1311 3697 quod
1333 3621 1423 3695 idem,
1457 3619 1532 3680 duae
1555 3628 1617 3680 ter-

274 3711 333 3770 tiae
355 3717 424 3768 aunt
447 3708 578 3770 inferiore
602 3707 777 3784 loco„quod
800 3716 916 3769 notamr
937 3706 1071 3784 syllable:
1099 3708 1186 3781 ciet.·,
1218 3707 1318 3783 lond,
1346 3712 1445 3783 imon,
1468 3709 1538 3776 utet,
1562 3726 1615 3782 on,

274 3799 300 3872 a',
316 3809 409 3874 'opn.,
430 3795 512 3871 red„
534 3812 590 3854 ena

305 3909 308 3915 ,
362 3883 465 3944 Altera
493 3900 582 3942 causa
610 3889 668 3954 eat,
703 3900 768 3942 cnm
797 3879 885 3940 derue
917 3887 1019 3942 centua
1046 3879 1202 3958 promolli
1229 3883 1360 3945 sumitur.
1404 3882 1519 3956 Tertia,
1549 3899 1617 3947 cnm

276 3986 369 4049 parra
394 3969 547 4031 intervalla
574 3979 642 4028 eunt
670 3972 795 4043 inferiori
826 3969 871 4028 rel
903 3965 1043 4045 euper'iori
1072 3966 1147 4028 loco.
1198 3967 1308 4044 Quarta
1336 3969 1474 4032 accedere
1503 3978 1615 4047 potest:

277 4077 342 4118 enm
365 4059 403 4118 ad
426 4057 644 4119 concordantiae
667 4059 808 4134 per-sertas
832 4054 880 4116 vel
901 4057 1084 4132 imperfectae
1105 4055 1269 4116 collimatur
1288 4057 1427 4120 canendo.
1466 4056 1616 4134 Quidquid

214 4193 219 4210 .
277 4155 375 4211 autem
397 4145 485 4205 hodie
512 4163 548 4204 ex
562 4151 673 4205 'natura
702 4145 830 4221 depromi
857 4151 957 4219 potest
983 4141 1021 4203 ad
1050 4141 1272 4219 explicationem
1300 4161 1438 4221 generum
1466 4145 1615 4220 diatonici,

277 4235 446 4306 enarmonii,
470 4231 650 4307 chromatici,
679 4235 707 4291 in
731 4250 790 4308 qua
811 4233 932 4291 materia
955 4237 1066 4292 veterea
1095 4231 1178 4293 multi
1204 4241 1284 4292 aunt:
1314 4231 1344 4290 id
1366 4241 1437 4310 puto
1469 4251 1505 4293 ex
1528 4249 1616 4294 caum

277 4319 406 4380 secunda
427 4318 474 4400 (dc
498 4329 584 4380 cantu
608 4319 678 4378 duro
701 4328 730 4378 et
752 4315 847 4398 molli)
867 4315 1013 4395 etiamque
1035 4326 1139 4394 quarta
1159 4319 1343 4397 petendum.-

364 4407 415 4466 De
437 4415 570 4482 quarta
592 4415 714 4484 parte,
739 4415 771 4466 ut
789 4407 853 4482 jam
874 4409 1062 4483 praemiacum
1084 4415 1137 4482 eet,
1160 4417 1261 4484 parum
1282 4405 1376 4467 dicere
1390 4425 1527 4486 poaaum3
1549 4406 1615 4468 ideo

278 4497 308 4553 in
334 4512 471 4571 praesens
498 4495 570 4554 nibil
593 4494 697 4556 dicam.
742 4493 875 4570 Epistola
902 4497 978 4554 enim
1008 4502 1055 4554 eat
1075 4495 1189 4571 prolixa
1218 4501 1270 4554 eet.
1315 4493 1352 4553 D.
1376 4499 1405 4557 2.
1429 4495 1497 4558 Jan.
1524 4497 1614 4558 1607.

281 4582 354 4642 Vale
376 4582 451 4643 Nob.
475 4591 504 4642 et
527 4583 607 4658 Mag.
631 4581 693 4656 Vir,
717 4599 821 4659 meque
843 4599 928 4658 porro
951 4599 1073 4658 quoqne·
1089 4579 1321 4644 commendatum
1341 4582 1427 4644 habe.

366 4686 412 4734 iiie
431 4686 500 4734 addit
511 4683 638 4746 ,Kaplerus
657 4687 798 4750 aequantia,
821 4688 945 4736 nescimus
962 4690 1045 4736 utrum
1063 4689 1115 4736 rint
1130 4685 1278 4748 poateerlpta
1297 4686 1330 4734 ed
1347 4689 1507 4747 praemiacum
1524 4689 1613 4752 epieto·

281 4757 341 4818 lam,
360 4769 392 4804 an
409 4759 435 4806 in
453 4769 525 4804 eurem
543 4769 615 4803 naum
634 4759 778 4819 conscripta

365 4845 448 4906 Haec
470 4853 539 4904 tuae
559 4844 711 4924 respondi,
733 4845 806 4908 haec
828 4849 938 4910 interea
959 4843 1129 4926 inciderunt.
