3732 5528
323 339 385 400 Μ
705 399 713 408 .
762 403 765 414 Ι
789 333 955 404 Appendicis
972 334 1196 392 harmonicorum

322 523 350 574 et
382 521 499 574 moltam
529 514 715 576 arbstaotiue
743 521 813 572 uera
845 514 985 590 physicae
1016 515 1117 574 enlitm
1151 513 1272 592 apertae
1299 515 1418 576 rectem
1446 514 1668 574 mctlrmnetico.

322 601 414 661 Miror
435 617 486 660 cur
509 601 585 660 idem
608 617 654 661 me
678 601 859 660 factitantem
881 599 1086 676 reprehendas.

410 687 468 748 ded
492 688 562 765 quid
595 706 649 764 ego
678 688 777 746 multis
801 687 837 747 de
859 703 925 746 men
953 688 1179 766 philosophandi
1209 687 1370 748 methodo?
1393 705 1458 748 cum
1481 695 1513 746 tn
1536 686 1584 746 vel
1608 689 1671 762 jam

325 791 401 834 nune
424 777 453 833 in
476 775 565 851 hujus
588 775 745 852 analyseos
773 775 830 834 line
845 775 1009 852 capitalem
1036 779 1309 853 aequivocationem
1340 778 1370 834 in
1397 775 1521 836 vocibus
1550 777 1671 848 musica,

325 865 511 938 harmonica,
534 863 641 922 inieras
664 865 692 920 in
716 864 907 938 sequentibus
929 863 1087 924 identidem
1110 863 1289 942 iterandam,
1312 880 1370 940 qna
1393 863 1583 939 ambiguitate
1607 879 1673 920 om·

326 967 394 1010 nem
417 951 503 1024 huno,
526 967 585 1010 uon
608 949 708 1010 meum
728 959 849 1024 tantum,
874 949 926 1012 sed
949 955 1037 1012 etiam
1060 961 1192 1016 veterum
1215 959 1351 1010 conatum
1377 953 1405 1010 iu
1430 949 1673 1028 disceptationem
1750 941 1754 952 '

323 1053 422 1098 vocae.
468 1039 624 1114 Egregium
647 1053 717 1098 vero
739 1038 925 1115 palaestram,
949 1043 978 1098 in
1002 1057 1061 1116 qua
1084 1040 1304 1100 transcurrimus
1319 1039 1454 1114 alternls3
1479 1054 1533 1112 ego
1556 1037 1673 1097 matbe-

321 1128 460 1186 matleam
484 1134 614 1184 veterum
636 1125 806 1186 methodum
830 1127 1038 1203 comprobans,
1062 1129 1091 1184 in
1113 1140 1268 1204 progressu
1292 1128 1370 1186 circa
1392 1125 1578 1204 particularia
1600 1141 1673 1184 cou-

322 1222 367 1272 tra
391 1213 458 1272 illos
481 1228 590 1290 pugno,
614 1221 655 1286 tu,
678 1203 848 1296 methodum
871 1213 1000 1292 ipsorum
1022 1217 1117 1292 ipsam
1132 1213 1296 1290 generalem
1317 1214 1497 1289 insimulans,
1520 1215 1549 1270 in
1573 1215 1673 1272 miuu-

322 1304 360 1360 tis
384 1301 531 1360 honnullis
553 1309 687 1362 veterum
708 1309 881 1361 assertorem
904 1309 933 1361 te
955 1302 1108 1379 proliteris.

335 1386 336 1394 ’
410 1388 573 1447 Medullam
596 1397 627 1448 tu
650 1389 749 1448 nescio
773 1405 861 1464 qnam
885 1387 1002 1450 divinae
1025 1385 1154 1450 musicae
1178 1387 1328 1466 producis,
1357 1387 1442 1464 cujus
1469 1389 1589 1447 umbrae
1613 1390 1673 1447 sint

322 1475 538 1550 mathematica,
563 1491 639 1552 quae
663 1477 712 1534 ria
735 1469 858 1552 tangant
880 1475 969 1535 illam.
1015 1475 1100 1536 Hanc
1126 1475 1285 1536 medullam
1312 1479 1342 1536 in
1365 1476 1527 1536 visceribus
1549 1483 1673 1536 naturae

321 1563 464 1623 recondis.

411 1652 498 1731 Error
528 1651 581 1710 tihi
610 1657 655 1710 est
678 1653 780 1726 iugens
805 1653 834 1708 in
858 1657 919 1710 arte
941 1651 1089 1724 musicae,
1119 1648 1199 1725 qnod
1218 1649 1300 1740 ‘haec
1326 1653 1401 1708 inter
1428 1657 1507 1710 artes
1534 1649 1672 1712 liberales

210 1807 215 1817 Ι
322 1737 545 1797 mathematicas
568 1737 737 1798 collocatur.
789 1737 913 1797 Vanam
935 1743 970 1798 in
991 1757 1027 1799 cu
1049 1739 1194 1798 ambrum
1216 1755 1274 1797 ease
1295 1741 1484 1816 pronuncias,
1506 1755 1570 1800 nott
1586 1741 1674 1798 tuni-

322 1843 398 1900 cum,
421 1841 485 1885 notu
508 1829 654 1902 corticem,
679 1841 788 1902 perque
811 1841 876 1884 enm
899 1828 1025 1902 ignorari
1049 1827 1092 1886 ais
1108 1827 1263 1885 essentiam
1278 1827 1443 1893 interiorem
1458 1843 1510 1885 seu
1524 1825 1672 1886 nucleum.

409 1911 442 1972 Sl
466 1913 522 1972 hoe
546 1913 638 1972 velles
661 1915 790 1986 inuuere,
815 1927 873 1971 nen
897 1913 1140 1990 acquiescendum
1164 1929 1228 1972 esse
1251 1913 1426 1990 philosopho
1454 1915 1587 1972 insonis
1611 1913 1674 1973 ele·

282 2073 284 2080 ,
323 2001 504 2060 mentarlbus
533 2007 563 2059 et
590 1999 718 2060 sensuali
749 2003 875 2074 musica,
908 2001 960 2062 sed
983 1999 1248 2078 philosophandum
1280 2001 1384 2073 altius,
1414 2001 1673 2078 indagandumqne

322 2103 389 2148 enm
412 2086 582 2148 Jamhlleho
605 2096 673 2162 tuo,
705 2091 755 2163 qui
778 2087 841 2159 hat,
866 2087 945 2163 quod
967 2091 1049 2148 verbi
1073 2104 1163 2147 causa
1186 2103 1221 2146 ex
1244 2085 1404 2148 intervallis
1427 2091 1526 2162 tertia,
1555 2097 1672 2164 quarta,

324 2178 437 2253 quinta,
463 2184 570 2235 octava
592 2175 752 2246 delectent,
782 2175 911 2235 secunda
934 2183 963 2236 et
986 2179 1110 2254 septima
1133 2191 1190 2233 non
1215 2175 1374 2248 delectent,
1408 2193 1465 2235 non
1488 2193 1534 2236 me
1557 2185 1674 2236 tantum

322 2264 445 2323 haberes
476 2266 721 2336 consentientem,
752 2259 805 2322 sed
835 2279 930 2343 neque
959 2263 1038 2340 apud
1062 2271 1174 2322 veteres
1205 2261 1363 2338 quidquam
1396 2264 1558 2336 invenires,
1591 2263 1673 2341 qnod

322 2355 481 2413 incusares.
525 2349 600 2410 Nam
623 2350 794 2410 Ptolemaeo
820 2349 957 2410 voluntas
980 2353 1097 2427 egregia
1118 2351 1181 2420 luit,
1205 2339 1283 2410 hhne
1305 2351 1438 2410 nucleum
1462 2351 1597 2424 eruendi,
1622 2354 1673 2427 qui

321 2437 550 2516 philosophandi
574 2442 662 2498 etiam
684 2455 777 2515 genus
801 2436 935 2499 adhibuit
958 2439 1097 2512 sublime,
1127 2453 1181 2496 nec
1204 2437 1353 2514 indignum
1379 2441 1474 2498 risum
1497 2439 1673 2517 Porphyrio,

323 2525 484 2586 Jamblicbi
507 2528 550 2584 tui
572 2528 726 2602 magistro,
758 2527 787 2582 in
812 2525 891 2602 quod
914 2528 976 2604 ipse
999 2533 1249 2586 commentaretur.
1297 2527 1386 2602 Atqui
1411 2525 1509 2585 nullus
1540 2535 1674 2587 veterum

323 2615 506 2673 harmonicas
530 2615 695 2673 interiorem
719 2615 875 2674 essentiam
905 2629 995 2672 aursus
1018 2622 1063 2682 est
1085 2629 1190 2672 eruere
1218 2614 1443 2689 quantitatibus,
1475 2616 1545 2690 quin
1571 2617 1673 2690 potius

324 2709 384 2760 tam
407 2699 465 2774 illi,
497 2717 586 2776 quam
610 2704 661 2777 qui
685 2701 752 2759 illos
776 2707 821 2760 est
842 2701 1137 2775 secutus,'Proelus,
1161 2703 1338 2776 geometriae
1355 2699 1506 2760 thesauros
1528 2699 1673 2763 altissime

323 2787 490 2848 extulerunt
514 2790 601 2864 inque
624 2791 835 2866 penitissimum
858 2791 1020 2847 animorum
1051 2789 1200 2868 ipsiusque
1224 2787 1298 2848 adeo
1330 2787 1490 2848 divinitatis
1514 2792 1673 2849 essentiam

322 2873 555 2934 recondiderunt.
602 2874 684 2950 Quos
707 2875 824 2951 quidem
847 2875 903 2936 hae
925 2879 954 2934 in
977 2885 1060 2953 parte
1083 2885 1112 2936 st
1135 2891 1190 2950 ego
1213 2883 1330 2934 secutus
1353 2893 1417 2935 sum
1439 2883 1570 2948 strenue,
1597 2877 1673 2952 dog·

323 2969 402 3021 mata
425 2970 523 3021 temen
546 2963 662 3021 illorum
685 2979 720 3021 ex
742 2967 921 3042 praescripto
952 2963 1099 3024 doctrinae
1131 2962 1292 3022 catholicae
1320 2963 1446 3038 correxi,
1475 2967 1518 3022 utl
1546 2964 1673 3024 lectores

322 3050 379 3108 hoe
402 3051 554 3125 agnituros
577 3067 662 3128 spero
693 3067 727 3108 cx
752 3051 878 3111 lectione
907 3053 1092 3128 potissimum
1121 3049 1188 3117 libri
1216 3051 1272 3108 urei
1297 3049 1348 3108 IV.
1373 3053 1500 3129 capitum
1530 3054 1671 3128 priorum.

321 3135 387 3196 Hoc
411 3136 505 3196 solum
530 3140 629 3196 censui
653 3135 835 3211 novandum,
866 3141 924 3198 imo
946 3139 1118 3199 necessariis
1141 3137 1436 3198 demonstrationibus
1459 3137 1583 3198 adactus
1607 3157 1672 3198 snm

204 3237 207 3256 ¹
321 3240 447 3296 novare,
480 3225 558 3299 quod
582 3225 730 3284 veteribus
752 3241 805 3302 pro
828 3229 889 3287 suls
912 3228 1054 3300 numeris,
1084 3223 1210 3284 discreta
1232 3227 1411 3302 quantitate,
1441 3227 1504 3302 ipsa
1531 3227 1672 3286 substitui

323 3311 462 3372 circulum
486 3319 516 3370 et
538 3313 648 3388 figuras
670 3315 878 3388 geometricas,
904 3317 1096 3390 quantitatem
1120 3313 1231 3372 scilieet
1254 3316 1432 3374 continuam.

408 3399 442 3460 Si
465 3399 539 3460 haee
563 3407 693 3459 veterum
715 3401 790 3459 ratio
812 3401 984 3462 enucleandi
1007 3401 1189 3460 harmonicas
1210 3403 1365 3460 essentiam
1389 3403 1441 3460 tibi
1457 3417 1514 3460 nnn
1530 3401 1671 3472 sorderet,

322 3495 351 3552 et
381 3487 406 3544 si
436 3488 644 3548 mathematica
674 3503 734 3546 non
762 3490 790 3544 in
823 3491 959 3548 corticem
990 3498 1042 3547 aut
1070 3491 1197 3546 tunicam
1228 3487 1390 3564 relegeres,
1420 3491 1478 3548 imo
1509 3505 1619 3548 vetram
1643 3497 1672 3548 et

321 3574 456 3634 frivolam
479 3577 611 3635 umbram
634 3575 825 3651 indigetares,
857 3579 927 3653 quin
957 3579 1055 3654 potius
1082 3579 1114 3633 in
1138 3577 1233 3650 ipsum
1258 3575 1392 3635 nucleum
1423 3578 1579 3652 reciperes,
1609 3578 1672 3652 jam

322 3679 407 3741 porro
435 3680 522 3724 nemo
554 3679 623 3723 vere
653 3663 923 3741 philosophantium
954 3665 1007 3723 tihi
1037 3677 1095 3722 non
1127 3661 1319 3740 applauderet
1341 3667 1497 3734 asserenti,
1527 3666 1671 3724 musicam

207 3755 213 3768 '
322 3749 445 3810 eandem
468 3767 532 3811 esse
556 3753 585 3808 in
607 3749 740 3823 bomine,
765 3767 841 3827 quae
865 3762 908 3812 est
933 3754 961 3808 in
985 3750 1110 3825 mundo,
1141 3749 1263 3810 eandem
1290 3752 1320 3807 in
1343 3751 1493 3810 elementis
1515 3749 1559 3831 (nt
1581 3767 1671 3812 sonos

323 3833 520 3914 intelligamus
544 3837 755 3918 elementares),
779 3856 856 3915 quaa
880 3843 907 3898 in
931 3839 1075 3917 planetis;
1105 3836 1226 3896 eandem
1249 3837 1367 3898 tandem
1389 3841 1419 3896 in
1444 3837 1516 3910 illis,
1541 3842 1671 3914 quaein

322 3929 386 4002 ipso
408 3925 517 3985 mundo
540 3925 713 4004 archetypo,
745 3926 821 3986 unde
849 3925 1029 4004 originaliter
1058 3933 1122 3984 orta
1144 3927 1182 3984 sit
1213 3925 1366 3988 harmonia
1393 3926 1545 3986 machinae
1569 3930 1670 3984 totins

320 4013 396 4073 Nam
427 4013 531 4072 eadem
563 4012 665 4072 lisdem
694 4029 768 4090 pene
799 4015 897 4074 verbis
928 4021 957 4074 et
984 4030 1032 4072 me
1063 4011 1146 4072 vides
1175 4031 1303 4074 asserere
1333 4016 1461 4089 passim,
1499 4016 1670 4090 pracsertim

322 4101 397 4160 libro
420 4100 475 4158 lll.
492 4101 543 4160 iol.
573 4103 632 4158 136
655 4109 685 4159 et
707 4100 772 4160 libr.
797 4102 849 4159 lv.
873 4119 938 4178 cap.
966 4104 998 4174 l,
1023 4103 1057 4172 2,
1082 4103 1109 4159 3.

408 4187 557 4248 Modicam
590 4191 665 4247 cuim
688 4188 764 4248 hanc
786 4191 1061 4265 aequivocationem
1093 4186 1245 4247 admittere
1274 4190 1405 4262 cogimur
1428 4190 1494 4265 Jure
1521 4205 1670 4265 mamma·

321 4277 387 4348 tico,
413 4293 479 4334 cum
502 4276 683 4334 harmoniam
707 4276 783 4334 alius
806 4276 934 4353 quidem,
958 4293 1012 4334 usn
1032 4277 1093 4351 jam
1117 4277 1201 4348 trito,
1227 4275 1354 4334 admittit
1376 4276 1469 4336 solam
1492 4275 1573 4334 illam
1597 4293 1669 4335 con-

323 4371 434 4434 centus,
459 4379 534 4439 quae
558 4371 603 4423 est
626 4379 691 4424 cnm
714 4379 801 4437 sono,
831 4365 922 4438 alius,
946 4371 1063 4422 secutus
1086 4364 1208 4440 primam
1232 4365 1312 4423 vocis
1336 4366 1493 4438 originem,
1521 4379 1572 4440 pro
1596 4381 1669 4421 eon-

320 4453 455 4525 gruentia
478 4467 572 4510 rerum
595 4453 835 4526 geometricamm
860 4451 1013 4510 omnifaria
1034 4451 1145 4526 recipit,
1169 4449 1255 4525 alius,
1279 4449 1405 4510 mediam
1425 4451 1563 4515 incedens
1579 4453 1667 4520 viam,

323 4540 516 4612 geometricas
538 4540 750 4615 proportiones,
776 4556 851 4616 quae
875 4541 1062 4600 inveniuntur
1085 4541 1113 4595 in
1136 4538 1258 4598 vocibus
1282 4539 1518 4611 consonantibus,
1542 4538 1667 4596 ubieun-

322 4641 379 4699 que
404 4641 454 4682 eas
477 4637 628 4702 praeterea
651 4627 771 4698 invenit,
796 4627 877 4687 velut
900 4627 1062 4687 abstractas
1077 4643 1096 4684 a
1111 4626 1251 4701 subjectis
1268 4625 1481 4702 subintelligit3
1505 4643 1564 4702 quo
1578 4641 1667 4684 sensu

324 4725 378 4788 ego
402 4709 447 4770 his
464 4715 586 4772 vocibus
610 4721 676 4772 utor
698 4731 750 4790 per
774 4723 867 4774 totum
890 4714 949 4774 lere
973 4727 1167 4790 opusmenrn.
1214 4715 1253 4772 At
1268 4721 1310 4785 tu,
1336 4729 1392 4772 non
1408 4705 1562 4773 'contentus
1584 4711 1666 4770 hisce

323 4797 547 4880 significatibus,
579 4817 682 4860 vocem
705 4801 817 4886 profers
840 4801 961 4864 ulterius
984 4801 1022 4864 ad
1045 4803 1251 4880 congruentias
1274 4810 1334 4896 tam
1357 4801 1495 4881 physicas
1518 4803 1666 4876 agentium
