3676 5536
725 332 809 398 Liber
824 334 871 396 1V.
891 339 979 409 capnt
995 333 1055 394 Vll.
1367 349 1369 356 “
1497 329 1559 398 259

212 517 338 576 animae.
384 514 422 576 Et
445 519 590 596 vicissim,
626 533 691 580 cnm
714 519 813 578 anima
843 520 873 576 in
901 521 1001 580 omnia
1031 515 1193 595 superficiei
1222 514 1351 590 corporis
1379 515 1426 572 aui
1453 515 1563 590 puncta

213 602 298 664 lineis
320 603 440 664 infinitis
463 615 553 672 meat
572 608 676 690 (instar
698 604 845 665 radiorum
868 606 960 681 Solis,
991 607 1061 682 quia
1082 611 1112 663 et
1137 605 1202 679 ipsa
1224 601 1274 660 lux
1297 599 1443 676 quaedam
1466 605 1511 659 eat
1534 603 1564 656 et
1669 623 1670 628 ¹

165 715 171 724 ·
214 693 332 769 spiritus
356 691 445 770 vulgo
469 691 608 752 celebrati
631 693 859 752 videnturnihil
882 693 1062 766 aliudesse,
1097 707 1184 767 quem
1210 688 1241 750 lu'
1269 687 1342 748 radii
1369 686 1517 748 rectilinei
1534 691 1565 744 et

214 779 270 840 bac
292 781 407 840 animae
430 775 574 860 species):
609 787 786 842 nontamen
810 780 874 840 sole
894 781 974 842 lines
997 797 1034 840 ex
1049 777 1190 838 'omnibm
1213 783 1276 849 eat,
1307 791 1384 852 quae
1406 793 1442 836 ox
1465 782 1564 834 centro

214 870 243 926 in
267 866 339 926 illud
361 865 525 945 superficiei
548 874 686 945 punctum
710 868 826 938 tendat,
858 868 937 945 quod
966 868 1066 927 lenitur
1089 885 1108 926 e
1129 864 1267 942 planetae
1280 863 1340 924 ,illo
1363 865 1450 922 unica
1471 857 1565 938 radio,

216 956 266 1031 qui
290 973 392 1014 versus
414 954 512 1014 sedem
535 958 650 1016 animae
672 955 774 1020 tendit.
818 955 967 1016 Ponamus
990 957 1094 1032 igitur,
1126 955 1155 1012 ln
1178 952 1235 1014 boc
1264 951 1421 1010 consistere
1442 965 1566 1026 llercep·

215 1045 324 1102 tionem
346 1045 433 1102 unius
454 1041 591 1119 planctae
612 1041 776 1119 radiorum,
807 1042 926 1120 quando
958 1043 1046 1119 buius
1068 1043 1201 1102 incurm
1223 1045 1253 1098 et
1276 1036 1353 1098 illius
1377 1049 1514 1096 occursus
1536 1036 1564 1092 in

215 1145 304 1189 unam
324 1128 432 1190 lineam
454 1140 561 1192 rectam
583 1134 791 1207 geometricam
814 1138 993 1208 congruunt,
1017 1127 1152 1207 exemplo
1173 1128 1294 1188 visionis
1309 1124 1466 1195 simillimo,
1490 1139 1566 1200 quse

216 1219 246 1276 in
267 1216 332 1276 solo
356 1225 385 1277 et
408 1219 494 1278 unico
516 1218 768 1296 perpendiculari,
791 1218 888 1278 medio
910 1217 1101 1279 totins-oculi
1123 1215 1223 1289 radio,
1246 1221 1292 1274 cat
1313 1211 1442 1296 perlecta
1464 1219 1495 1270 et
1515 1225 1567 1270 ac·

217 1315 325 1366 curata.
368 1304 518 1364 Ponamus
541 1315 571 1366 et
591 1307 655 1380 hoc,
690 1305 769 1382 quod
792 1308 822 1364 in
846 1307 1004 1382 Dioptricis
1026 1322 1109 1384 prop.
1132 1305 1183 1362 45.
1207 1309 1239 1362 ut
1261 1298 1408 1377 singulare
1431 1313 1569 1360 moenum

218 1395 385 1453 sensianum
408 1395 537 1452 omnium
559 1391 714 1467 inculcavi,
737 1392 849 1453 nullam
870 1393 934 1453 lieri
954 1397 1121 1466 sensionem
1143 1393 1186 1451 rei
1208 1396 1360 1461 externae,
1383 1387 1441 1446 nisi
1462 1391 1569 1461 qnate-

218 1497 273 1540 nus
296 1497 331 1541 ea
354 1497 383 1540 re
406 1483 568 1540 sonantium
591 1483 814 1541 instrumentum
837 1481 989 1542 afficiatur.
1036 1483 1143 1541 Anima
1168 1479 1245 1540 anim
1267 1493 1319 1554 per
1340 1475 1408 1535 illos
1432 1488 1570 1534 mensura

218 1561 380 1644 specierum
401 1570 446 1628 sui
469 1567 556 1627 fidam
579 1568 670 1630 babet
698 1571 833 1628 notitiem
857 1573 985 1629 ninnium
1016 1569 1211 1628 membrorum
1234 1564 1362 1642 corporis
1383 1563 1430 1621 aui
1453 1577 1571 1622 eorum-

219 1673 285 1732 que,
308 1657 437 1732 quaein
459 1653 575 1716 illorum
598 1673 777 1734 unoquoque
806 1673 885 1716 nova
914 1657 986 1716 fiunt
1009 1659 1115 1733 quovis
1145 1662 1284 1732 tempore.
1330 1648 1571 1728 Quioospoaitts

219 1745 366 1818 sequitur,
389 1750 421 1801 ut
443 1743 467 1801 ai
490 1742 542 1802 list
564 1761 582 1804 a
604 1744 725 1822 plancta
747 1742 814 1803 talis
837 1746 989 1821 impressio
1011 1746 1041 1802 in
1064 1742 1186 1820 aliquod
1208 1748 1349 1820 punctum
1362 1739 1461 1810 «stiria,
1495 1750 1571 1810 quae

220 1847 278 1889 non
302 1828 402 1890 tendat
425 1846 525 1890 versus
548 1831 647 1891 sedem
670 1833 798 1905 animae,
829 1831 882 1892 sed
910 1839 1024 1910 praeter
1053 1831 1150 1905 illam,
1181 1829 1219 1889 ad
1249 1828 1344 1900 letus,
1373 1826 1473 1886 anima
1493 1820 1572 1880 illius

221 1916 337 1994 quidem
360 1920 460 1992 puncti
482 1917 524 1976 sic
546 1919 642 1978 adecu
664 1921 791 1996 speciem
812 1936 863 1998 per
885 1935 956 1978 suae
986 1921 1093 1996 speciei
1121 1933 1269 1978 recursum
1292 1914 1435 1991 excipiet,
1449 1939 1451 1944 ·
1466 1909 1519 2004 apd
1541 1914 1575 1968 ut

222 2022 283 2064 rem
304 2004 387 2062 nihili
410 2004 586 2083 vilipendat:
615 2007 659 2064 ain
683 2013 782 2066 autem
804 2009 832 2064 in
856 2005 977 2083 aliquod
998 2005 1160 2082 superficiei
1184 2005 1259 2064 a'e'ris
1282 2008 1420 2080 punctum
1443 1998 1496 2058 cat
1517 1998 1574 2056 im·

223 2094 334 2169 pressio
347 2093 433 2166 talia,
457 2110 533 2169 qnae
556 2081 656 2154 tendat
678 2111 780 2153 versus
802 2096 918 2154 animae
934 2094 1043 2166 sedem,
1067 2095 1156 2154 etiam
1178 2091 1235 2152 boc
1256 2095 1396 2168 punctum
1419 2088 1463 2152 siu
1483 2084 1574 2152 adec-

225 2189 287 2238 tum
310 2181 424 2240 animae
446 2182 599 2242 nuntietur
622 2189 651 2242 et
672 2180 746 2242 haec
768 2184 866 2241 sensio
893 2188 926 2240 nt
954 2183 992 2242 ad
1015 2183 1143 2242 animam
1168 2181 1313 2256 pertinens
1337 2176 1523 2246 aestimetm,
1555 2187 1574 2229 a

225 2269 329 2327 ceteris
352 2265 560 2343 distinguatur,
590 2283 684 2344 eoque
707 2271 735 2326 in
758 2267 810 2328 illo
833 2268 897 2329 solo
920 2275 1027 2346 puncto
1051 2271 1150 2328 anima
1171 2266 1287 2326 stellam
1310 2263 1367 2323 sibi
1388 2262 1573 2337 imaginetur,

226 2357 256 2414 in
279 2356 383 2414 ceteris
399 2355 463 2431 jem
486 2355 569 2416 dictis
591 2357 719 2416 minime.
755 2357 898 2416 Actuetur
921 2373 948 2414 n.
973 2364 1002 2416 ot
1025 2355 1116 2416 veluti
1139 2354 1317 2414 illuminatm
1339 2349 1438 2410 radius
1456 2349 1576 2408 animae

226 2441 350 2502 eradio
372 2442 484 2518 atellae,
507 2445 536 2502 in
560 2443 682 2504 eandam
705 2450 814 2504 rectam
836 2452 1024 2524 congruente,
1043 2445 1131 2504 sicuti
1153 2450 1288 2504 actuatur
1309 2437 1389 2499 color
1410 2453 1506 2496 rerum
1528 2434 1576 2504 vi·

227 2529 359 2592 sibilium
382 2547 400 2590 a
421 2528 496 2590 lucia
518 2530 656 2603 adventu,
680 2539 710 2592 et
730 2533 808 2592 sicut
830 2539 964 2592 actuatm
984 2533 1078 2606 risio,
1102 2547 1169 2590 cum
1189 2545 1244 2588 noa
1268 2526 1433 2606 colligimus
1456 2529 1486 2584 et
1507 2537 1577 2598 per·

228 2616 383 2694 pendimus
413 2635 467 2677 noa
491 2618 598 2678 videre.
644 2617 709 2682 Hoc
732 2635 797 2678 curn
820 2621 862 2680 sic
884 2619 994 2680 habeat
1016 2635 1075 2680 non
1097 2621 1126 2676 in
1151 2633 1210 2678 uno
1233 2624 1365 2688 mutum,
1400 2610 1453 2672 sed
1484 2619 1514 2670 et
1547 2609 1576 2666 in

229 2703 344 2764 duobus
366 2704 501 2780 planatis,
526 2705 584 2764 duo
608 2707 697 2766 etiam
718 2707 803 2782 signe
823 2708 953 2767 inveniat
974 2709 1073 2769 anina
1096 2707 1125 2764 in
1149 2703 1264 2764 duabus
1287 2701 1420 2780 partibus
1442 2697 1489 2758 aul
1511 2711 1577 2756 cor-

229 2794 330 2869 poris,
352 2795 416 2854 siue
434 2792 499 2868 jam
520 2793 676 2854 rotundum
700 2796 738 2852 sit
760 2793 825 2869 ejus
846 2810 961 2873 corpus,
984 2797 1047 2855 aire
1070 2791 1226 2870 inaequale
1249 2798 1280 2850 et
1301 2805 1456 2866 asperum,
1480 2785 1579 2844 anima

230 2878 302 2939 illud
326 2880 354 2938 in
379 2880 521 2959 sphaerae
543 2879 664 2942 modum
692 2881 748 2942 albi
770 2884 799 2940 in
822 2898 881 2941 uno
910 2889 1019 2959 puncto
1042 2881 1154 2942 sedenti
1178 2879 1395 2955 circumjectum
1418 2873 1508 2934 hebet
1529 2887 1578 2930 ra·

232 2967 346 3044 diisque
376 2985 429 3028 seu
456 2969 611 3045 speciebus
638 2970 684 3028 aui
712 2969 927 3044 immaterialis,
958 2976 1010 3029 aut
1032 2977 1065 3029 ut
1095 2968 1155 3042 alii,
1170 2967 1301 3026 -actlbna
1330 2961 1466 3025 secundia
1489 2959 1525 3020 de
1546 2973 1579 3018 se

231 3057 338 3116 circum
366 3057 480 3116 emissis
514 3057 642 3132 exspirat
670 3054 762 3116 veluti
789 3057 948 3135 perlectum
977 3055 1179 3133 sphaericum,
1210 3069 1365 3130 quousque
1379 3065 1485 3126 corpus
1515 3044 1580 3121 eius

231 3148 324 3222 patet,
346 3159 441 3219 eoque
464 3141 535 3202 illud
558 3142 596 3202 ad
612 3143 707 3204 ideam
730 3145 829 3204 circuli
844 3153 874 3217 ct
889 3145 1007 3221 quidem
1022 3144 1135 3204 zodiaci
1150 3142 1260 3215 circuli,
1281 3143 1360 3201 circa
1374 3155 1459 3199 suam
1481 3133 1581 3195 aedem

232 3239 264 3290 ut
287 3237 417 3290 centrum
440 3229 585 3308 descripti,
609 3233 756 3291 examinat
777 3240 806 3292 et
826 3239 924 3308 partes
947 3233 1011 3309 ejus
1032 3233 1231 3293 interstinctus
1255 3228 1413 3289 dimetitur.
1458 3222 1507 3282 Ita
1526 3237 1581 3280 ne·

233 3335 290 3394 que
312 3316 433 3376 Terram
454 3334 528 3394 opus
551 3326 596 3378 ast
617 3317 775 3380 concedere
797 3319 974 3397 pellucidam
997 3337 1089 3397 usque
1112 3318 1150 3380 cd
1173 3327 1312 3393 centrum,
1335 3329 1430 3389 neque
1453 3311 1581 3369 animam

235 3407 312 3466 exire
334 3421 427 3481 usquc
450 3403 487 3464 ad
509 3404 621 3480 sidera,
644 3407 736 3466 nihilo
759 3416 857 3468 tamen
878 3409 975 3467 minna
996 3407 1101 3468 modus
1124 3414 1215 3484 patet,
1238 3421 1297 3482 quo
1320 3400 1582 3476 continuationum

234 3490 335 3569 anguli
355 3494 517 3554 sentiantur
538 3494 576 3553 ab
598 3496 706 3554 anima.

212 3637 217 3645 ,
320 3578 384 3640 Hac
406 3579 525 3657 quidem
546 3585 747 3658 suppositione
771 3581 971 3641 dissolvuntur
994 3583 1091 3641 omnia
1114 3587 1295 3656 argumenta,
1319 3595 1395 3655 qnae
1409 3575 1499 3634 Picus
1522 3571 1583 3630 Mi-

213 3665 413 3756 'randulenus
435 3667 473 3727 ad
496 3669 680 3730 avertendam
704 3669 863 3730 doctrinam
887 3669 923 3730 de
946 3669 1200 3746 conjunctionibus
1223 3668 1337 3744 magnis
1361 3666 1455 3740 daque
1478 3677 1583 3738 aspec-

235 3755 314 3814 tibus
336 3755 443 3816 attulit.
466 3753 541 3816 Nem
563 3760 633 3834 quia
654 3760 752 3817 anima
775 3760 873 3817 omnia
886 3756 985 3816 mundi
1003 3773 1126 3834 corpora
1147 3758 1225 3816 circa
1247 3771 1320 3814 anae
1342 3751 1421 3813 sadis
1442 3755 1584 3828 punctum

237 3841 364 3919 disponit
386 3838 606 3926 (imaginando)
628 3846 659 3903 in
681 3846 803 3905 formem
825 3837 987 3926 sphaerici,
1020 3859 1120 3904 omnes
1142 3843 1276 3922 planetes
1305 3843 1335 3900 in
1358 3841 1451 3900 torma
1474 3833 1583 3908 circuli,

236 3927 323 4005 idque
345 3930 412 4007 lege
433 3938 584 4008 rectarum,
614 3950 649 3992 ax
672 3949 731 3992 nno
753 3939 862 4009 puncto
886 3933 1065 4008 educturum,
1095 3932 1169 3990 nihil
1196 3931 1285 4008 igitur
1311 3931 1447 4000 interest,
1477 3937 1586 3999 magua

236 4016 323 4078 stelle
344 4019 383 4078 ait
404 4035 440 4078 an
463 4037 569 4096 parve,
593 4019 717 4080 multum
737 4037 776 4078 an
800 4039 900 4098 perum
922 4023 1032 4080 itineris
1054 4023 1085 4078 in
1108 4019 1190 4080 coelo
1213 4017 1364 4096 conficiat,
1393 4015 1455 4073 alta
1477 4029 1516 4071 an
1538 4011 1586 4068 vl·
1659 4059 1662 4068 .

237 4107 304 4166 cina
325 4103 422 4166 Terris
444 4109 490 4166 sit
534 4107 617 4168 Haec
639 4110 716 4167 enim
739 4110 837 4168 omnia
859 4111 902 4168 sic
923 4115 1043 4169 monent
1058 4110 1194 4182 animam,
1218 4108 1261 4166 utl
1284 4106 1495 4183 percipiuntur;
1518 4114 1587 4175 per·

238 4194 383 4271 cipiantur
413 4202 511 4254 autam
538 4194 640 4254 iisdem
669 4195 799 4272 legibus,
830 4196 938 4273 quibus
966 4204 996 4257 ct
1023 4213 1042 4256 a
1068 4197 1155 4256 nobis
1178 4193 1329 4267 videntur,
1360 4208 1401 4251 sc.
1426 4203 1526 4249 omnes
1553 4190 1586 4244 ut

237 4279 386 4358 aequealti
409 4290 438 4342 ot
459 4289 491 4342 ut
512 4289 594 4342 motu
617 4283 745 4342 secundo
768 4291 909 4360 wenna,
932 4292 1014 4343 motu
1036 4300 1107 4344 vero
1127 4283 1222 4360 pn'mo
1245 4279 1348 4342 diurno
1370 4273 1584 4353 sequaceleraa,

237 4385 292 4428 nec
314 4387 420 4446 magno
443 4372 615 4445 quantitatis
643 4371 831 4448 aspectabilis
862 4371 1036 4432 discrimine.
1081 4369 1201 4444 Cetera,
1236 4385 1313 4444 quae
1343 4365 1381 4426 ad
1403 4364 1467 4422 Pici
1497 4376 1586 4438 argn7

237 4463 337 4517 mente
357 4456 525 4536 responderi
539 4465 672 4536 possunt,
694 4460 808 4534 ra'quirc
829 4457 896 4520 loeo
917 4476 1006 4536 aaeps
1022 4456 1149 4533 allegato
1164 4457 1231 4516 libri
1252 4457 1311 4538 mai
1332 4453 1370 4513 da
1384 4448 1477 4512 Stella
1491 4449 1587 4510 Nora.

238 4545 317 4606 Satis
340 4547 369 4602 in
391 4561 528 4624 praesens
550 4546 587 4606 de
610 4548 708 4606 anima
730 4545 846 4618 Terrae,
870 4563 959 4622 quam
981 4551 1115 4604 naturam
1138 4544 1326 4604 sublunarem
1348 4540 1456 4600 dicunt.

327 4631 474 4709 Quicquid
496 4634 636 4694 hactenus
660 4633 696 4696 da
723 4635 822 4693 anima
842 4631 969 4693 Telluris
992 4641 1036 4692 est
1058 4631 1185 4708 dictum,
1216 4629 1248 4692 id
1278 4628 1410 4690 similiter
1438 4627 1526 4686 etiam
1550 4619 1588 4681 ad

122 4774 127 4782 .
238 4719 394 4780 facultates
417 4723 532 4782 animas
555 4723 699 4782 humanae
721 4717 863 4801 applicari
885 4727 998 4797 poteat3
1027 4719 1167 4796 pleraque
1190 4719 1341 4780 tamenin
1364 4715 1411 4774 his
1434 4719 1502 4772 aunt
1522 4710 1590 4770 eri-

240 4809 374 4870 dentiore
396 4815 537 4884 tantoque
561 4812 654 4888 magis
677 4809 864 4888 multiplicia,
894 4816 1005 4885 quanto
1034 4823 1121 4884 quam
1152 4806 1204 4868 illa
1231 4805 1365 4883 pluribus
1385 4803 1494 4862 muniis
1514 4800 1590 4860 istac

1365 4911 1402 4968 l'l
1413 4907 1434 4944 θ
