3698 5534
764 287 896 344 aner
915 288 1004 358 oque
1020 288 1066 345 ιι.
1488 252 1492 272 ’
1524 297 1587 365 235

327 468 444 530 Nullius
466 473 554 548 igitur
574 469 711 548 planetae
733 471 820 529 unius
851 468 1007 530 intervalla
1034 475 1164 530 extrem
1192 467 1231 530 ad
1251 469 1419 532 harmonias
1441 469 1587 544 alludunt,

146 579 148 584 ·
240 563 354 634 praeter
375 557 478 618 Martis
502 567 531 619 et
552 555 697 618 Mercurii.
712 551 758 636 ²¹)

327 644 367 703 At
389 648 414 705 si
438 645 618 706 diversorum
640 643 823 724 planetarum
846 607 1001 703 intervalla
1030 649 1159 704 extrema
1182 646 1255 704 inter
1276 663 1308 706 se
1331 661 1497 722 compares,
1525 645 1588 721 jam

241 730 380 809 affulgere
408 735 510 812 incipit
538 732 639 809 aliqua
666 732 717 792 lnx
746 731 937 790 harmonicen.
982 729 1057 790 Nam
1090 739 1218 792 exuema
1245 727 1265 808 i)
1296 741 1325 793 et
1353 732 1589 835 ltdirergentia

241 817 352 878 iaciunt
372 821 460 898 panlo
482 821 549 898 plus
572 837 660 897 quam
684 819 835 896 diapason,
858 820 1065 894 convcrgentia
1079 818 1208 879 medium
1231 821 1305 882 inter
1326 827 1423 880 sextas
1445 821 1587 897 majorem

242 913 271 966 et
292 909 441 968 minorem.
486 908 535 970 Sic
558 913 686 969 extrema
708 907 739 981 ll
762 910 791 966 et
812 903 1034 1005 &divergentia
1056 907 1287 985 complectuntur
1307 907 1367 967 lere
1390 906 1587 985 disdiapason,

240 997 449 1072 convergentia
467 996 528 1056 iere
550 996 685 1072 diapente
709 1011 774 1053 cum
796 983 946 1071 diapas'on
980 992 1106 1054 Telluris
1128 1013 1199 1056 vero
1222 1003 1253 1056 et
1273 1002 1298 1064 d
1320 992 1500 1072 divergentia
1521 995 1588 1073 plus

239 1080 393 1159 aliquanto
432 1091 500 1142 sunt
527 1082 679 1160 complexa
713 1098 801 1158 quam
835 1089 947 1142 sextam
977 1083 1135 1156 majorem,
1170 1083 1378 1160 convergentia
1410 1081 1588 1143 diatessaron

243 1169 405 1250 abundans.
449 1171 483 1230 In
512 1171 645 1248 sequenti
674 1167 780 1251 copula
808 1167 934 1229 Telluris
964 1175 994 1228 et
1017 1165 1043 1248 ῼ
1067 1185 1179 1228 rursum
1214 1173 1287 1230 inter
1317 1171 1523 1245 convergentia
1545 1178 1590 1230 ast

243 1256 320 1317 idem
343 1255 524 1319 diatessaron
546 1256 714 1331 abundans,
749 1263 780 1316 at
808 1260 886 1333 ,inter
915 1255 1095 1332 divergentia
1125 1257 1307 1317 destituimur
1328 1257 1497 1321 harmonica
1518 1274 1589 1334 pro-

242 1347 391 1421 portione:
420 1349 516 1406 minor
545 1347 621 1406 enirn
649 1353 694 1404 cst
722 1361 809 1420 quam
842 1344 1063 1422 hemidiapason
1092 1340 1133 1427 (si
1164 1347 1205 1404 ita
1227 1345 1296 1405 licet
1317 1341 1432 1426 loqui),
1461 1345 1518 1403 hoc
1547 1353 1590 1404 cst

243 1433 337 1490 minor
358 1451 446 1510 quam
468 1432 639 1511 semidupla
663 1433 797 1507 Denique
821 1433 895 1491 inter
917 1427 943 1512 ῼ
967 1440 996 1491 et
1019 1427 1045 1512 Q
1069 1429 1250 1507 divergentia
1271 1431 1360 1511 paulo
1382 1433 1477 1491 minus
1500 1433 1591 1492 inter-

244 1527 289 1580 est
311 1523 472 1598 composita
495 1538 531 1580 ex
553 1520 695 1597 diapason
724 1526 753 1580 et
782 1521 869 1580 tertia
890 1521 1020 1596 minore;
1052 1522 1126 1580 inter
1153 1521 1362 1598 convergentia
1388 1528 1433 1579 est
1454 1519 1590 1597 diapente

244 1605 407 1683 abundans,
428 1607 517 1685 paulo
539 1606 615 1684 plus.
997 1649 999 1656 .

328 1695 392 1756 Etsi
414 1697 502 1772 igitur
516 1713 604 1755 unum
627 1692 812 1754 intervallum
834 1691 923 1770 paulo
945 1691 1062 1768 longius
1078 1694 1140 1752 abit
1155 1695 1193 1753 ab
1208 1693 1393 1763 harmonicis,
1417 1693 1471 1753 luit
1492 1700 1590 1754 tamen

243 1781 291 1841 hic
311 1798 463 1844 successus
485 1785 707 1843 inritamentum
730 1781 767 1841 ad
790 1779 1032 1858 progrediendum
1048 1780 1179 1840 ulterius.
1201 1781 1293 1857 Erant
1308 1790 1406 1842 autem
1429 1781 1484 1841 hac
1506 1799 1589 1841 meae

242 1871 490 1931 ratiocinationes.
514 1871 664 1934 ,Primum
695 1867 850 1928 intervalla
879 1868 967 1942 haec,
997 1871 1026 1926 in
1050 1875 1191 1944 quantum
1214 1878 1281 1928 sunt
1303 1868 1502 1946 longitudines
1524 1871 1587 1928 sine
1627 1891 1629 1899 ’

242 1965 340 2032 motu,
374 1964 522 2036 nonapte
544 1957 582 2017 ad
613 1957 782 2017 harmonica
804 1957 1018 2027 examinantur,
1051 1958 1121 2031 quia
1151 1956 1310 2016 harmoniis
1332 1959 1427 2034 magis
1449 1956 1590 2017 lamiliare

243 2045 406 2121 subiectum
429 2055 473 2106 est
495 2053 606 2120 motus,
636 2061 727 2105 causa
756 2042 910 2103 celeritatis
942 2050 972 2102 et
1002 2043 1154 2102 tarditatis.
1200 2043 1314 2103 Deinde
1346 2046 1374 2102 in
1409 2043 1529 2118 iisdem,
1560 2046 1589 2102 in

243 2133 475 2209 quantum'sunt
498 2133 630 2193 diametri
655 2132 776 2204 orbium,
800 2129 938 2190 credibile
961 2138 1005 2192 est
1029 2132 1173 2207 potiorem
1206 2149 1271 2191 esse
1293 2131 1424 2191 habitam
1447 2133 1590 2192 rationem

244 2235 398 2296 corporum
419 2221 594 2299 regularium
619 2222 748 2297 quinque
771 2235 806 2278 ex
821 2217 974 2296 analogia,
999 2220 1070 2294 quia
1093 2235 1168 2293 quae
1191 2220 1265 2279 ratio
1281 2228 1326 2279 est
1342 2235 1494 2297 corporum
1516 2235 1590 2296 geo·

242 2311 426 2368 metricorum
450 2308 610 2368 solidorum
632 2306 670 2367 ad
693 2305 835 2366 coelestes
858 2307 952 2377 orbes,
976 2305 1165 2383 undiquaque
1181 2306 1228 2366 vel
1244 2305 1359 2367 clausos
1382 2307 1502 2368 coelesti
1525 2323 1591 2366 ma·

243 2397 331 2470 teria,
366 2405 399 2456 ut
420 2397 484 2456 vult
507 2397 678 2472 antiquitas,
706 2393 753 2453 vel
784 2391 962 2468 claudendos
992 2396 1157 2454 successive
1184 2394 1373 2471 plur-imarum
1405 2397 1591 2472 gyrationnm

243 2482 509 2559 agglomeratione,
538 2484 640 2542 eadem
663 2487 709 2541 est
731 2487 761 2541 et
782 2480 935 2558 planarum
957 2479 1123 2556 figurarum,
1147 2481 1255 2542 circulo
1277 2481 1481 2560 inscriptiiium
1503 2479 1591 2562 (quae

244 2567 354 2646 figurae
377 2571 543 2631 hermoniae
566 2564 715 2650 gignunt),
739 2566 778 2626 ad
800 2567 922 2628 circulos
938 2569 1079 2650 coelestes
1101 2577 1232 2628 motuum
1256 2577 1410 2646 ceteraque
1433 2571 1538 2647 spatia,
1561 2571 1590 2627 in

243 2659 351 2732 quibus
374 2658 448 2718 linat
467 2665 577 2719 motus.
614 2658 691 2734 Ergo
715 2657 740 2714 si
763 2657 930 2732 quaerimus
944 2655 1120 2730 harmonias,
1143 2673 1318 2733 quaeramus
1340 2674 1391 2717 eas
1412 2673 1470 2717 non
1493 2661 1523 2715 in
1545 2656 1591 2716 his

243 2742 419 2820 intervallis,
452 2753 485 2804 ut
507 2752 576 2804 sunt
597 2744 805 2805 semidiametri
827 2743 955 2816 orbium,
983 2743 1035 2802 sed
1057 2747 1087 2802 in
1109 2743 1182 2817 illis,
1206 2753 1239 2803 nt
1260 2753 1328 2803 sunt
1349 2761 1503 2814 mensurae
1525 2761 1591 2804 mo·
1658 2753 1662 2762 ’

244 2839 335 2906 tunm,
359 2832 415 2892 hoc
438 2839 483 2892 est
505 2835 534 2891 in
557 2834 629 2910 ipsis
651 2834 750 2911 potins
771 2831 909 2891 motibus.
954 2829 1032 2891 Sane
1054 2831 1210 2891 intervalla
1231 2849 1289 2892 non
1312 2832 1372 2892 alia
1393 2841 1517 2910 possunt
1539 2849 1591 2892 ac·

243 2921 300 2997 cipi
330 2937 383 2997 pro
412 2919 635 2980 semidiametris
663 2916 791 2992 orbium,
823 2935 910 2993 quam
938 2917 1110 2994 mediocria,
1144 2935 1198 2980 nos
1221 2936 1291 2980 vero
1321 2919 1368 2979 hic
1397 2919 1433 2980 de
1455 2921 1591 2981 extremis

243 3009 357 3083 aglmru
381 3006 552 3067 intervallis.
576 3001 663 3066 'Non
685 3008 799 3082 agimus
822 3007 911 3082 igitur
933 3007 969 3068 de
991 3005 1153 3068 intervallis
1168 3013 1303 3086 respecta
1326 3023 1445 3068 snorum
1467 3009 1590 3082 orbium,

243 3093 294 3154 sed
317 3103 458 3171 respectu,
474 3101 614 3154 motuum.

328 3180 384 3242 His
407 3183 495 3258 igitur
518 3181 554 3242 de
577 3182 673 3242 causis
697 3197 762 3244 cum
786 3179 823 3240 ad
846 3188 977 3240 motuum
1000 3189 1192 3242 extremorum
1215 3185 1462 3260 comparationem
1484 3183 1592 3241 transi-

243 3271 369 3344 vissem,
403 3271 528 3345 primunr
550 3277 720 3348 manserunt
742 3267 942 3345 magnitudine
965 3267 1085 3328 modern
1107 3277 1239 3329 motuum
1261 3273 1482 3350 proportiones,
1515 3282 1591 3345 quae

128 3405 130 3420 .
242 3358 323 3433 prius
346 3364 428 3416 erant
450 3355 688 3428 intervallorum,
712 3355 915 3415 tantummodo
938 3373 1075 3431 eversae3
1105 3374 1195 3434 quare
1218 3359 1306 3449 etiam
1329 3362 1404 3418 inter
1424 3366 1522 3416 motus
1544 3359 1591 3413 in-

243 3452 349 3504 ventae
365 3449 434 3503 sunt
448 3447 650 3521 proportiones
665 3443 791 3519 aliquae,
815 3451 847 3502 nt
862 3445 951 3519 prius,
974 3445 1164 3504 inconcinnae
1187 3455 1216 3504 et
1232 3446 1269 3505 ab
1293 3446 1449 3505 harmoniis
1466 3443 1590 3503 alienae.

242 3530 278 3590 Id
301 3548 371 3591 rero
393 3549 507 3590 rursum
529 3540 610 3592 ratus
633 3548 698 3591 snm
720 3533 823 3591 merito
854 3529 925 3589 mibi
948 3532 1079 3605 evenire,
1113 3535 1236 3608 quippe.
1250 3535 1300 3608 qui
1331 3548 1495 3609 comparem
1518 3533 1593 3590 inter

243 3635 276 3678 se
297 3635 381 3678 arcun
403 3622 565 3698 ecceutrioi,
589 3621 640 3697 qui
662 3635 757 3694 neque
779 3621 838 3677 sint
859 3620 988 3694 expressi
1010 3626 1039 3678 et
1061 3622 1202 3679 numerati
1225 3635 1361 3680 mensura
1383 3616 1592 3698 magnitudinis

244 3704 391 3782 ejusdem,
419 3707 472 3767 sed
493 3713 681 3767 numerentur
701 3703 840 3783 gradibus
863 3713 892 3764 et
914 3707 1048 3779 minutis,
1080 3723 1155 3781 quae
1178 3715 1246 3767 sust
1267 3709 1297 3766 in
1320 3707 1446 3783 planetis
1470 3706 1593 3765 dirersis

243 3793 452 3870 magnitudinis
475 3794 618 3869 diversae,
631 3811 736 3878 neque
751 3796 840 3852 etiam
854 3793 964 3852 iaciant
979 3796 1178 3870 apparentium
1202 3791 1284 3854 ullibi
1307 3801 1428 3868 tentam
1452 3798 1593 3870 quantum

245 3881 315 3941 dicit
337 3898 474 3944 numerus
496 3883 648 3960 cujusque,
672 3884 728 3940 nisi
750 3887 862 3939 tantum
886 3881 914 3938 in
938 3889 1036 3941 centro
1060 3885 1210 3942 eccentrici
1234 3883 1384 3960 cujusque,
1409 3882 1487 3960 quod
1510 3878 1593 3938 nullo

244 3974 365 4046 corpore
387 3976 431 4030 cst
453 3970 612 4042 suffultum,
636 3986 672 4029 ac
692 3967 814 4045 proinde
838 3970 925 4028 etiam
948 3967 1117 4044 incredibile
1140 3977 1193 4045 est,
1216 3987 1333 4030 sensum
1356 3971 1405 4031 rel
1426 3971 1593 4029 instinctum

244 4057 437 4117 naturalem·
429 4075 459 4116 ιιι
482 4057 532 4117 illo
554 4056 656 4116 mnndi
679 4055 744 4116 ioco
767 4054 859 4115 ullum
883 4073 962 4131 csse,
985 4059 1174 4136 apparentiae
1196 4057 1296 4134 hujus
1306 4075 1459 4136 capacem,
1483 4059 1541 4114 imo
1565 4061 1594 4114 et

244 4145 441 4222 impossibile,
477 4144 621 4221 siquidem
652 4145 857 4220 comparabam
885 4144 1065 4204 diversorum
1097 4145 1280 4223 planetarum
1309 4163 1393 4205 arcus
1417 4145 1609 4204 cocerrtricos.

225 4249 336 4298 ¹causa
357 4249 428 4292 snae
450 4233 641 4310 apparentiae
664 4234 693 4289 in
716 4234 821 4291 centris
844 4235 914 4306 snis,
939 4249 1015 4308 quae
1038 4232 1146 4302 diversi
1168 4235 1302 4295 obtinent
1317 4234 1449 4308 dirersaJ
1473 4246 1594 4309 compa

171 4349 177 4358 ι
245 4325 326 4380 retae
350 4337 419 4382 vero
443 4318 577 4380 diversae
599 4325 772 4398 apparentes
805 4319 1050 4396 magnitudines·
1041 4337 1071 4378 ιιι
1092 4337 1151 4380 nno
1174 4321 1320 4381 debebant
1340 4320 1441 4380 mundi
1464 4319 1530 4380 loco
1551 4320 1594 4377 sic

246 4424 395 4484 apparere,
419 4415 452 4467 ut
473 4408 520 4483 id,
544 4407 621 4484 quod
644 4405 813 4466 laenitatem
835 4407 924 4467 habet
946 4407 1133 4484 comparandi
1156 4409 1221 4482 illa,
1246 4409 1285 4467 sit
1306 4410 1335 4466 in
1359 4407 1413 4484 ⁴illo
1433 4408 1594 4468 communis
1644 4467 1646 4470 .

246 4497 436 4573 apparentiae
458 4494 525 4556 loco
547 4512 697 4574 praesens.
741 4493 802 4553 Ant
825 4497 913 4570 igitur
935 4494 1140 4554 removendam
1163 4512 1199 4554 ex
1221 4499 1319 4555 animo
1335 4497 1594 4573 censuiapparen-

246 4583 318 4642 tiam
341 4583 445 4642 horum
468 4600 586 4644 arcuum
609 4584 842 4657 eccentricornm,
865 4589 918 4640 sut
932 4579 1016 4640 aliter
1031 4581 1249 4642 informandam.
1266 4581 1272 4594 “
1289 4583 1401 4659 Quodsi
1416 4598 1593 4644 removerem

247 4674 451 4749 apparentiam
473 4678 504 4732 et
524 4678 649 4731 mentem
678 4668 718 4730 ad
744 4670 810 4748 ipsa
832 4669 935 4729 diurna
963 4668 1145 4745 planetarum
1173 4672 1278 4730 itinera
1306 4671 1500 4746 attenderem,
1532 4667 1594 4729 ridi

247 4757 388 4818 utendum
412 4775 476 4819 esse
498 4767 654 4838 praecepto
676 4757 737 4835 illo,
760 4757 839 4835 quod
861 4757 1002 4836 superiori
1026 4759 1121 4838 capite
1142 4775 1262 4820 numero
1279 4763 1307 4822 9.
1329 4757 1445 4822 tradidi.
1489 4755 1593 4818 Multi·
