3676 5536
334 329 398 390 230
748 324 790 380 De
809 275 1074 394 Contigumtionibus
1094 324 1272 382 Harmonicls.

336 521 425 565 uuum
453 502 501 566 vel
532 505 631 566 omnia
653 509 734 566 motu
765 502 892 580 quodam
920 503 1134 580 longitudinem
1160 505 1202 564 rei
1225 513 1392 582 permutant
1421 511 1592 588 terminique
1614 511 1683 570 dant

334 594 460 671 partium
482 591 689 670 longitudinis,
722 593 796 651 inter
826 609 900 668 quae
923 593 962 651 sit
984 593 1149 669 proportio,
1182 600 1211 653 ct
1233 593 1289 652 hoc
1317 594 1355 653 ad
1378 597 1538 656 minimum.
1585 597 1680 673 litque

335 681 364 740 id
388 681 420 740 lit
442 699 478 741 ex
500 688 583 758 parta
607 683 636 738 in
660 679 952 758 configurationibus,
976 679 1063 754 hujus
1086 680 1137 740 lib.
1154 678 1208 741 IV.
1231 684 1348 758 proprio
1363 683 1509 759 subjecto.
1555 684 1630 746 Nam
1653 690 1683 743 ut

335 769 446 829 dicetur
467 771 563 845 capite
586 769 728 844 sequenti,
752 768 921 828 harmoniae
944 767 1061 843 quidem
1084 770 1115 826 iu
1138 767 1281 846 angulis,
1300 787 1374 845 quos
1397 775 1514 830 motitur
1536 772 1681 846 zodiacus,

335 857 554 918 considerantur
575 858 637 916 sine
660 863 755 930 motu,
785 855 886 932 anguli
908 861 1005 915 tomen
1029 856 1085 931 ipsi
1108 855 1159 915 alii
1181 873 1218 917 ex
1240 855 1307 915 aliis
1330 874 1484 934 corporum
1507 860 1681 919 radiantium

335 951 417 1005 motu
439 961 490 1022 per
513 943 665 1004 zodiacum
689 944 913 1004 constituuntur.
959 941 1034 1002 Sunt
1055 950 1153 1002 tamen
1177 944 1255 1003 modi
1278 949 1521 1021 praestantiores,
1551 947 1590 1007 ad
1613 964 1684 1007 eun·

336 1033 401 1092 dem
423 1031 509 1092 finem
531 1031 698 1106 tendentes,
722 1039 756 1090 nt
778 1047 842 1092 cum
865 1039 996 1108 corpora,
1019 1047 1096 1107 quac
1117 1031 1228 1090 habent
1249 1031 1470 1108 longitudinem,
1495 1038 1611 1112 ipsust
1634 1033 1684 1094 de-

335 1121 524 1180 terminantur
546 1118 655 1182 talibus
677 1121 779 1196 signia,
802 1135 915 1178 sursum
938 1117 1074 1178 deorsum
1097 1119 1274 1192 artantibus,
1299 1127 1328 1180 et
1350 1123 1442 1190 trunci
1465 1122 1599 1198 qnalibet
1622 1125 1684 1182 vice

334 1207 485 1284 intercepti
508 1199 594 1266 simul
617 1213 785 1282 monentur,
820 1213 852 1264 ut
874 1207 917 1264 ita
938 1223 996 1264 non
1015 1207 1079 1281 Jam
1102 1222 1237 1285 corpora,
1261 1206 1313 1266 scd
1335 1215 1431 1270 motus
1454 1211 1510 1286 ipsi
1534 1226 1687 1287 corpomm

335 1313 425 1356 causa
447 1293 638 1371 longitudinis
661 1301 690 1354 et
713 1294 865 1354 brevitatis
887 1309 946 1352 non
969 1294 1137 1371 temporalis
1167 1292 1219 1354 sed
1242 1310 1398 1370 corporeae
1421 1293 1546 1378 (quippe
1573 1299 1686 1376 species

335 1390 468 1444 motuum
490 1383 748 1459 interpolatorum,
772 1398 824 1441 seu
847 1397 1000 1458 corporum
1029 1382 1058 1439 in
1081 1389 1161 1441 motu
1186 1379 1424 1464 constitutorum)
1448 1387 1523 1444 inter
1546 1402 1581 1459 sc
1606 1401 1686 1444 com·

334 1477 482 1550 parentur.
528 1468 782 1545 Quemadmodum
811 1485 842 1532 sc
871 1485 917 1528 res
944 1468 1035 1528 habet
1062 1485 1127 1528 cum
1156 1471 1251 1528 sonis:
1285 1486 1352 1529 nam
1381 1489 1470 1530 sonus
1501 1480 1547 1532 est
1574 1475 1686 1550 species

335 1561 443 1620 omissa
465 1574 480 1616 e
504 1575 640 1634 corpore,
663 1563 693 1617 et
713 1563 747 1617 ut
768 1562 910 1634 quantum
933 1555 1020 1627 illud,
1053 1563 1083 1616 et
1106 1562 1138 1615 ut
1158 1556 1315 1632 figuratum
1343 1548 1574 1635 quadamtenus,
1605 1562 1634 1618 ei
1655 1567 1687 1617 ut

319 1651 365 1728 ,in
388 1653 470 1706 motu
493 1647 683 1706 constitutum
707 1652 768 1719 est,
797 1646 868 1720 quia
889 1660 942 1721 pro
965 1642 1129 1719 aptitudine
1153 1643 1261 1721 figurae
1292 1652 1336 1705 est
1358 1655 1388 1705 et
1409 1654 1506 1705 motus
1535 1654 1565 1707 et
1589 1663 1686 1706 sonus.

424 1732 523 1809 Atque
552 1733 625 1793 haec
649 1733 711 1808 jam
739 1731 833 1793 altera
861 1733 954 1806 inagis
985 1730 1105 1792 evidens
1135 1747 1226 1792 causa
1256 1740 1314 1805 est,
1350 1747 1400 1794 cur
1428 1742 1534 1794 natura
1562 1733 1687 1794 hominis

336 1839 474 1882 sonorum
496 1821 681 1898 potissimum
703 1819 941 1898 proportionibus
964 1818 1139 1879 harmonicis
1161 1821 1200 1878 sit
1222 1817 1345 1878 dedita,
1373 1821 1422 1879 Fit
1443 1839 1471 1881 n.
1496 1822 1552 1882 boo
1575 1840 1687 1882 rursum

338 1911 376 1970 oh
400 1909 660 1969 conformationem
691 1910 737 1968 sui
768 1909 913 1983 corporis,
945 1907 973 1963 in
998 1923 1056 1982 qno
1084 1913 1184 1983 guttur
1213 1906 1286 1966 illud
1310 1924 1414 1985 eorpus
1443 1916 1503 1982 est,
1534 1909 1616 1985 quod
1638 1927 1688 1985 pro

336 1998 494 2076 superioris
516 1997 562 2054 vel
587 1997 729 2056 interioris
753 1993 852 2054 circuli
876 1994 1057 2068 cartilaginei
1080 1995 1109 2052 in
1132 2011 1236 2071 aspera
1257 1996 1363 2055 arteria
1385 1999 1591 2057 constrictione
1615 2015 1689 2056 nuuc

336 2085 456 2161 longum
483 2100 560 2142 rrunc
583 2084 671 2143 breue
694 2091 739 2142 est
762 2081 900 2158 quodque
922 2082 1081 2159 impulsum
1103 2083 1205 2160 spiritu
1234 2099 1270 2141 ex
1296 2081 1465 2160 pulmonum
1493 2083 1617 2144 lollibus
1639 2103 1688 2144 cx-

330 2187 438 2249 presso
467 2172 597 2231 cavitate
630 2187 685 2230 sua
713 2168 818 2251 (ligura
845 2166 961 2250 nempe)
991 2176 1103 2229 motum
1133 2169 1193 2230 edit
1224 2169 1362 2245 similem,
1401 2171 1484 2248 quus
1517 2179 1547 2231 et
1576 2175 1689 2250 specics

337 2257 444 2320 accidit
467 2258 603 2332 nuribus,
634 2264 664 2318 ct
685 2259 783 2319 sensio
807 2253 941 2336 (arteriae
964 2257 1072 2333 ipsius,
1102 2263 1135 2316 ut
1157 2264 1201 2316 est
1223 2257 1252 2316 in
1275 2265 1357 2318 motu
1380 2257 1550 2340 constituta)
1572 2262 1689 2320 animae

317 2348 474 2408 'sentienti
500 2352 617 2424 praesto
641 2351 702 2419 cst,
730 2347 839 2422 quippe
868 2344 932 2425 hoc¹
952 2346 1098 2404 communi
1120 2353 1208 2404 sensu
1230 2347 1337 2405 sentire
1368 2354 1426 2420 est,
1457 2347 1512 2405 lrui
1534 2349 1690 2424 speciebus

195 2445 200 2453 “
255 2493 260 2506 ,
335 2435 531 2494 mcmbrorum
563 2433 706 2510 corpmis,
736 2439 769 2491 ut
796 2439 863 2491 sunt
893 2431 944 2492 illa
972 2435 1062 2491 variis
1089 2432 1194 2492 allecta
1223 2439 1252 2491 et
1283 2434 1366 2508 quasi
1397 2433 1522 2494 lormata
1544 2437 1690 2508 motibus3

337 2541 414 2600 quae
436 2523 558 2599 species,
582 2530 616 2579 ut
637 2521 667 2578 iu
683 2519 843 2597 Dioptricis
864 2518 1018 2596 explicavi,
1041 2521 1195 2596 spirituum
1213 2522 1404 2580 continuitate
1419 2521 1551 2580 feruntur
1567 2541 1586 2583 a
1601 2541 1690 2582 mem·

336 2611 397 2671 bris
421 2610 560 2688 corporis,
584 2609 673 2667 etiam
695 2609 822 2680 remotis,
846 2605 884 2666 ad
906 2605 1005 2666 sedam
1026 2624 1130 2666 senens
1153 2610 1324 2668 communis.
1368 2609 1418 2667 Fit
1441 2610 1542 2684 igitur,
1567 2618 1602 2670 nt
1624 2613 1691 2688 quia

336 2698 426 2758 homo
460 2697 561 2757 crebra
593 2695 730 2754 censione
764 2711 885 2772 asperae
908 2711 980 2753 suae
1011 2697 1135 2755 arteriae
1168 2697 1198 2753 in
1229 2705 1310 2754 motu
1343 2697 1519 2758 constitutae
1552 2699 1691 2759 combibit

337 2785 435 2845 ideam
459 2781 605 2860 quandam
630 2782 1044 2858 conformationis'corporum
1067 2782 1289 2858 quomodolibet
1308 2787 1484 2860 sonantium,
1508 2785 1589 2845 idem
1613 2793 1691 2846 tanto

337 2871 453 2936 facilius
476 2877 618 2948 agnoscat
648 2877 678 2930 et
700 2869 842 2945 dijudicet
864 2871 947 2956 quasi
978 2870 1222 2932 conformationes
1246 2871 1397 2946 corporum
1428 2881 1510 2932 extra
1531 2891 1566 2933 sa
1597 2883 1691 2934 moto·

340 2978 404 3019 rum
440 2973 546 3035 eoque=
564 2967 645 3017 motu
674 2960 789 3016 sonitus
820 2958 1013 3016 emittentium
1045 2975 1155 3035 eosque
1186 2961 1260 3018 iuter
1282 2975 1313 3018 se
1337 2950 1520 3036 comparatos
1552 2960 1593 3020 ad
1617 2961 1693 3039 leges

339 3047 573 3108 harmonicorum
594 3047 815 3123 proportionum
837 3045 990 3108 examinet

904 3277 1045 3350 CAPUT
1072 3279 1124 3350 lV.

339 3425 427 3499 Quid
452 3427 676 3484 discriminis
703 3427 750 3483 sit
776 3428 873 3482 inter
898 3424 1100 3480 harmonias
1126 3431 1265 3495 quarto,
1296 3432 1330 3480 et
1361 3427 1452 3481 inter
1478 3425 1560 3482 illas
1591 3429 1692 3482 tertio

831 3512 923 3582 libro
949 3511 1201 3567 consideratas.

343 3670 353 3684 ⁸
427 3658 537 3735 Quanti
553 3631 606 3721 'res
628 3660 766 3720 momenti
789 3661 828 3718 sit
850 3656 887 3717 ad
909 3658 985 3718 benc
1001 3654 1277 3735 philosophandum,
1302 3655 1480 3734 distinguere
1498 3677 1596 3719 rerum
1615 3660 1690 3732 lines,

340 3753 416 3811 inter
439 3765 471 3808 se
494 3755 620 3826 cognate
642 3748 784 3820 conferre,
814 3763 850 3806 ne
873 3763 925 3823 pro
948 3745 1052 3804 iisdem
1075 3745 1248 3818 habeantur,
1275 3747 1411 3822 opposita
1433 3749 1635 3821 committere,
1665 3756 1693 3806 nt

227 3843 231 3851 '
342 3837 533 3909 illustrentur,
565 3836 595 3895 id
617 3835 691 3894 nihil
712 3838 817 3894 attinet
839 3834 963 3910 longiori
986 3849 1119 3892 sermone
1140 3831 1276 3910 preclari.
1320 3831 1417 3907 Quare
1442 3850 1548 3911 operae
1573 3837 1695 3912 pretium
1810 3899 1811 3924 χ

339 3925 435 3999 luerit,
461 3925 568 3998 omnia,
593 3940 669 4000 quae
691 3915 832 3982 hacteuus
855 3920 893 3981 ad
916 3921 971 3980 hoe
993 3920 1079 3980 utilia
1102 3917 1149 3979 rol
1165 3922 1286 3996 sparsim
1304 3919 1351 3979 vel
1368 3922 1520 3981 obscurius
1534 3923 1586 3982 rel
1604 3925 1695 3982 obiter
1810 3925 1811 3990 ζ

339 4013 418 4072 dicta
440 4018 517 4085 sunt,
541 4013 595 4070 sub
618 4028 708 4070 arnum
731 4017 882 4086 aspectum
904 4023 1065 4086 proponere
1088 4014 1118 4067 et
1139 4007 1232 4066 sicubi
1254 4024 1327 4084 opus
1342 4016 1387 4068 est
1410 4009 1535 4086 amplius
1549 4009 1694 4070 illustrare

339 4101 437 4177 adque
459 4099 669 4180 praescriptum
693 4101 797 4175 capitis
812 4097 919 4156 lemma
934 4114 969 4155 cx
985 4095 1116 4172 prolesso
1132 4094 1360 4156 accommodare.
1406 4095 1589 4172 Quintuplex
1611 4100 1695 4173 igitur

339 4187 493 4248 discrimen
523 4194 568 4246 est
598 4189 672 4246 inter
699 4185 787 4261 hujus
818 4191 848 4244 ot
874 4182 1075 4261 praecedentis
1108 4181 1175 4242 libri
1206 4183 1476 4260 contemplationes
1492 4184 1692 4244 harmonicas:

341 4278 484 4335 nnumin
507 4292 538 4334 rc
561 4275 626 4350 ipsa
647 4273 825 4346 harmonica,
850 4288 940 4332 causa
961 4287 1032 4330 snae
1055 4269 1264 4349 amplitudinis,
1289 4270 1411 4330 alterum
1434 4273 1464 4328 iu
1484 4274 1618 4332 terminis
1634 4272 1695 4348 ejus

341 4362 508 4436 sensilibus,
532 4364 649 4422 tertium
672 4363 700 4418 in
725 4376 824 4434 causa,
845 4376 924 4435 quae
947 4357 1085 4418 conciliat
1106 4358 1275 4417 harmoniae
1298 4375 1381 4418 suam
1405 4361 1576 4433 essentiam,
1607 4375 1695 4436 quar-

341 4452 455 4508 tamin
477 4449 566 4510 modo
589 4447 750 4523 inessendi,
781 4447 915 4525 quintum
938 4448 967 4504 ln
991 4445 1092 4506 ordine
1114 4461 1284 4518 causarum,
1308 4461 1384 4521 quae
1406 4446 1532 4506 lormdnt
1553 4449 1694 4508 terminos

340 4538 535 4613 proportionis
557 4535 753 4597 harmonicae.

428 4621 453 4681 1.
477 4622 564 4697 Quod
586 4622 645 4684 rem
667 4627 762 4701 ipsam
785 4622 897 4694 attinet,
922 4637 1000 4696 quae
1020 4619 1190 4679 harmonica
1211 4621 1362 4696 proportio
1386 4619 1503 4694 dicitur,
1526 4619 1597 4680 illac
1621 4619 1693 4680 libro

341 4711 428 4770 tertio
451 4712 574 4785 primum
598 4721 677 4772 ortae
700 4729 720 4770 a
740 4710 920 4771 sectionibus
943 4707 1043 4771 circuli
1069 4725 1120 4784 per
1141 4705 1250 4783 figuras
1272 4708 1420 4784 regulares
1444 4707 1546 4786 planas
1570 4708 1694 4769 demon·

342 4795 488 4871 strobiles,
512 4813 578 4856 uror
602 4799 640 4860 ad
661 4805 755 4862 rectas
777 4796 872 4859 lineas
894 4796 1055 4865 translatae
1068 4797 1202 4873 interque
1219 4813 1251 4855 sc
1267 4798 1440 4856 commissas
1461 4803 1490 4856 et
1506 4796 1693 4874 conjugatae,
