3564 5540
630 405 874 497 Demuuttpatt'olne.
909 403 992 468 Libet·
1008 412 1029 466 Ι.
1439 423 1499 486 100

156 589 211 629 non
229 577 375 654 emmanu.
412 579 477 636 (lum
499 578 584 650 igitur
606 595 683 636 arone
701 582 795 637 cuculi
819 583 902 639 minui
919 585 1027 654 possint
1049 588 1078 642 in
1095 586 1243 660 inlinitum,
1271 593 1398 651 &untia
1418 595 1498 650 efism

155 651 239 722 hujus
257 657 353 724 puncti
371 664 496 712 excurret
512 659 541 713 in
559 660 704 720 inlinitum:
723 661 820 716 infiniti
832 678 904 732 vero,
923 679 972 719 eeu
990 665 1125 722 sametatis
1137 668 1259 726 infinitae
1271 672 1346 728 nulla
1358 677 1400 728 cist
1413 674 1497 728 scien·

154 731 203 785 tia.
238 732 277 786 Et
294 733 363 788 liaeo
380 733 526 792 difficaltu
543 745 621 794 tenet
635 739 831 809 triaectionem,
857 757 927 811 quae
950 743 1038 800 adhuc
1061 747 1208 816 simplicior
1227 757 1270 805 est
1297 759 1326 808 et
1343 753 1499 824 aequalitati

154 813 275 881 propior.
311 813 399 868 Multo
424 815 511 884 major
534 817 619 873 oritur
638 818 787 875 ‘difficultas
814 821 842 874 in
868 822 1044 892 sequentibus
1071 826 1246 883 sceuonibuc·
1267 817 1383 900 alicujus
1410 847 1497 908 uuus,

156 890 232 944 verbi
250 902 334 958 musa
349 892 378 946 in
395 894 419 962 6,
440 897 464 961 7,
484 895 509 963 0,
530 897 559 950 11
580 903 630 952 eto.
649 905 740 966 partes
758 905 893 968 aequales.
930 901 1018 956 Tunc·
1029 919 1055 956 n.
1073 919 1108 958 ne
1125 907 1217 974 puncti
1241 909 1348 978 quidem
1371 912 1499 967 identitas

155 967 274 1038 amplius
291 977 338 1028 est
350 971 497 1043 possibilie,
517 989 550 1028 ex
569 989 623 1062 qno
641 975 753 1032 eductae
770 985 870 1048 recmo,
887 995 959 1049 quae
975 981 1132 1050 subteqsam
1144 993 1238 1041 secant
1254 988 1283 1042 in
1294 997 1387 1058 partes
1400 1005 1499 1060 aequa·

154 1047 196 1102 les
214 1049 371 1119 imperatae.
393 1053 503 1107 eaedem
521 1061 549 1108 et
566 1070 659 1110 arcum
674 1055 848 1125 inaequales
866 1064 967 1114 secent.

149 1157 153 1163 ·
244 1127 377 1197 chqnit
393 1132 459 1185 'vero
477 1132 672 1201 praesidiorum
690 1133 725 1188 etl
742 1136 921 1204 promiscuam
936 1136 1083 1198 sectionem
1101 1155 1245 1208 possumus
1263 1143 1373 1214 aliene,
1397 1137 1496 1206 deduc.

154 1212 214 1259 tum
232 1219 266 1259 ex
284 1221 409 1277 numero,
432 1210 479 1279 qui
495 1213 642 1272 sectionem
661 1213 826 1276 denominat.
854 1216 881 1272 it
900 1227 1011 1274 necesse
1029 1222 1148 1275 estesse
1166 1223 1291 1290 generale
1315 1233 1342 1280 et
1360 1243 1499 1286 commune

153 1285 341 1362 cujuscunque
358 1301 437 1344 arcus
455 1290 604 1357 sabiensis,
627 1299 684 1347 tam
701 1294 802 1362 magni,
826 1296 872 1364 qui
888 1297 1002 1354 multum
1027 1314 1044 1354 a
1061 1312 1112 1352 sua
1128 1298 1260 1356 subterra
1288 1302 1390 1376 *differt
1418 1324 1498 1379 qnam

153 1373 239 1440 parsi,
257 1372 304 1440 qui
321 1365 422 1441 parum.
457 1371 540 1441 Atqui
557 1387 652 1439 vagam
669 1371 821 1442 relinquere
839 1377 1040 1444 proportionem
1057 1377 1174 1447 partium
1190 1379 1336 1438 subtensae
1354 1387 1389 1440 ad
1406 1397 1499 1458 partes

154 1465 236 1506 moue
251 1451 312 1520 sni,
330 1451 358 1506 id
376 1465 439 1514 vero
458 1465 512 1506 non
530 1458 573 1506 est
591 1450 768 1516 determinare
786 1454 940 1510 seientiice.
977 1459 1068 1526 Atque
1084 1457 1138 1512 hoo
1157 1449 1303 1529 praecipue
1321 1463 1423 1520 dictum
1440 1477 1498 1530 esto

153 1529 190 1584 ‹le
207 1530 363 1585 ιείοοοοίοεο
380 1531 424 1586 vel
441 1529 638 1600 quinisectione
656 1537 707 1586 etc.
727 1532 862 1602 Byrgiens
879 1535 1028 1605 analytica,¹
1044 1537 1080 1592 (1ο
1096 1553 1150 1605 qua
1167 1538 1388 1606 impraecetenti·
1400 1558 1498 1618 propo

152 1605 252 1663 duone
269 1607 372 1678 eginum
390 1609 507 1677 copiose.
543 1607 606 1665 Etsi
623 1624 687 1664 vero
707 1610 796 1664 omnia
813 1611 850 1664 ibi
869 1611 943 1668 dicta
959 1614 1062 1670 habent
1078 1617 1161 1670 etiarn
1177 1615 1225 1670 bio.
1239 1617 1339 1687 locum,
1365 1641 1384 1694 q
1404 1627 1498 1682 cedam

152 1694 245 1742 tamem
261 1686 317 1742 illic
334 1686 408 1742 elicta
425 1694 489 1744 sunt
506 1687 589 1756 htq’us
604 1687 661 1743 ¹Ioui
678 1687 763 1757 magis
781 1690 891 1758 propria
906 1691 1030 1762 fiuntque
1047 1693 1195 1749 illustriora
1213 1701 1242 1750 et
1256 1641 1454 1759 admirabiliora
1470 1707 1498 1760 in

153 1767 414 1837 rectione'arcnum,
442 1783 522 1838 qnam
539 1768 568 1822 in
585 1765 706 1822 escfione
732 1768 815 1824 totins
833 1769 936 1825 cuculi.
971 1773 1041 1828 Nam
1067 1781 1098 1828 nt
1119 1774 1240 1830 omittam
1262 1771 1312 1830 illa
1338 1783 1498 1854 communie,

152 1845 228 1915 quod
244 1846 405 1916 principium
422 1845 681 1915 petatnrimperato
702 1861 742 1914 eo,
762 1855 793 1900 ut
809 1847 947 1921 faciamus,
966 1853 1037 1923 quod
1049 1851 1347 1922 quomodoiecieudum'
1365 1856 1400 1914 ait
1418 1877 1498 1930 quae.

151 1926 277 1981 rebatur:
304 1924 378 1995 quod
396 1924 553 2006 affectiopes
572 1925 730 1994 quantitatis
749 1928 894 1985 conuenae
919 1947 973 1988 non
991 1933 1139 1987 scientifice
1156 1933 1306 2007 prodantur
1327 1952 1376 2005 per
1393 1942 1498 2008 quanti-

150 2011 225 2059 tates
243 2003 374 2060 uiseretm
393 2021 442 2060 eeu
459 2003 599 2060 numeros:
627 2005 699 2074 quod
724 2006 873 2077 quicunque
902 2012 1156 2067 numerus-elicitur
1181 2028 1231 2082 pro
1249 2012 1348 2078 latere,
1375 2017 1500 2074 determi³

151 2091 237 2140 nante
252 2079 357 2153 par'tem
375 2099 453 2140 mons
471 2085 642 2155 imperatam,
661 2085 706 2140 ille
725 2100 779 2141 nou
796 2089 883 2164 possit
900 2090 1043 2158 quicquam
1064 2091 1169 2158 docere,
1193 2099 1273 2159 quam
1291 2095 1364 2160 qnod
1376 2094 1444 2152 illud
1461 2099 1498 2154 sit
1575 2110 1582 2122 '

151 2161 195 2216 rel
212 2163 301 2231 majm
318 2163 362 2218 vel
379 2165 468 2218 minus
480 2162 595 2240 ¹debito,
620 2179 706 2233 eoque
724 2165 795 2221 sicut
812 2181 841 2222 se
859 2168 942 2223 habet
959 2169 1073 2244 materia
1081 2185 1086 2196 ·
1096 2168 1171 2224 rudis
1191 2176 1225 2226 ot·
1237 2171 1372 2241 indigesta
1390 2175 1425 2230 ad
1443 2176 1496 2232 ior·

151 2249 254 2298 metum
269 2241 348 2314 quid,
375 2243 446 2298 ucat
462 2244 599 2314 quantitas
616 2243 824 2306 indeterminata
843 2254 871 2302 et
888 2246 1028 2302 indefinita
1045 2247 1080 2301 ad
1097 2247 1225 2315 figuram,
1247 2249 1287 2305 sic
1304 2252 1385 2306 etiam
1403 2267 1433 2307 se
1450 2254 1497 2308 ha·

151 2325 217 2377 best
233 2321 367 2390 analytica
383 2321 437 2375 ista
453 2322 488 2376 ael
505 2321 743 2377 notaminationes
761 2324 949 2394 geometricam
974 2325 1041 2380 illud
1059 2326 1190 2394 imprimis
1208 2327 1344 2384 excellens
1361 2337 1390 2384 et
1407 2321 1497 2390 nobile

150 2407 195 2454 eat
211 2400 240 2453 in
257 2393 309 2454 bac
327 2413 407 2454 cossa
426 2400 662 2471 eemlmecbanica,
690 2403 807 2470 degener
824 2419 887 2458 uero
906 2411 934 2458 et
952 2399 1088 2472 abjectum
1115 2405 1146 2457 in
1168 2407 1315 2474 geometria
1339 2409 1495 2480 scientifica,

150 2477 225 2546 quod
243 2494 303 2534 oum
320 2491 496 2549 unaquaeque
521 2481 650 2537 subteneo
667 2481 756 2536 minor
774 2481 904 2538 dmmotro
932 2481 1038 2538 duobus
1056 2481 1150 2539 caecil
1166 2486 1285 2542 arcubus
1307 2483 1495 2558 inaequalibus

150 2563 341 2621 moneatur,
369 2570 483 2624 qnorum
501 2559 570 2615 alter
588 2561 674 2615 minor
691 2560 875 2632 semicirculo,
894 2562 1083 2632 altoi'maior,
1102 2577 1189 2631 eoque
1206 2565 1292 2634 partis
1309 2565 1444 2637 aliquotae
1462 2571 1496 2626 de

148 2639 254 2692 minore
272 2637 360 2692 minor
376 2637 416 2692 ‘sit
431 2639 574 2705 subteneo,
592 2639 677 2708 partis
695 2654 787 2710 aeque·
799 2647 899 2711 quotae
917 2642 1068 2712 dewmqiori
1086 2642 1184 2708 major:
1211 2643 1345 2714 analytica
1362 2645 1415 2702 ista
1431 2648 1496 2718 Byr

150 2719 232 2788 pinna
249 2731 303 2772 non
320 2721 425 2772 tantum
449 2716 483 2773 (1ο
500 2717 606 2774 duabus
627 2719 702 2774 hisoe
719 2719 919 2790 inaequalibus,
946 2719 1093 2776 sedetiam
1118 2719 1151 2774 de
1169 2719 1292 2790 pluribus
1317 2717 1377 2779 aliis
1403 2725 1495 2782 circuli
1575 2785 1579 2802 ¹

148 2795 286 2851 subtensis
303 2795 429 2866 generale
445 2796 510 2878 qnid
528 2797 672 2874 praecipit,
698 2797 771 2867 quoti
788 2798 853 2853 utile
871 2795 908 2853 elt
925 2798 960 2853 ed
978 2799 1037 2853 illae
1056 2813 1149 2854 ornnes
1167 2801 1286 2854 numeris
1308 2804 1430 2871 proxime
1449 2821 1495 2864 cr·

149 2875 313 2946 puniendas.
348 2873 430 2930 Verbi
448 2891 539 2943 muso,
560 2876 588 2932 in
605 2871 761 2933 trisectione
779 2875 825 2932 lex
843 2876 912 2932 haec
923 2883 981 2934 est:
1001 2876 1024 2932 si
1042 2877 1122 2933 datus
1140 2877 1268 2944 aitarens
1285 2881 1331 2949 (eit
1344 2883 1406 2952 48⁰)
1425 2885 1494 2952 ejus·

149 2970 202 3024 que
220 2951 363 3021 subteneo,
389 2960 417 3006 et
434 2953 457 3008 is
475 2969 555 3010 mons
573 2955 609 3010 sit
625 2956 696 3012 inter
712 2963 768 3011 tros
787 2961 878 3026 partes
896 2955 1041 3025 secundm,
1068 2956 1216 3024 quamlibet
1235 2959 1294 3028 160,
1317 2959 1369 3015 lsoe
1387 2963 1429 3016 'eet
1454 2964 1493 3018 in·
1530 3016 1535 3038 ¹

148 3030 283 3088 venienda
300 3031 337 3086 sit
354 3029 484 3086 subteneo
500 3032 582 3103 hujus
599 3035 686 3105 partis
704 3051 753 3090 ssu
771 3035 831 3104 ejus
848 3037 987 3106 proportio
1006 3036 1041 3090 ad
1059 3034 1215 3092 subtensam
1233 3037 1325 3106 totius,
1344 3041 1408 3095 10οε
1430 3051 1495 3098 tunc

144 3110 246 3179 jubeor
261 3111 352 3166 iacme
370 3115 402 3166 ut
418 3109 575 3168 subteneam
591 3114 675 3168 totius
694 3112 728 3168 ad
747 3115 896 3186 quaesitam
914 3115 1071 3171 subteneam
1088 3115 1182 3184 partis,
1202 3116 1241 3172 sio
1258 3115 1330 3172 hanc
1346 3117 1382 3174 a'tl
1399 3133 1494 3175 secan·

148 3191 211 3246 dam
230 3198 258 3248 ct
275 3197 422 3252 aecundam
439 3189 475 3244 ael
493 3193 599 3248 matiam
616 3192 859 3261 proportionalem,
883 3195 941 3264 jam
961 3193 1214 3264 jubeortriplicare
1235 3197 1392 3252 subteneam
1410 3203 1494 3268 partis

148 3277 177 3327 et
193 3273 229 3328 ab
246 3287 280 3328 ea
296 3273 403 3330 autem
420 3271 528 3348 tertiam
545 3271 788 3340 proportionalem,
818 3271 891 3341 quod
909 3272 1083 3342 relinquitur,
1108 3273 1256 3344 iudicitur
1278 3274 1367 3330 selme
1385 3278 1494 3333 subten-

149 3367 208 3408 sam
224 3355 317 3410 totius.
353 3355 413 3410 lioc
437 3361 493 3419 est,
519 3350 700 3407 desubtensa
718 3351 782 3406 deta
805 3367 869 3421 pars
886 3353 967 3407 tertie
991 3352 1181 3422 multiplicetur
1207 3354 1314 3424 cubico,
1341 3361 1372 3410 ut
1389 3356 1494 3430 fraeno,

149 3450 277 3489 numerus
294 3433 384 3490 iactas
402 3433 517 3490 addatur
535 3431 569 3486 ad
587 3435 690 3498 totum;
710 3430 833 3494 auctiisio
851 3430 931 3486 tertia
948 3446 1011 3500 pare
1025 3438 1066 3486 eet
1078 3431 1160 3501 paulo
1172 3433 1259 3488 minor
1271 3436 1401 3490 subteneo
1413 3453 1493 3508 quae·
1549 3497 1553 3503 ,
1653 3461 1657 3472 ·

148 3515 208 3568 sita.
244 3515 314 3570 Nam
333 3516 355 3571 ei
373 3531 480 3570 rursum
497 3513 565 3568 leaeo
582 3511 642 3581 ipen
656 3510 752 3566 cubico
770 3509 950 3578 multiplicata
967 3505 1001 3564 ad
1019 3511 1240 3590 totamaddatur,
1268 3511 1307 3568 sic
1325 3523 1421 3571 suetam
1439 3523 1494 3572 ter-

147 3594 186 3647 tia
206 3606 271 3662 pars
292 3594 405 3664 propius
427 3594 463 3649 atl
480 3607 571 3648 serum
594 3591 669 3648 vonit
695 3598 722 3647 et
739 3591 792 3646 hoo
814 3591 942 3647 contnuo
965 3605 1055 3660 usque
1078 3592 1107 3646 in
1124 3592 1279 3651 nummu:
1302 3595 1362 3651 Hoc
1384 3596 1493 3665 quidam

147 3685 278 3740 processa
296 3673 403 3728 venitur
424 3669 554 3742 paulatim
572 3684 657 3740 prope
680 3671 838 3726 subtensam
859 3672 1010 3740 16⁰3ctsi
1033 3669 1162 3740 mqiorem
1180 3673 1332 3728 omentum
1354 3690 1493 3730 numerum

146 3749 241 3805 cubico
257 3752 490 3823 multiplicantium
509 3757 537 3806 et
554 3750 661 3820 omnino
678 3755 783 3804 tantum
800 3747 866 3819 iere,
887 3755 1017 3818 quantum
1035 3750 1150 3806 crenus
1170 3749 1271 3806 indicat
1289 3751 1380 3808 deberi
1398 3753 1494 3810 tertiae

146 3831 218 3899 perti
236 3832 270 3886 de
286 3832 395 3886 residuo
414 3832 508 3887 cisami
524 3837 588 3900 post
606 3828 712 3885 ablatos
730 3829 790 3898 480,
810 3844 857 3883 vsc.
876 3827 954 3896 3120,
980 3825 1058 3895 cujus
1075 3829 1159 3884 tertis
1176 3836 1222 3895 est,
1239 3831 1308 3886 tots
1330 3839 1394 3887 uine
1412 3833 1493 3887 etiam

146 3909 304 3983 rubrensem
322 3927 400 3966 arcus
418 3911 489 3967 1040
506 3916 534 3965 et
552 3908 739 3977 complementi
757 3907 897 3966 25601166
913 3906 993 3960 noto
1011 3905 1143 3975 perficies.
1180 3909 1275 3979 Neque
1300 3910 1353 3966 boo
1378 3916 1493 3979 tantum,

146 3987 195 4042 scel
213 3988 237 4042 ei
255 3989 337 4044 etiam
354 3989 389 4042 ad
406 3989 443 4044 ts
459 3995 487 4043 et
503 3988 537 4042 ael
556 3989 614 4046 312,
625 3987 757 4056 adjeceris
769 3986 898 4045 obculmn
908 3986 1042 4054 integram
1056 3983 1115 4055 360,
1134 3987 1254 4043 invenies
1267 3988 1348 4052 etiam
1360 4004 1410 4058 pro
1422 4003 1492 4044 sum-

145 4081 251 4121 marum
275 4069 386 4122 istarum
404 4068 468 4132 108,
493 4067 544 4122 672
562 4068 720 4136 trientibus,
747 4067 850 4123 sufficet
868 4066 918 4121 136
943 4072 972 4120 et
989 4065 1053 4134 224,
1079 4067 1236 4125 subtensam
1253 4068 1333 4124 aliam
1356 4067 1493 4138 peridem

145 4158 244 4206 nomen
263 4146 402 4201 coesieum.
439 4147 476 4200 Et
492 4145 521 4200 in
538 4159 645 4214 gemme,
656 4152 731 4216 quot
747 4151 853 4201 restam
870 4145 988 4200 unitates
1005 4144 1035 4200 iu
1053 4161 1164 4202 nomem
1178 4142 1306 4207 sectionis
1324 4146 1429 4202 binario
1446 4148 1492 4203 ab·

144 4224 210 4292 lato,
229 4225 309 4280 toties
327 4216 391 4280 lieet
403 4222 655 4279 accerserentur
672 4225 814 4296 integrum,
832 4223 876 4292 sel
887 4238 980 4278 meum
994 4225 1140 4282 secandum
1157 4225 1335 4295 propositum,
1355 4231 1387 4281 ut
1398 4226 1492 4282 eodem

144 4302 254 4374 nomine
270 4304 376 4359 coesino
394 4319 525 4360 novorum
542 4313 653 4358 arcuum
671 4305 823 4372 subteneae.
834 4304 1005 4373 indagantur.
1028 4304 1086 4360 ,Ea
1105 4321 1159 4376 quo
1185 4313 1300 4374 apparet
1324 4306 1418 4376 masne
1438 4308 1490 4366 611-

145 4375 251 4443 odmen
264 4383 401 4438 nominum
421 4384 519 4440 horam
536 4382 700 4440 conuectum
718 4391 747 4440 et
763 4379 973 4442 scientificomm
990 4383 1136 4456 muium,
1162 4398 1231 4455 quos
1253 4384 1282 4440 in
1307 4387 1491 4458 superioribus

144 4459 288 4532 explicavi.
307 4519 313 4528 ,
722 4469 725 4479 ”
1427 4489 1432 4498 ·

231 4541 275 4595 An
292 4556 357 4596 roro
383 4555 438 4596 non
461 4543 549 4612 possit
572 4540 664 4612 aliqua
687 4541 805 4599 nobssim
827 4559 874 4600 ars
896 4545 1022 4614 interim,
1048 4559 1103 4614 qua
1119 4543 1254 4601 sationes
1278 4561 1388 4604 uerum
1406 4552 1490 4607 omni·

143 4620 240 4675 modae
257 4619 449 4691 pertinentur?
485 4618 663 4691 Respondeo,
682 4621 706 4675 si
723 4636 816 4677 omnes
834 4623 981 4678 subtensae
999 4639 1110 4679 monum
1128 4625 1332 4683 dividendorum
1349 4627 1400 4684 snb
1418 4645 1490 4686 com·

144 4701 217 4755 mani
234 4699 348 4754 notione
365 4698 571 4764 coanimantur
588 4706 616 4754 et
633 4700 657 4754 si
673 4698 721 4754 illa
738 4707 845 4755 tanturn
868 4701 999 4757 babemus
1017 4702 1168 4773 praesidia,
1190 4717 1261 4772 qnae
1284 4712 1348 4762 eunt
1365 4707 1489 4764 omnibus
1535 4712 1539 4718 '

144 4775 277 4850 quaesitis
294 4777 433 4834 subterreis
452 4779 618 4851 communia,
641 4785 672 4834 ut
689 4785 754 4834 eunt
771 4775 880 4833 illarum
897 4779 925 4834 in
943 4779 1119 4850 proportione
1142 4783 1264 4853 quaesita
1286 4783 1411 4844 continue
1428 4801 1490 4854 pro-

144 4857 312 4928 portionales
330 4863 510 4930 quotcunque,
523 4862 594 4916 'tunc
611 4859 731 4917 nobilius
745 4855 849 4928 aliquid
866 4858 939 4916 hautl
957 4859 1098 4932 quisquam
1113 4863 1331 4926 combustus
1347 4871 1491 4936 eumque
