3732 5528
848 319 989 395 Apologia.
1529 333 1591 396 433

240 503 314 564 baec
339 505 415 564 euim
440 501 586 564 caloribus
609 503 804 564 subterraneis
827 505 988 577 concitatis,
1012 503 1080 562 foris
1104 504 1191 563 etiam
1215 503 1316 579 adjuta
1334 503 1412 565 Solis
1436 503 1592 587 caloribus,

241 587 378 651 humores
409 593 613 652 subterraneos
643 592 670 648 iu
701 609 838 669 vaporem
869 599 1015 666 attenuat,
1054 608 1121 650 eum
1150 594 1178 648 iu
1207 591 1340 666 modum,
1375 610 1433 669 quo
1464 593 1591 654 bominis

240 682 337 739 anima
368 680 489 739 sudores
520 680 605 738 simul
637 686 666 738 et
695 681 921 756 evaporationes
952 681 1025 752 ciet,
1058 681 1170 737 irritata
1204 677 1399 739 mithridatico
1427 689 1479 740 aut
1510 689 1592 742 motu

240 769 369 844 corporis
399 767 584 828 exaestuans
629 764 697 826 Jam
733 766 892 843 vaporibus
924 765 1130 828 exhalantibus
1160 766 1264 844 reliqui
1293 775 1405 840 motus,
1436 771 1591 845 gravitatis

240 863 269 914 et
291 856 431 928 levitatis,
456 855 560 913 caloris
583 862 613 913 st
635 854 758 930 frigoris
783 854 937 913 densitatis
960 861 989 913 et
1011 855 1161 946 raritatiS,
1185 857 1339 915 momentis
1363 863 1437 914 ultro
1460 873 1592 934 sequun-

241 949 295 1004 tur.
342 941 400 1000 Sed
425 951 627 1018 argumentum
652 945 739 1000 ctiam
763 941 919 1000 audiamus
941 957 1040 1012 unum,
1063 927 1298 1002 hacteuusenim
1320 959 1414 1000 meras
1434 949 1592 1006 sententias

243 1029 428 1106 loquebaris:
454 1033 478 1088 si
502 1031 599 1087 anima
622 1027 730 1088 Terrae
753 1029 956 1106 tempestates
967 1032 996 1086 iu
1020 1033 1086 1088 aifre
1103 1032 1238 1102 concitat,
1263 1047 1371 1107 coepas
1386 1033 1480 1106 igitur
1502 1049 1592 1093 suum

238 1121 306 1194 ipsa
335 1117 459 1176 destruit
488 1125 514 1175 et
545 1117 698 1176 dilacerat.
743 1115 874 1175 Hoccine
904 1117 972 1188 tibi,
1003 1115 1147 1189 Roberte,
1172 1117 1355 1176 absurdum?
1387 1125 1415 1176 et
1441 1135 1591 1198 ununquam

241 1213 323 1263 tuam
346 1207 408 1281 ipse
433 1206 561 1280 linguam
594 1221 688 1264 errore
711 1207 921 1282 praecipitatus
944 1204 1142 1278 momordisti,
1176 1221 1327 1280 uunquam
1351 1203 1448 1263 sulcos
1473 1208 1501 1263 iu
1527 1216 1593 1267 cute

240 1295 324 1368 egisti
348 1291 520 1367 unguibus?
566 1293 612 1349 Au
635 1292 708 1350 forte
732 1309 788 1350 non
812 1300 864 1350 tua
886 1290 943 1350 boc
965 1293 1109 1368 praestitit
1133 1293 1245 1366 anima,
1279 1291 1330 1351 sed
1355 1291 1456 1351 dent'es
1485 1301 1513 1352 et
1536 1311 1592 1352 uu-

240 1398 312 1457 gues
336 1382 457 1438 seorsim
481 1381 518 1437 ab
542 1379 663 1438 areima?
707 1379 818 1438 Verum
842 1387 873 1436 tu
898 1378 935 1436 ad
959 1383 1120 1438 sententias
1143 1383 1311 1438 reuerteris:
1335 1381 1444 1438 antara
1466 1385 1594 1440 univer·

238 1467 309 1525 salis
331 1467 440 1526 muudi
461 1475 515 1538 est,
537 1467 618 1524 unde
640 1467 836 1544 tempestates,
854 1473 985 1526 cometae
1007 1473 1058 1525 etc.
1079 1467 1257 1542 procedunt.
1305 1465 1349 1526 De
1377 1469 1497 1526 cometis
1520 1469 1591 1527 nibil

150 1589 161 1604 ι
241 1555 402 1632 obloquor,
431 1571 488 1613 nou
513 1557 589 1611 etaim
612 1571 663 1613 eos
688 1573 723 1612 ex
746 1553 836 1612 Terra
859 1556 1013 1630 minusque
1046 1571 1080 1612 ex
1105 1557 1171 1614 a'e‘re
1194 1563 1294 1612 nostro
1328 1557 1394 1613 oriri
1419 1565 1506 1632 puto,
1542 1564 1594 1615 aut

243 1651 319 1701 certe
348 1643 549 1717 paucissimos.
597 1641 641 1700 lle
674 1635 897 1717 tempestatibus
928 1641 1000 1700 cedo
1031 1644 1158 1700 rationes
1190 1651 1241 1700 aut
1270 1641 1360 1702 fatere
1391 1643 1464 1701 nibil
1487 1643 1540 1702 abs
1564 1651 1592 1703 te

241 1729 349 1788 dictum
374 1747 445 1789 esse.
492 1729 553 1802 Est,
577 1731 681 1804 inquis,
705 1734 755 1787 aiir
778 1732 943 1806 passivum,
976 1727 1054 1788 illius
1078 1731 1193 1788 atrimae
1215 1728 1315 1787 mundi
1339 1731 1487 1806 proprium
1510 1731 1593 1808 ejus-

242 1834 299 1894 que
338 1818 503 1875 actionibus
537 1820 631 1892 magis
673 1825 782 1892 aptum.
840 1813 942 1890 Quid?
981 1819 1007 1874 si
1038 1815 1074 1876 de
1108 1815 1215 1876 Terrae
1250 1819 1348 1876 anima
1378 1817 1503 1878 dicerem
1536 1833 1591 1895 ego

241 1905 336 1978 idem,
360 1903 545 1963 verisimilior
568 1901 702 1979 equidem
721 1903 799 1963 'haec
822 1910 900 1963 esset
921 1903 1105 1962 familiaritas
1127 1907 1203 1963 iuter
1224 1906 1355 1978 ricinos,
1380 1904 1455 1964 iuter
1477 1921 1591 1982 aequa-

241 1990 293 2066 les,
319 2009 405 2068 quam
437 2001 469 2050 ut
491 1999 604 2049 tautum
627 1993 738 2067 negotii
769 1993 807 2050 sit
833 1990 874 2047 illi
905 1991 1005 2049 muudi
1037 1991 1208 2068 amplissimi
1242 1994 1357 2052 animae
1389 1994 1417 2049 in
1440 1992 1486 2052 bis
1516 1995 1592 2052 ae'ris

240 2081 331 2138 nostri
356 2081 513 2155 augustiis,
547 2085 583 2138 ut
605 2080 724 2156 offatim
748 2079 803 2137 atta
831 2080 864 2136 io
885 2077 931 2135 bia
953 2085 1037 2136 natet
1058 2085 1086 2136 et
1107 2085 1188 2154 apat.
1234 2077 1342 2138 Ve'rum
1372 2086 1400 2138 et
1427 2080 1483 2139 boc
1505 2097 1592 2156 nego,

239 2169 396 2244 aptiorem·
412 2185 475 2226 esse
509 2169 606 2242 a'e'rem
634 2165 827 2242 suscipiendis
850 2165 965 2224 animae
987 2163 1094 2224 Terras
1123 2167 1303 2239 actionibus,
1337 2185 1424 2242 quum
1452 2167 1590 2226 humores

241 2257 370 2331 corporis
393 2253 509 2314 Terrae.
555 2253 632 2328 Quid
656 2253 796 2330 quaeris?
825 2257 875 2311 adr
898 2261 980 2311 extra
1003 2260 1056 2326 est,
1080 2252 1183 2312 humor
1205 2253 1291 2325 intus,
1316 2254 1345 2311 in
1368 2253 1488 2314 humore
1512 2256 1593 2314 calor

240 2343 278 2402 ab
302 2345 399 2400 anima
422 2343 584 2400 concitatus
608 2341 718 2400 invenit
741 2338 818 2416 quod
842 2348 928 2416 agat,
951 2343 1001 2399 aiir
1020 2340 1082 2416 J'am
1106 2348 1274 2399 attenuatus
1299 2342 1357 2398 vim
1380 2341 1458 2402 illius
1482 2345 1588 2404 erasit.

240 2429 290 2489 Sic
313 2431 373 2504 igni
395 2431 473 2488 actio
496 2435 542 2487 est
565 2430 593 2486 iu
616 2427 743 2504 liguum,
768 2431 795 2484 iu
820 2428 945 2486 cinerem
967 2443 1025 2485 nou
1050 2423 1102 2486 estL

327 2515 424 2574 Velim
447 2519 536 2574 etiam
557 2517 644 2590 scire,
669 2515 815 2592 quodnam
839 2513 910 2571 illud
933 2517 971 2572 sit
993 2515 1089 2572 simile
1111 2517 1234 2572 animae
1255 2513 1442 2585 mundanae,
1474 2514 1592 2590 qrtode

239 2605 325 2664 coelis
350 2603 533 2678 quaudoque
555 2604 692 2679 inspicit,
716 2602 795 2679 quod
819 2619 876 2660 non
900 2603 938 2659 sit
954 2600 1145 2676 configuratio
1165 2601 1341 2674 harmonica,
1367 2610 1400 2661 ut
1416 2619 1471 2676 ego
1489 2599 1590 2676 doceo,

239 2691 290 2750 sed
322 2691 404 2766 quod
424 2691 602 2767 fortificatus
633 2691 671 2750 ab
701 2690 777 2750 illa?
813 2687 910 2748 Velim
934 2691 1022 2762 scire,
1059 2688 1130 2764 quid
1157 2689 1287 2748 conferat
1316 2689 1468 2748 exhalatio
1490 2695 1592 2749 terram

238 2781 411 2853 magnetica
433 2777 475 2835 od
495 2777 718 2854 suscipiendum
740 2779 891 2852 spiritam,
917 2775 946 2833 id
969 2782 1013 2835 est
1035 2775 1158 2835 adrem?
1204 2777 1444 2850 unnenscare,
1471 2775 1591 2836 Terram
1689 2781 1691 2786 '

240 2865 386 2925 sxlrauriri
410 2864 596 2924 exhalatione
620 2863 671 2923 illa
694 2877 788 2940 eoque
811 2866 957 2922 sitientem
980 2881 1043 2922 sese
1067 2871 1192 2923 attractu
1220 2865 1295 2924 airis
1318 2862 1458 2940 relicere?
1502 2863 1591 2942 Mag-

239 2955 335 3011 uetica
355 2951 511 3025 exhalatio,
536 2951 677 3026 Roberte,
707 2969 764 3010 nou
795 2960 839 3011 est
862 2951 1037 3021 materialis,
1070 2951 1121 3010 sed
1145 2951 1329 3028 potentialis;
1361 2959 1405 3010 est
1429 2953 1591 3011 enimfor-

239 3039 324 3098 malis
347 3042 474 3116 corporis
496 3041 629 3116 potentia
652 3040 779 3116 aspirare
803 3037 841 3097 ad
865 3041 1002 3098 unionem
1033 3055 1098 3098 cum
1122 3040 1177 3097 sibi
1205 3037 1301 3097 simili.
1347 3037 1460 3114 Quodsi
1484 3040 1591 3100 Terrae

238 3127 275 3186 ad
299 3131 504 3204 generationes
528 3137 602 3208 opus
626 3136 671 3187 est
692 3131 768 3201 aire,
792 3125 908 3186 facilius
930 3126 978 3187 bic
1002 3123 1043 3184 llli
1067 3125 1300 3234 suppeditabitnr
1323 3127 1360 3186 ab
1384 3129 1471 3201 intus,
1496 3125 1591 3187 calore

240 3217 405 3274 extenuatis
428 3214 608 3274 humoribus.

328 3301 442 3361 Crebris
466 3321 484 3360 a
506 3311 534 3361 te
557 3304 717 3375 sententiis,
742 3301 878 3373 Roberte,
903 3298 1041 3360 dissideo.
1088 3299 1244 3358 Problemn
1263 3299 1441 3402 Jpcnndum,
1465 3317 1515 3358 eur
1538 3320 1590 3359 su-

243 3387 311 3448 dent
334 3406 478 3448 marmora
496 3391 604 3467 pluviis
627 3387 850 3466 iugmentibusl
895 3387 941 3444 'lu
964 3386 1131 3462 respondes,
1155 3391 1251 3445 adrem
1271 3387 1334 3463 jam
1354 3377 1552 3447 humectum
1544 3405 1591 3445 m-

240 3476 322 3552 gredi
345 3476 494 3554 salemque
522 3479 671 3536 marmoris
694 3477 848 3534 resolvere
895 3471 1031 3532 Pondera
1054 3489 1122 3548 ergo
1145 3489 1271 3532 marmor
1303 3483 1332 3534 et
1353 3475 1444 3548 refer,
1478 3483 1588 3551 quanto

154 3639 160 3646 ι
241 3563 272 3621 id
293 3567 331 3622 sit
355 3565 461 3624 factum
484 3565 588 3638 levius,
612 3567 636 3622 si
660 3571 772 3622 tautum
795 3561 866 3619 salis
888 3561 965 3618 foras
988 3561 1075 3617 misit.
1122 3559 1184 3636 ligo
1201 3559 1318 3636 quidem
1342 3577 1436 3645 spero,
1461 3579 1507 3620 me
1529 3563 1591 3620 lec·

242 3654 296 3710 tori
320 3651 533 3710 satisfacturum
556 3650 669 3710 melius.
714 3650 779 3708 Nou
804 3649 899 3706 solum
923 3663 1058 3714 marmor,
1081 3662 1138 3704 nou
1163 3665 1277 3725 semper
1297 3649 1353 3707 boe
1375 3655 1513 3724 praestat,
1539 3649 1590 3708 sed

240 3747 309 3796 tuuc
333 3749 459 3814 tantum,
476 3739 607 3816 'quaudo
629 3740 720 3814 frigus
749 3745 779 3796 et
800 3736 935 3794 marmori
965 3727 996 3793 et
1018 3733 1115 3793 densis
1145 3736 1279 3794 omnibus
1309 3738 1467 3812 impactum
1489 3735 1591 3796 haeret

240 3831 387 3900 tenacius,
417 3836 486 3886 tuuc
511 3829 608 3886 subito
632 3825 840 3903 superveniens
864 3839 956 3896 vapor
977 3821 1130 3880 bumcctns
1163 3830 1193 3881 et
1223 3822 1338 3900 tepidus
1361 3820 1517 3882 resolvitur
1538 3841 1591 3884 oc-

240 3931 326 3974 cursu
358 3915 492 3992 frigidi'
485 3933 514 3972 m
511 3931 644 4000 squam
668 3912 865 3987 adbaeretqne
897 3909 1059 3985 superficiei
1090 3911 1249 3969 marmoris.
1294 3909 1370 3970 Nam
1401 3909 1501 3988 tepida
1523 3917 1592 3970 suut

240 4009 269 4062 et
292 4019 376 4082 rara,
409 4019 484 4078 quae
508 4002 603 4078 frigidi
628 4017 749 4060 occursu
773 3999 950 4058 condensata
981 3997 1077 4056 looum
1100 4000 1220 4074 capiunt
1243 4000 1457 4074 angustiorem,
1491 4000 1591 4075 itaque

238 4089 355 4166 tepidae
379 4098 476 4168 partes
501 4093 612 4150 vicinae
636 4088 809 4160 succedunt,
844 4104 880 4147 ne
904 4086 986 4145 detur
1008 4101 1144 4145 vacuum.
1190 4084 1235 4144 Ita
1266 4086 1298 4144 iit
1326 4093 1360 4145 nt
1392 4090 1442 4146 adr
1473 4087 1591 4164 tepidus

207 4222 212 4232 .
238 4177 346 4236 feratur
369 4179 406 4238 ad
427 4195 562 4236 marmor.
607 4177 672 4236 Non
696 4176 800 4254 probat
822 4175 909 4252 igitur
930 4174 986 4233 boc
1009 4169 1189 4249 exemplum,
1221 4177 1317 4235 a'c'rem
1348 4176 1376 4231 iu
1401 4173 1552 4232 'lorsam
1544 4192 1591 4230 m·

239 4265 352 4340 gredi,
376 4269 401 4324 si
424 4265 494 4324 foris
518 4265 667 4326 adhaeret
714 4262 801 4322 Aliud
826 4269 1028 4338 argumentum
1052 4261 1133 4320 ducis
1164 4260 1347 4338 apluviosis
1371 4262 1591 4320 eomtitutioni·

240 4351 293 4412 bus
316 4361 460 4429 putasque
484 4353 659 4412 defecturam
683 4353 770 4410 maris
795 4351 917 4454 copiam,
942 4348 965 4407 si
990 4347 1057 4407 inde
1079 4351 1202 4407 materia
1225 4356 1254 4407 et
1270 4365 1326 4406 uon
1345 4349 1382 4408 ab
1397 4352 1473 4408 adro.
1511 4347 1588 4408 Puto

240 4457 294 4516 ego
320 4450 428 4514 contra,
454 4439 630 4500 defecturam
653 4441 729 4498 a‘e'ris
752 4440 868 4540 copiam
888 4436 980 4494 multo
1005 4437 1099 4496 citius.
1146 4435 1194 4494 Sic
1217 4437 1293 4494 euim
1322 4438 1351 4494 iu
1376 4425 1495 4514 Optlcis
1520 4436 1590 4497 olim

241 4535 269 4586 et
291 4545 359 4588 vere
382 4531 498 4608 scripsi,
521 4528 588 4604 plus
611 4545 676 4586 esse
699 4528 837 4584 materiae
861 4528 889 4582 iu
913 4526 1001 4582 unica
1022 4530 1106 4599 gutta
1127 4539 1239 4600 aquae,
1264 4540 1352 4599 quam
1376 4525 1404 4582 in
1427 4525 1502 4584 aliris
1525 4542 1591 4584 am·

238 4615 371 4693 piissimo
394 4619 510 4693 spatio,
543 4615 621 4691 quod
651 4611 762 4674 scilicet
791 4611 911 4687 impleat
934 4609 1073 4669 conclave
1106 4617 1207 4669 totum.
1255 4610 1348 4686 Igitur
1368 4612 1508 4688 majorem
1532 4629 1588 4688 ego

241 4718 391 4762 assensum
415 4721 508 4779 spero,
533 4705 583 4778 qui
606 4701 722 4779 pluvias
746 4715 803 4758 uon
828 4717 862 4758 ex
887 4699 961 4757 airis
978 4699 1097 4772 externi,
1120 4706 1153 4755 ut
1175 4706 1216 4770 tu,
1241 4695 1292 4758 sed
1309 4715 1343 4758 ex
1360 4703 1477 4778 vaporis
1492 4697 1590 4759 adhue

240 4792 400 4850 amatrice
423 4807 476 4848 sua
499 4791 687 4850 subterranea
714 4789 840 4865 tepentis
870 4784 1098 4847 condensatione
1120 4801 1237 4862 genero.
1284 4784 1355 4846 Erat
1378 4789 1454 4846 enim
1485 4785 1590 4880 humor
1683 4771 1693 4794 ²

294 4899 388 4974 Raplsrt
401 4898 476 4950 Opera
487 4899 516 4942 V.
1384 4891 1425 4952 28
