3698 5534
276 363 339 422 ela
669 353 711 410 De
729 352 850 408 Motibus
868 350 1043 416 Pistoclerum
1060 350 1239 408 Harmonieis.

274 534 337 606 pios
355 537 398 588 est
415 545 495 600 quam
516 526 559 599 ¹1„
577 525 741 597 relinquitur
756 524 872 596 aliquid,
887 525 963 596 quod
980 524 1141 582 tantundem
1158 525 1223 596 plus
1239 533 1284 584 est
1300 545 1381 599 quarn
1399 529 1432 598 it,
1450 545 1501 598 pro
1518 545 1622 586 summ

274 612 443 684 propriarum
461 607 604 676 utriusque
621 606 834 676 proportionum.
1018 629 1021 636 ·
1286 623 1288 628 ¹

361 686 457 761 Supra
479 699 560 762 prop.
585 684 635 741 26.
664 689 726 741 erat
754 683 872 759 propria
895 681 1084 742 Veneriorum
1107 688 1242 740 motuum
1271 685 1422 760 proportio
1447 679 1545 766 Ἥ,
1574 683 1622 744 vsi

278 773 347 858 ³⁶4„
368 774 517 850 proxime,
547 776 579 828 at
606 785 675 830 vero
705 785 769 846 cap.
794 772 823 829 4.
852 772 928 830 inter
949 769 1067 829 Saturni
1094 768 1244 845 apholtum
1274 778 1304 830 et
1332 770 1420 832 Jovis
1451 771 1623 850 periheliam

176 891 180 906 ·
276 866 414 926 inventus
436 867 481 918 est
503 873 639 918 excessus
662 873 752 933 snpra
778 851 812 938 ¹1,
835 855 924 936 paolo
946 855 1054 932 major,
1087 856 1200 916 scilicet
1221 859 1296 918 inter
1317 853 1384 942 111,7
1408 869 1438 922 ει
1459 855 1538 941 'lim
1583 861 1624 919 At

275 954 362 1010 unico
385 949 496 1006 minuto
520 944 664 1019 secundo,
697 943 777 1020 quod
799 944 878 1004 hand
901 945 963 1003 scio
991 961 1029 1003 an
1055 943 1200 1003 discernat
1222 949 1415 1022 astronomia,
1444 947 1481 1008 ad
1505 947 1623 1008 Saturni

276 1037 426 1117 aphelium
448 1041 560 1092 motum
582 1031 697 1106 addito,
723 1039 864 1108 aequatur
884 1031 971 1109 plane
994 1029 1143 1108 quantitas
1165 1031 1213 1092 hic
1235 1036 1423 1112 praescripta

361 1121 578 1198 Propositio
599 1116 785 1180 XXXVlll.
831 1119 1071 1185 additamentum
1092 1112 1195 1202 ²⁴³]„0
1217 1119 1254 1180 ad
1277 1139 1420 1183 summam
1442 1123 1622 1202 propriarum

275 1213 445 1280 Saturniet
466 1207 568 1280 Jovis,
599 1224 674 1284 quae
704 1207 846 1266 hactenus
876 1209 975 1285 primis
1002 1207 1166 1266 rationibus
1195 1211 1441 1284 constituebatur,
1470 1205 1527 1294 U„
1560 1211 1622 1272 dis·

275 1298 460 1362 tribuendum
483 1298 525 1356 sic
546 1295 602 1354 tuit
623 1296 697 1354 iuter
718 1293 868 1371 planetas,
899 1302 933 1353 ut
955 1292 991 1354 de
1014 1310 1049 1358 so
1073 1293 1200 1356 Saturno
1229 1295 1381 1360 accederet
1402 1315 1516 1360 comma
1536 1293 1622 1380 ⁸⁰s„,

275 1388 347 1448 Jovi
369 1383 517 1445 residuum
544 1375 701 1462 ¹⁹⁶⁸³l„„,
724 1397 776 1441 seu
798 1375 871 1464 ⁶²]oe
893 1381 963 1444 iere.

360 1482 584 1542 Distribueudum
607 1480 674 1538 illud
697 1479 782 1536 luisse
804 1481 877 1536 inter
900 1489 1044 1553 utrumque
1069 1480 1219 1554 planetam,
1246 1485 1370 1554 sequitur
1391 1502 1425 1542 ex
1448 1503 1491 1541 ax.
1514 1485 1559 1552 te,
1591 1491 1623 1540 ut

275 1575 389 1638 uterque
407 1563 499 1633 aliqua
516 1559 659 1618 latitudine
678 1576 838 1618 concurrere
855 1568 950 1631 posset
973 1561 1008 1616 ad
1026 1559 1181 1616 harmonias
1199 1561 1365 1618 univemales
1388 1565 1494 1634 generis
1513 1563 1564 1638 sihi
1581 1563 1622 1618 fa·

274 1647 395 1704 miliaria.
430 1643 515 1712 Atqui
535 1639 616 1708 'ssim
634 1638 805 1694 intervallum
823 1649 866 1695 est
885 1640 973 1696 minus
992 1638 1116 1694 omnibus
1134 1638 1287 1708 concimis,
1309 1642 1401 1697 nullae
1424 1643 1505 1714 igitur
1528 1655 1621 1712 super·

272 1734 336 1783 sunt
353 1725 429 1794 leges
446 1717 634 1788 harmonicae,
660 1717 758 1787 quibus
776 1718 844 1774 illud
862 1718 998 1774 dividatur
1022 1719 1051 1774 in
1068 1724 1162 1791 partes
1180 1717 1248 1774 duas
1274 1721 1433 1790 concinnas,
1455 1721 1507 1777 nisi
1533 1721 1621 1776 solum

272 1808 350 1877 illae,
377 1803 475 1874 quibus
498 1813 581 1868 supra
603 1813 681 1868 prop.
699 1796 742 1854 26.
765 1797 800 1852 ad
824 1799 973 1853 sectionem
997 1795 1103 1852 dieseos
1124 1796 1179 1866 ²7„
1202 1813 1271 1866 opus
1288 1797 1352 1868 iuit;
1378 1805 1410 1854 ut
1427 1816 1462 1856 sc
1488 1801 1569 1856 abeat
1592 1799 1622 1854 iu

219 1881 223 1890 '
275 1901 379 1944 comma
397 1881 454 1951 ml„
476 1877 558 1952 (quod
581 1883 723 1932 estonum
741 1883 769 1931 ει
787 1875 894 1947 quidem
910 1873 1067 1946 primarium
1085 1891 1120 1930 ex
1137 1875 1185 1944 iis,
1210 1891 1280 1947 quae
1299 1877 1437 1934 concinnis
1461 1879 1621 1949 inserviunt)

253 2019 256 2024 .
275 1971 303 2021 et
320 1965 348 2020 iu
365 1960 501 2018 residuum
523 1953 669 2024 mismo,
688 1953 760 2025 quod
779 1961 820 2009 est
837 1954 919 2025 paulo
937 1956 1026 2024 majus
1044 1963 1188 2024 commate,
1217 1970 1254 2010 sc.
1273 1955 1331 2026 ii„
1349 1955 1414 2012 iere.
1451 1959 1513 2015 Non
1531 1967 1620 2014 autem

273 2045 336 2115 duo,
353 2042 401 2114 sed
419 2055 502 2096 unum
521 2050 626 2092 comma
642 2033 733 2090 iuerat
752 2032 972 2106 abscindendum,
991 2048 1025 2088 ne
1033 2034 1145 2112 nimium
1157 2032 1313 2104 inaequales
1331 2044 1424 2106 partes
1437 2037 1541 2110 fierent,
1560 2055 1622 2094 cum

273 2122 397 2195 propriae
416 2117 525 2174 Saturni
543 2111 664 2170 otieris
682 2112 738 2167 sint
755 2113 878 2182 proxime
894 2112 1035 2184 aequales,
1054 2113 1203 2169 secundum
1221 2114 1329 2170 axioma
1349 2116 1391 2172 te.
1411 2115 1492 2172 etiam
1511 2117 1545 2172 ad
1558 2133 1622 2172 con·

273 2203 353 2258 cinna
371 2204 399 2255 ει
415 2198 448 2252 iis
465 2194 623 2252 minutiores
642 2197 735 2260 partes
754 2199 908 2262 extensum,
935 2189 1015 2247 simul
1033 2191 1114 2246 etiam
1132 2193 1207 2264 ideo,
1231 2194 1295 2262 quia
1314 2211 1418 2250 comma
1435 2194 1562 2251 delinitor
1579 2197 1619 2250 in-

271 2277 391 2336 tervallis
404 2283 468 2332 tono
480 2274 581 2343 majore
594 2279 621 2328 et
633 2276 698 2328 tono
710 2269 821 2342 minore,
839 2287 894 2326 non
906 2270 945 2323 ita
957 2269 1010 2324 duo
1023 2279 1163 2328 commata.
1191 2273 1276 2328 Porro
1290 2275 1415 2344 Saturno,
1434 2275 1524 2331 altiori
1536 2279 1564 2331 et
1576 2291 1622 2330 ra·

272 2358 380 2418 lentiori
391 2354 527 2427 planetae,
544 2353 695 2411 debebatur
711 2352 806 2408 harum
824 2349 940 2419 partium
952 2365 1006 2403 non
1018 2347 1066 2403 illa
1077 2349 1175 2419 potius,
1195 2367 1265 2420 quae
1274 2353 1367 2422 major,
1380 2353 1450 2416 ¹licet
1466 2354 1490 2409 is
1508 2353 1622 2414 haberet

273 2437 409 2510 propriam
427 2436 460 2504 *1,
477 2433 614 2502 majorem,
632 2432 682 2489 sed
697 2431 752 2502 illa,
770 2444 841 2499 quae
851 2429 926 2498 prior
938 2435 965 2483 et
977 2426 1122 2500 pulchrior,
1140 2429 1194 2486 hoc
1205 2439 1247 2485 est
1259 2430 1344 2500 magis
1357 2430 1521 2488 harmonica.
1551 2433 1621 2488 Nam

273 2519 301 2574 iu
326 2531 368 2572 ax.
387 2517 428 2572 10.
453 2511 592 2584 praecedit
618 2519 759 2582 respectus
782 2508 931 2578 prioritatis
954 2513 982 2563 et
1002 2506 1176 2576 perfectionis
1200 2509 1385 2578 harmonicae,
1414 2511 1521 2566 ultimas
1546 2519 1623 2568 tenet

275 2601 415 2666 respectos
434 2591 601 2661 quantitatis,
619 2591 683 2659 quia
701 2587 777 2644 nulla
793 2585 967 2657 pulchritudo
985 2593 1027 2641 est
1044 2585 1073 2640 in
1091 2587 1241 2657 quantitate
1261 2603 1311 2657 per
1328 2603 1367 2644 se.
1404 2589 1447 2646 lta
1464 2597 1555 2646 motus
1571 2592 1621 2646 Sa·

273 2675 346 2732 turni
369 2671 440 2726 fiunt
462 2669 532 2738 “iffi
558 2670 640 2725 tertia
666 2670 752 2739 major
777 2665 943 2732 adulterina,
969 2671 1000 2722 ut
1022 2663 1138 2720 lio.l]1.
1168 2660 1227 2735 cap'.
1248 2667 1288 2722 12.
1312 2667 1520 2738 appellavimus,
1544 2671 1620 2728 Joris

358 2750 406 2788 soar
475 2786 481 2799 ,

275 2767 338 2811 vero
361 2749 486 2895 cciiii,
517 2823 657 2883 animer
686 2838 792 2882 causas
823 2818 915 2881 additi
938 2819 1065 2882 Saturno
1093 2822 1244 2881 commatis
1269 2822 1307 2882 sit
1328 2825 1620 2900 commemorandum,

277 2923 309 2976 ut
336 2915 448 2975 scilicet
478 2917 608 2971 extrema
638 2909 757 2970 Saturni
787 2908 942 2969 intervalla
969 2916 1090 2987 possent
1120 2911 1295 2970 constituere
1324 2913 1540 2988 proportionem
1567 2909 1621 2998 ⁸),

275 3011 376 3066 tonum
398 2997 553 3072 majorem,
578 3015 614 3057 an
638 2999 737 3075 potius
759 2995 789 3056 id
812 2995 888 3055 ultro
910 2997 1097 3056 resultaverit
1119 3014 1154 3056 ex
1176 3000 1272 3057 causis
1295 2996 1534 3060 antecedentibus
1556 3019 1621 3061 mo-

276 3100 368 3152 tuum.
413 3084 515 3145 Habes
537 3086 625 3160 igitur
655 3084 703 3146 hic
725 3087 837 3162 potius,
868 3083 933 3143 loco
960 3083 1120 3158 corollarii,
1152 3101 1284 3172 causam,
1316 3101 1366 3144 cur
1393 3104 1482 3164 supra
1503 3105 1566 3166 cap.
1592 3091 1620 3164 t,

276 3179 326 3240 iol.
351 3176 424 3236 nat.
455 3172 610 3276 intervalla
632 3171 750 3232 Saturni
773 3170 956 3248 deprehensa
977 3173 1036 3231 sint
1064 3173 1126 3232 toni
1156 3171 1274 3248 majoris
1296 3175 1513 3250 proportionem
1539 3193 1621 3238 com·

275 3266 579 3425 plwnPiriilitnseitio
601 3345 759 3406 XXXIX.
803 3345 837 3404 In
867 3344 1026 3404 harmoniis
1055 3345 1238 3422 planetarum
1263 3347 1476 3409 universalibus
1507 3353 1620 3428 generis

277 3441 342 3502 duri
364 3439 508 3538 Saturnus
531 3442 612 3495 motu
636 3441 737 3495 exacte
759 3431 902 3510 perihelio
925 3431 1102 3493 concordare
1124 3451 1183 3494 noo
1205 3438 1321 3522 potuit,
1334 3453 1388 3495 nec
1402 3434 1520 3514 Jupiter
1540 3447 1621 3500 mota

277 3524 526 3665 exactiufflihihi
537 3603 645 3662 Saturni
664 3603 787 3674 aphelius
806 3619 867 3659 eum
885 3603 1002 3661 Telluris
1025 3611 1053 3659 et
1070 3603 1184 3658 Veneris
1207 3603 1322 3673 apheliis
1345 3613 1439 3662 exacte
1457 3609 1621 3665 concordare

278 3689 408 3756 debuerit,
436 3701 486 3757 per
501 3702 542 3755 pr.
561 3687 607 3750 31,
630 3681 803 3738 concordabit
821 3697 881 3738 cum
899 3683 994 3739 iisdem
1012 3683 1093 3738 stiam
1116 3683 1139 3738 is
1158 3683 1267 3738 Saturni
1285 3693 1387 3748 motus,
1411 3687 1458 3756 qui
1475 3696 1518 3743 est
1534 3689 1621 3745 inteu-

277 3773 333 3842 siqr
351 3785 432 3839 quam
450 3764 573 3836 aphelius
591 3764 658 3833 rjus,
677 3777 727 3832 per
743 3777 825 3816 uuam
841 3763 949 3817 tertiam
968 3763 1062 3818 duram
1080 3763 1126 3832 ⁴l,;
1150 3760 1251 3832 aphelii
1269 3765 1339 3819 enim
1356 3765 1472 3822 Telluris
1490 3775 1518 3824 et
1534 3771 1620 3824 Verre

175 3861 178 3868 '
275 3851 313 3907 ris
331 3849 435 3904 iaciunt
452 3851 557 3901 sextam
575 3843 683 3909 duram,
710 3857 779 3909 quae
805 3857 855 3912 per
872 3840 1057 3897 demonstrata
1073 3841 1135 3896 libri
1153 3843 1201 3896 111.
1221 3842 1363 3900 divisibilis
1382 3853 1424 3901 εει
1446 3847 1475 3900 iu
1491 3847 1621 3903 diatessa-

277 3945 328 3983 ron
346 3933 374 3982 et
391 3927 499 3982 tertiam
517 3924 620 3988 duram,
639 3938 703 3992 ergo
720 3929 810 3976 motus
828 3919 947 3989 Saturni,
965 3920 1012 3991 qui
1030 3919 1119 3975 adbuc
1136 3919 1249 3976 celerior
1260 3923 1365 3978 esthoe
1378 3923 1435 3990 J'am
1449 3927 1619 3994 concordate,

276 4006 348 4063 inira
364 4012 455 4062 minen
472 4003 684 4072 magnitudinem
701 3997 833 4055 intervalli
852 3998 984 4068 concinni,
1002 3999 1025 4054 is
1043 4015 1098 4054 non
1116 4007 1214 4056 exacte
1232 4002 1413 4058 concordabit
1448 4004 1561 4059 Attalis
1579 4013 1621 4060 eet

276 4083 426 4156 perihslius
451 4081 561 4139 Saturni
584 4080 749 4151 ipsissimus,
775 4078 839 4147 quia
861 4076 945 4132 distat
969 4079 1004 4133 ab
1022 4077 1080 4148 ejus
1099 4078 1206 4148 aphelio
1233 4080 1296 4152 plus
1318 4097 1398 4152 quam
1420 4081 1562 4138 intervallo
1580 4085 1620 4152 ⁴1„

277 4163 338 4234 plns
356 4163 460 4220 seilicet
482 4177 536 4216 uno
558 4167 690 4216 commate
709 4157 763 4228 ⁸⁰1„
786 4157 975 4228 (quodminus
999 4165 1042 4214 est
1059 4161 1190 4216 concinno
1207 4161 1327 4228 minimo)
1350 4175 1399 4230 per
1423 4178 1462 4232 pr.
1483 4163 1524 4220 SS
1559 4163 1620 4218 Non

277 4241 423 4298 coneordat
443 4240 526 4310 igitur
548 4246 643 4295 exacte
667 4238 815 4309 perihelius
834 4236 951 4293 Saturni.
989 4237 1024 4290 At
1047 4252 1097 4291 uec
1119 4245 1214 4293 exacte
1237 4237 1361 4308 aphelius
1385 4239 1477 4310 dorin,
1501 4241 1526 4298 is
1550 4241 1619 4296 enim

280 4337 341 4377 eom
358 4319 489 4390 pertirelio
507 4319 624 4389 Saturni,
642 4335 697 4374 non
714 4324 810 4374 exacte
828 4321 1003 4386 consonante,
1022 4323 1153 4372 comodat
1171 4332 1220 4386 per
1238 4316 1369 4388 diapason
1386 4318 1553 4390 perfectum,
1571 4332 1624 4388 pen

278 4416 321 4469 pr.
339 4399 370 4464 8,
390 4414 473 4468 quare
491 4414 541 4468 per
558 4398 631 4454 diota
648 4395 707 4452 libr.
726 4397 775 4452 III.
794 4411 844 4452 uec
861 4395 920 4464 ipse
938 4401 1035 4452 exacte
1053 4411 1201 4452 consonare
1219 4397 1325 4467 poterit

365 4489 581 4566 Propositio
602 4488 671 4552 XL.
715 4487 762 4546 Ad
785 4503 967 4548 communem
980 4486 1067 4548 Jovis
1091 4495 1120 4549 et
1133 4487 1237 4548 Martis
1260 4488 1470 4564 divergentium
1488 4495 1620 4550 motuum

280 4576 462 4636 harmoniam
492 4572 546 4658 118,
577 4575 785 4655 bisdiapason,
817 4577 963 4652 prioribus
993 4577 1155 4636 rationibus
1186 4575 1360 4650 stabilitam,
1393 4573 1463 4635 addi
1492 4577 1621 4654 oportuit

279 4663 388 4725 lemma
407 4661 600 4723 Platonicum.

365 4745 436 4800 iiam
454 4745 517 4813 quia
533 4747 604 4801 inter
621 4744 743 4815 aphelios
762 4745 871 4802 Saturni
888 4751 916 4800 ει
933 4745 1048 4802 Telluris
1066 4745 1160 4802 debuit
1177 4759 1238 4799 esse
1259 4743 1313 4814 ¹1³„
1340 4745 1393 4800 hoo
1410 4751 1452 4800 est
1474 4743 1554 4815 ”law
1571 4759 1620 4815 per

281 4823 331 4893 31,
355 4825 389 4880 ab
416 4821 524 4899 aphelio
550 4839 614 4886 vero
632 4819 748 4884 Telluris
772 4823 808 4884 ad
830 4823 987 4900 penhelium
1013 4824 1110 4881 Martis
1132 4821 1226 4879 debuit
1246 4837 1309 4882 esse
1327 4824 1373 4895 ⁸12,
1391 4823 1444 4879 hoc
1461 4829 1503 4880 est
1520 4821 1618 4894 *ΙΝ
