3676 5536
768 325 852 385 biber
868 323 914 384 n.
931 325 1022 398 Caput
1038 325 1070 384 V.
1528 327 1590 390 ιιι

245 514 306 556 cere
323 500 422 558 solent
457 503 511 558 Sed
528 502 582 559 hoc
599 519 682 560 sensu
699 519 751 560 nux
768 517 823 556 non
841 508 897 557 tam
915 499 1032 570 pbnetis
1052 499 1190 574 competit,
1209 513 1289 571 qnam
1305 501 1390 571 signis
1409 517 1458 556 seu
1477 498 1591 556 dodeca-

245 579 364 635 temoriis
382 581 501 650 zodiaci3
519 597 589 651 quae
606 599 666 636 eum
685 580 866 649 longitudines
884 579 1017 647 habeant,
1039 579 1073 634 iia
1092 579 1165 636 cavis
1183 579 1234 636 sibi
1253 587 1346 636 mutuo
1365 579 1471 637 obverti
1495 593 1592 634 secun·

245 653 307 710 dnm
325 660 411 728 magis
429 669 457 716 et
474 661 562 718 minus
581 668 704 731 possunt.
739 663 808 718 Nam
826 659 954 726 contigua
971 657 1049 726 signa
1066 673 1095 712 se
1109 665 1202 714 mutuo
1215 665 1353 728 nequeunt
1364 659 1473 728 intueri,
1491 658 1592 729 quippe

244 735 363 792 uultibus
381 755 435 794 non
452 740 480 794 in
498 733 527 794 ιι
545 749 654 810 mutuo,
674 741 723 796 sed
737 741 820 809 juxta
836 739 951 794 inuicem
968 737 997 792 in
1014 737 1127 792 eandem
1145 737 1250 806 plagam
1269 737 1363 793 versis.

252 875 256 880 ,
313 815 417 894 Deinde
436 824 508 882 ιιοιι,
527 819 600 886 quod
618 835 671 890 quo
689 825 812 888 tempure
830 819 883 874 duo
901 815 1027 887 planetae
1045 817 1175 886 angulum
1192 817 1304 872 interra
1321 816 1432 885 faciunt,
1451 816 1546 872 eodem
1564 820 1592 871 et

243 890 271 946 in
292 891 352 949 aliis
371 894 438 950 iocis
455 895 549 951 mundi
567 897 668 953 faciant
692 897 760 952 alios
783 897 912 966 ungulos,
935 901 964 951 at
980 896 1106 966 nuspiam
1124 902 1230 964 tantos,
1254 913 1335 966 quam
1357 897 1385 952 in
1408 911 1474 951 arcu
1500 893 1592 949 circuli

241 987 292 1039 per
309 973 428 1041 ipsorum
447 983 474 1030 ιι
492 977 592 1030 Terras
611 979 729 1045 corpora
744 975 879 1041 traducto,
898 983 945 1030 aut
963 976 1036 1030 cuca
1049 975 1156 1044 lineam,
1176 989 1247 1043 quaa
1264 975 1384 1044 ipsorum
1398 989 1512 1044 corpora
1530 989 1592 1028 oon·
1628 1015 1633 1024 ,

242 1051 335 1120 nectit,
354 1052 527 1112 ueluticirca
544 1070 624 1119 axem
642 1055 814 1110 circumacto.
850 1055 939 1110 Extra
965 1055 1033 1112 haec
1051 1055 1112 1110 ioca
1134 1055 1299 1110 radiationes
1318 1070 1410 1109 eorum
1428 1056 1527 1108 coeunt
1545 1065 1593 1105 au·

243 1129 313 1199 gulis
333 1130 414 1201 longe
432 1133 505 1202 aliis,
523 1134 579 1190 sire
597 1135 615 1189 ii
635 1134 688 1189 sint
706 1134 786 1188 etiam
805 1133 963 1202 harmonici,
982 1133 1040 1188 sive
1057 1135 1212 1202 incongrui,
1236 1139 1267 1188 ut
1285 1133 1342 1188 fere
1360 1148 1408 1202 per
1426 1137 1514 1186 totum
1532 1128 1592 1184 reii-

242 1226 325 1279 quum
337 1212 473 1268 mundum.
509 1213 634 1282 Inprimis
653 1221 725 1278 nota
743 1212 815 1284 quod
833 1212 862 1267 in
880 1209 1009 1269 alterutro
1028 1230 1170 1283 corporum
1188 1211 1400 1284 planetariorum
1419 1208 1508 1271 nullus
1529 1223 1592 1262 con·

243 1289 372 1345 stituatur
389 1291 516 1360 angulus.
551 1292 593 1347 Ad
616 1292 745 1361 angulum
770 1292 841 1346 enim
859 1291 1035 1360 requiruntur
1058 1293 1111 1349 duo
1128 1292 1210 1360 radii3
1240 1298 1270 1347 ιι
1291 1289 1384 1346 radius
1402 1287 1489 1342 omnis
1514 1293 1593 1341 erma

220 1365 341 1437 'corpus
359 1375 409 1436 est,
428 1369 519 1424 nullus
538 1369 565 1424 in
584 1369 642 1440 ipso
661 1385 781 1439 corpore.
818 1368 897 1439 Quod
916 1369 978 1424 ideo
996 1369 1154 1439 notandum,
1173 1371 1236 1440 quia
1248 1368 1450 1439 angulationem
1468 1365 1495 1420 in
1509 1366 1593 1421 Terra
1648 1428 1652 1441 ι

243 1446 365 1515 sequitur
383 1446 496 1504 effectus
513 1448 542 1502 in
560 1453 643 1503 Terra
660 1448 749 1512 etiam,
768 1463 802 1502 ex
821 1461 875 1516 qua
893 1447 944 1502 sub
962 1455 1070 1519 tempus
1089 1456 1249 1520 aspectuum
1268 1448 1390 1517 exspirat
1404 1446 1517 1501 materia
1533 1445 1593 1514 plu·

240 1521 343 1578 riarmn
362 1531 390 1580 et
407 1534 560 1582 aetermam
584 1534 778 1594 meteororum,
802 1535 832 1583 ut
855 1524 889 1579 de
908 1526 973 1582 sade
997 1542 1109 1597 causae,
1135 1527 1268 1584 mouentis
1292 1533 1426 1595 meteora,
1454 1522 1593 1592 disputare

241 1601 391 1671 possimus,
420 1604 492 1672 quod
510 1604 557 1660 illa
574 1622 629 1660 non
647 1605 727 1662 sitin
746 1606 859 1675 planeta
884 1606 928 1660 rel
948 1623 1002 1662 uno
1028 1608 1071 1662 vel
1089 1607 1188 1678 altero,
1216 1623 1267 1663 nec
1291 1606 1319 1660 in
1337 1605 1398 1660 loco
1423 1603 1477 1660 aliu
1501 1602 1594 1658 mnndi

240 1695 341 1751 vacuo,
359 1681 407 1740 aad
425 1684 453 1739 in
471 1685 531 1754 ipsa
549 1687 641 1740 Terra.
1598 1689 1600 1694 ’

312 1763 402 1817 Tertio
421 1779 475 1819 uon
494 1766 595 1819 frustra
613 1764 707 1819 addita
725 1770 767 1818 cst
784 1763 894 1830 mentio,
913 1763 989 1833 quod
1007 1765 1091 1821 Terra
1109 1763 1205 1834 puncti
1220 1764 1354 1820 rationem
1370 1761 1483 1831 habeat;
1507 1776 1541 1815 ex
1560 1776 1592 1814 eo

155 1879 156 1884 1
242 1837 312 1894 enim
330 1843 460 1913 sequitur,
479 1844 530 1898 etsi
549 1845 698 1899 animantes
717 1844 745 1898 in
763 1843 848 1898 Terra
867 1842 1002 1898 innumeri
1018 1844 1141 1914 radiique
1161 1859 1195 1898 ex
1213 1843 1336 1914 quolibet
1351 1840 1463 1910 planeta
1485 1840 1513 1894 iu
1530 1837 1593 1894 illos

242 1919 390 1988 etreliqua
409 1920 509 1975 Terrae
534 1929 635 1990 punctu
653 1920 762 1986 infiniti,
788 1919 903 1976 eundem
927 1927 1017 1978 turneu
1041 1922 1077 1977 ad
1095 1939 1205 1978 sensum
1224 1937 1285 1978 esse
1303 1919 1433 1989 angulum
1458 1917 1593 1974 radiorum

245 2013 260 2050 a
279 1996 349 2053 binis
367 2000 484 2070 planetis
503 2001 665 2055 uenientium
685 2000 780 2056 eodem
799 2007 918 2069 tempore
937 2016 986 2070 per
1004 2002 1094 2056 omnia
1112 2002 1212 2058 Terrae
1230 2008 1344 2070 puncta,
1371 1999 1427 2054 sive
1445 1997 1473 2069 in
1492 2003 1593 2060 cetura,

243 2075 298 2130 sive
316 2076 344 2132 in
363 2080 513 2151 superficie,
531 2079 588 2134 sive
606 2080 633 2134 in
652 2081 772 2134 cavcrrua
791 2081 937 2149 montium3
955 2096 1049 2137 ornnes
1068 2081 1108 2136 illi
1126 2089 1263 2150 aspectus,
1279 2080 1344 2135 licet
1359 2094 1470 2136 numero
1487 2075 1594 2146 infiniti,

244 2171 294 2224 pro
314 2174 368 2213 unu
386 2167 500 2228 aspectu
518 2158 660 2214 habentur.
697 2158 796 2213 Omnes
815 2160 914 2229 quippe
933 2158 968 2212 ad
985 2174 1095 2214 sensum
1113 2159 1184 2216 inter
1202 2175 1232 2217 aa
1250 2160 1377 2229 aequales
1395 2165 1466 2213 snut.
1536 2189 1543 2202 =

330 2251 519 2312 Definitio
542 2249 581 2310 11.
634 2249 745 2309 Efficax
774 2250 966 2326 configuratio
997 2249 1116 2324 dicitur,
1154 2270 1220 2312 cum
1249 2253 1382 2312 binorum
1411 2250 1594 2327 planetarum

244 2337 318 2396 radii
341 2339 429 2398 talem
452 2337 563 2398 fuciunt
585 2339 735 2414 angulum,
759 2341 810 2413 qui
833 2339 871 2396 sit
893 2345 979 2414 aptus
1002 2338 1040 2396 ad
1062 2339 1271 2399 stimulandum
1293 2348 1427 2399 naturam
1449 2337 1594 2396 subluna·

243 2443 302 2485 rem
325 2425 539 2502 facultatesque
561 2426 710 2485 inferiores
732 2426 923 2500 animantum,
949 2434 982 2484 ut
995 2426 1072 2487 circa
1087 2443 1161 2506 opus
1183 2444 1318 2505 quaeque
1339 2441 1425 2486 suurn
1447 2425 1499 2483 fiat
1520 2440 1594 2500 ope-

245 2517 338 2574 rosior
361 2516 416 2575 sub
440 2522 554 2591 tempus
577 2512 823 2588 configurationis.

332 2597 474 2654 'l'ribnitur
491 2595 613 2650 efficacia
631 2595 851 2665 configurationi,
870 2609 940 2665 qnae
957 2594 1106 2651 formaliter
1123 2612 1171 2652 ena
1192 2597 1303 2653 rationis
1322 2603 1380 2665 est,
1398 2595 1446 2650 sed
1465 2609 1519 2650 nun
1537 2591 1593 2647 effi·

244 2675 319 2731 cacia
335 2677 363 2732 in
381 2693 438 2731 rem
456 2676 543 2745 ipsam
561 2675 728 2742 immediata,
753 2675 831 2744 quasi
851 2673 959 2744 plumae
978 2679 1006 2728 et
1024 2673 1123 2730 similia
1140 2690 1175 2730 ex
1192 2675 1252 2745 ipso
1271 2673 1362 2743 coelo,
1384 2673 1487 2729 scillcet
1503 2687 1520 2726 a
1535 2669 1594 2740 pla·

243 2754 314 2808 notis
332 2753 508 2824 configeretis
527 2753 725 2811 delabereutnr.
744 2769 813 2824 quoa
832 2753 905 2822 vulgi
925 2751 1010 2808 stulta
1027 2755 1168 2821 persuasio
1186 2759 1244 2823 est;
1263 2755 1312 2810 sed
1324 2753 1442 2809 mediata
1460 2759 1488 2806 ct
1505 2749 1593 2819 objec-

242 2831 304 2885 tiva.
341 2834 410 2888 Nam
435 2834 506 2888 sicut
528 2833 635 2900 objecta
652 2840 761 2887 mouent
778 2847 887 2902 sensus,
914 2848 997 2888 sonus
1017 2831 1136 2887 auditum
1162 2849 1218 2888 nnn
1236 2833 1343 2900 ocules,
1367 2840 1395 2888 et
1415 2832 1491 2889 color
1507 2830 1593 2887 uisum

243 2925 297 2963 non
314 2909 452 2982 ιιιιιιιιιιιι,
481 2911 520 2966 ιιι
538 2911 619 2964 etiam
637 2911 682 2965 hic
700 2918 775 2965 certa
793 2910 911 2980 qualitas
929 2909 1069 2967 relationis
1087 2910 1183 2981 hujus,
1202 2927 1273 2982 quae
1290 2911 1469 2982 configuratio
1487 2908 1594 2980 dicitur,

245 2997 333 3044 movet
350 3007 405 3045 uon
424 3006 520 3044 sensus
538 2989 671 3060 corporis,
700 2987 747 3044 sad
766 2987 925 3044 facultatem
949 2989 1105 3060 animalem,
1134 2991 1246 3048 rationis
1267 3007 1302 3048 ex
1319 2991 1449 3046 instinctu
1467 3001 1623 3064 capacem,

245 3067 302 3122 siue
321 3067 452 3124 discursu.
488 3069 566 3124 Facit
583 3067 666 3137 igitur
683 3067 736 3123 hoc
754 3066 930 3136 configuratio
949 3069 976 3122 vi
994 3084 1047 3123 non
1065 3070 1185 3140 propria,
1206 3069 1253 3128 sed
1272 3071 1300 3124 ri
1316 3071 1431 3140 animae,
1450 3083 1520 3138 quae
1538 3066 1594 3136 pati

191 3211 197 3226 „
244 3144 351 3214 dicitur,
369 3161 430 3200 cum
442 3163 472 3202 re
485 3163 548 3202 vera
560 3147 650 3216 potius
665 3155 736 3216 agat,
748 3147 808 3216 ipsa
825 3148 854 3201 iu
867 3162 896 3201 se
910 3147 1006 3216 ipsam.
1043 3148 1142 3202 Postea
1154 3151 1246 3205 anima
1262 3165 1310 3204 seu
1321 3155 1419 3205 natura
1431 3146 1596 3214 sublunaris,

206 3225 211 3234 “
243 3225 282 3278 ιιι
300 3231 373 3280 mota
390 3241 438 3280 seu
457 3225 595 3281 stimulata
612 3227 647 3282 ab
666 3233 779 3294 aspectu
798 3225 894 3294 suique
913 3225 1064 3294 admonitu,
1093 3242 1122 3280 se
1144 3228 1233 3296 ipsam
1253 3227 1404 3284 exsuscitat
1429 3227 1464 3284 ad
1487 3225 1594 3282 elicien-

245 3305 307 3360 dam
326 3317 359 3359 ιιι
378 3304 479 3359 Terrae
497 3305 642 3362 visceribus
668 3305 808 3360 materiam
837 3303 924 3360 omnis
946 3305 1052 3373 generis
1081 3314 1281 3376 tempestatum.
1317 3309 1347 3364 Si
1367 3306 1441 3363 nulla
1469 3311 1542 3360 esset
1567 3303 1595 3358 in

243 3383 340 3458 anima,
359 3398 440 3451 quam
458 3382 570 3437 dicimus
589 3390 713 3438 naturam
731 3383 912 3452 sublunarem,
932 3383 1057 3453 planetae
1067 3385 1120 3454 ipsi
1139 3402 1227 3456 neque
1245 3402 1296 3455 per
1308 3402 1338 3442 se
1355 3401 1444 3455 neque
1461 3398 1594 3460 percom-

243 3461 352 3516 modum
370 3468 510 3530 aspectmu
528 3461 672 3532 quicquam
691 3461 718 3516 in
737 3460 848 3515 Terram
867 3470 987 3530 possent.
1024 3464 1180 3520 absurdum
1198 3464 1270 3520 enim
1293 3474 1337 3520 est
1354 3467 1474 3534 cogimur
1497 3469 1524 3518 et
1538 3457 1595 3531 joci

243 3533 372 3609 lususque
390 3539 491 3608 poetici
507 3538 606 3610 simile,
633 3539 704 3608 quod
728 3555 762 3595 ex
781 3539 853 3596 coitu
871 3539 996 3594 binorum
1015 3541 1150 3597 radiorum
1174 3542 1345 3612 harmonico,
1367 3542 1442 3597 uelut
1460 3557 1494 3598 ex
1513 3540 1594 3596 muris
1680 3580 1684 3592 ι

245 3624 273 3671 et
291 3617 407 3672 feminae
425 3617 578 3686 concubitu,
598 3617 769 3685 concipiatur
786 3633 878 3685 vapor,
898 3619 1012 3674 materia
1029 3619 1102 3674 uenti
1120 3620 1162 3676 uel
1180 3619 1301 3691 pluviae,
1319 3621 1486 3690 quasivero,
1506 3629 1536 3673 ut
1553 3634 1594 3674 se-

243 3711 304 3750 men
323 3705 365 3750 est
383 3696 416 3750 de
435 3697 587 3751 substantia
605 3705 761 3766 parentum,
785 3696 824 3750 sio
842 3697 940 3751 humor
958 3703 985 3752 et
1008 3706 1112 3764 cetera,
1139 3715 1208 3768 quae
1227 3713 1260 3754 ex
1280 3700 1364 3756 Terra
1382 3701 1534 3770 exspirant,
1559 3696 1595 3754 sit

244 3775 276 3829 de
296 3777 448 3831 substantia
467 3776 691 3840 enharmonica,
710 3791 780 3845 quae
798 3782 841 3830 est
858 3777 963 3846 relatio,
983 3777 1024 3831 sol
1043 3776 1146 3846 anguli,
1166 3793 1235 3847 qsrac
1254 3784 1296 3832 est
1314 3777 1472 3849 qualitativa
1490 3776 1595 3845 quanti·

242 3862 294 3922 ιιι,
313 3854 355 3908 ιιι
373 3854 441 3909 lucis
460 3856 528 3911 adeo
546 3856 641 3926 ipsius,
661 3871 730 3924 qnae
749 3855 866 3925 qualiter
886 3861 937 3922 est,
956 3871 1127 3925 nequaquam
1143 3871 1206 3910 vero
1220 3854 1381 3912 substantia
1417 3854 1595 3922 Quemadmo·
1699 3907 1705 3914 ,

242 3934 306 3988 dnm
324 3949 387 3988 vero
406 3950 440 3990 ex
457 3935 542 3990 nihilo
560 3935 626 3989 nihil
644 3935 702 3990 fieri
721 3935 851 4004 dicimus,
876 3935 915 3990 sic
934 3935 1015 3989 etiam
1040 3949 1074 3988 ax
1092 3933 1270 3989 immateriato
1293 3933 1398 4004 aliquo,
1426 3931 1593 4001 naturaiiter,

241 4014 411 4068 materiatum
429 4011 497 4068 nihil
516 4013 594 4068 educi
612 4020 716 4082 potest.¹
747 4013 815 4068 Vide
834 4014 914 4083 plura
932 4015 1035 4082 capri.

329 4107 484 4165 Axioma
507 4104 530 4163 l.
578 4107 669 4162 Αιιιιι
688 4105 792 4164 circuli
808 4105 930 4182 zodiaci,
954 4123 1041 4183 quern
1058 4105 1196 4166 rescindit
1210 4105 1287 4165 letus
1302 4104 1412 4182 figurae
1428 4102 1476 4163 vel
1491 4103 1594 4163 stellae

243 4211 388 4270 congruae
411 4189 440 4253 ιι
462 4192 586 4264 scibilis,
609 4195 727 4251 metitur
749 4191 888 4269 angulum
912 4193 1151 4269 configurationis
1175 4192 1311 4253 efficacis.

330 4299 486 4360 Arioma
509 4297 550 4356 ιι.
596 4295 729 4370 ungulus
751 4295 861 4372 figurae
891 4299 939 4358 vel
961 4299 1066 4360 stellae
1089 4298 1200 4359 scibilis
1231 4304 1261 4358 et
1283 4312 1429 4372 congruae
1461 4304 1506 4356 est
1527 4309 1593 4354 mo·

242 4386 329 4444 dulus
352 4386 451 4460 anguli
475 4385 723 4460 configurationis
738 4383 873 4445 efficacis.

331 4468 443 4523 Duobus
463 4467 643 4524 axiomatibus
662 4472 750 4520 totum
769 4467 906 4535 negotium
925 4467 1028 4533 nititur,
1048 4482 1119 4534 quae
1136 4465 1198 4522 ideo
1218 4465 1271 4519 dno
1289 4463 1354 4526 feci,
1379 4461 1441 4534 otia
1459 4465 1512 4522 duo
1531 4474 1596 4522 suut

241 4548 314 4603 modi
335 4546 501 4616 probabiles,
527 4546 626 4615 quibus
652 4543 757 4599 animae
780 4551 809 4599 et
831 4551 945 4600 naturae
964 4544 1126 4600 sublunares
1148 4545 1176 4598 in
1194 4544 1317 4600 notitiam
1341 4543 1594 4614 configurationum,

244 4641 315 4692 quae
334 4629 398 4680 sunt
416 4627 510 4693 quovis
530 4633 663 4696 tempore,
684 4625 773 4678 venire
790 4630 915 4692 possunt.

328 4706 384 4759 Aut
402 4705 473 4759 enim
490 4704 604 4772 figuram
622 4703 695 4760 illam
713 4702 880 4772 percipiunt,
906 4701 985 4769 cuius
1003 4701 1077 4757 latua
1096 4703 1129 4757 de
1147 4701 1247 4757 ιίιιιιιο
1266 4701 1377 4758 zodiaco
1403 4702 1533 4758 rescindit
1551 4719 1594 4758 ar·

242 4799 311 4850 cnm,
329 4782 549 4854 configurationis
567 4797 615 4840 seu
633 4783 727 4853 anguli
742 4781 843 4838 radiosi
862 4795 1022 4848 mensuram,
1042 4787 1090 4836 aut
1106 4780 1221 4850 firman
1239 4781 1321 4854 illam,
1339 4783 1419 4855 cnjus
1431 4775 1594 4839 elementum
