3564 5540
257 349 319 411 154
509 370 512 380 ¹
789 346 830 402 De
848 343 1071 415 Propertionlbus
1151 315 1153 320 ¹

342 513 403 584 Hie*
421 527 509 602 igitur
531 533 575 586 est
591 531 671 586 crtus
690 523 910 586 intervallorum
930 523 1135 586 concinuerum
1158 521 1366 596 diametrorum,
1389 521 1498 598 quibua
1517 519 1607 598 paulo

255 623 322 689 post
343 630 399 672 sua
422 613 557 674 dabimus
579 615 709 673 nomina.

342 697 496 778 Sequitur,
527 707 560 760 ut
583 701 672 760 etiam
695 699 731 762 de
755 707 819 760 ortu
843 701 992 761 tertiorum
1023 695 1244 756 intervallorum
1267 695 1412 771 dicamus,
1443 694 1610 772 quaelicet

256 788 398 847 concinna
428 789 572 866 exquisite
598 804 656 847 uon
685 790 757 862 sint,
793 789 936 847 concinno
959 795 1056 846 tamen
1090 788 1189 843 cantui
1219 787 1381 846 inserviunt
1408 791 1460 844 aut
1490 785 1610 843 concin-
1673 805 1675 814 <

256 891 359 934 norum
399 879 493 936 vicem
520 877 674 936 sustinent.
727 875 785 935 Illa
815 892 883 935 nero
918 892 954 933 ex
985 875 1191 934 cancianorum
1225 871 1370 950 (similiter
1402 879 1435 932 ut
1468 873 1611 930 concinna

257 980 292 1022 ex
320 961 525 1041 consonornrn)
558 963 809 1024 subtractionlbus
846 973 905 1021 aeu'
933 960 1201 1040 comparationibus
1240 963 1379 1020 oriuntur.
1430 957 1505 1018 Nam
1538 959 1612 1016 inter

257 1053 400 1110 eorteinna
423 1069 476 1108 seu
499 1050 629 1110 secunda
651 1049 807 1112 intervalla
874 1058 942 1110 sunt
963 1051 1054 1112 tertia
1070 1046 1227 1108 intervalla
1250 1050 1321 1108 ista:

511 1149 524 1218 1
554 1160 579 1203 ⁸⁸
598 1151 630 1222 ἧι
659 1189 1049 1204 ··········
1095 1151 1128 1223 ll

1167 1220 1241 1283 Quod
1262 1222 1419 1284 componitur
1436 1234 1467 1269 ex
1487 1217 1520 1289 ’ἐξ
1539 1225 1564 1268 st
1581 1215 1613 1286 ἓξ

512 1289 525 1359 ς
555 1298 580 1341 et
599 1291 629 1364 11
658 1329 1045 1342 ..........
1085 1290 1133 1364 {fig
1171 1300 1195 1341 et
1218 1289 1295 1354 paulo
1313 1290 1447 1340 admodum
1468 1295 1506 1339 est
1531 1291 1613 1338 miuus

1322 1375 1398 1426 quam
1419 1357 1460 1429 11.

501 1428 534 1500 tlt
553 1437 579 1480 ⁸⁸
599 1428 629 1499 ll
659 1467 1049 1482 ··········
1094 1429 1128 1502 ll

340 1517 400 1578 riis
424 1518 492 1578 addi
514 1526 614 1597 potest
637 1519 817 1600 duplicatum
840 1522 1026 1599 intervallum
1054 1515 1131 1604 15116,
1154 1539 1195 1581 sc.
1212 1515 1321 1600 '³²ch
1345 1517 1424 1596 quod
1447 1517 1539 1595 paulo
1560 1519 1615 1576 mi·

257 1625 313 1665 uus
335 1605 451 1668 excedit
472 1606 660 1668 intervallum
682 1604 722 1690 ⁸l9
745 1627 834 1686 quant
862 1607 929 1692 ’5116
950 1609 1136 1672 intervallum
1164 1589 1283 1689 ''³⁸lns5
1320 1607 1356 1666 Et
1377 1607 1475 1684 priora
1497 1604 1615 1681 quidem

259 1696 314 1753 tria
336 1696 468 1754 oriuntur
490 1713 526 1754 ex
547 1695 747 1778 subtractione
771 1707 873 1758 mutua
896 1696 1105 1760 concinnerunt
1121 1697 1312 1768 diversorum,
1335 1695 1393 1754 lton
1408 1709 1478 1754 vero
1501 1710 1540 1753 ex
1562 1691 1616 1752 ad-

258 1781 369 1844 ditione
393 1781 517 1841 duorum
539 1785 748 1844 continuorum
770 1785 956 1862 aequalium,
978 1786 1031 1846 sed
1053 1788 1150 1844 minus
1173 1785 1289 1845 usitate.

348 1869 447 1946 Atque
473 1869 541 1930 hinc
568 1871 674 1930 emicat
697 1871 934 1933 corollarium
965 1873 1250 1934 arithmeticum
1280 1868 1436 1948 pulchrum
1458 1867 1616 1928 admodum

211 2014 215 2023 ,
260 1957 288 2012 in
313 1958 442 2016 u'umeris
458 1965 495 2018 -et
517 1968 589 2036 typo
611 1961 756 2034 sequenti.
869 2005 872 2014 .

273 2069 275 2072 ·
522 2059 547 2112 3.
606 2059 611 2072 '
736 2060 776 2112 l.

631 2495 656 2552 8.
843 2497 877 2550 ‘rt
1034 2496 1077 2552 tu.

252 2633 255 2640 .
348 2581 450 2644 Omnis
472 2601 513 2644 ec.
537 2587 649 2646 numeri
681 2586 755 2646 iutra
778 2585 879 2647 decem
909 2587 1082 2664 quadratum
1112 2605 1177 2648 cum
1200 2585 1372 2663 rectangulo
1404 2585 1540 2644 binorum
1564 2601 1618 2642 nu·

261 2687 406 2731 merorum
435 2670 518 2730 illum
547 2675 677 2749 proxime
708 2675 957 2735 circumstantium
989 2677 1140 2735 constituit
1166 2673 1354 2734 intervallum
1384 2671 1432 2732 vel
1455 2687 1617 2731 consonum

262 2758 310 2817 vel
334 2763 506 2818 concinnum
530 2759 577 2820 vel
601 2762 727 2832 tertium.
752 2771 875 2838 excepto
897 2765 1053 2840 septenarii
1077 2762 1220 2840 quadrato
1244 2763 1285 2820 49
1309 2769 1338 2822 et
1354 2758 1533 2836 rectangulis
1558 2759 1619 2835 ejus

256 2843 378 2919 'duobus
403 2847 443 2906 35
467 2853 497 2904 et
520 2849 570 2906 63.
615 2847 673 2907 Sed
697 2849 745 2908 lrie
768 2849 869 2909 exulat
890 2853 1063 2911 concinnum
1087 2846 1141 2932 ”lm
1164 2857 1193 2910 et
1216 2865 1346 2910 consona
1360 2847 1509 2924 pleraque,
1536 2863 1620 2922 prae-

262 2941 306 2991 ter
329 2929 377 3014 ³l4.
426 2933 478 2990 list
497 2935 594 3011 ¹igitur
625 2935 775 2996 fortuitum
805 2945 939 3014 respectu
970 2937 1079 2997 ordinis
1101 2954 1286 2997 numerorum
1315 2936 1501 2996 etrsacturae
1536 2933 1621 3008 hujus

262 3020 336 3096 typi.
380 3019 502 3104 Frustra
526 3037 630 3080 causas
654 3023 722 3082 hino
744 3015 827 3100 petet
848 3025 1064 3098 arithmeticus,
1095 3027 1201 3084 trustra
1228 3024 1385 3100 septenarii
1415 3023 1621 3099 superatitione

188 3117 190 3123 '
264 3107 455 3192 occupabitur
478 3106 708 3185 Pythagoricus,'
726 3119 866 3188 tanquam
891 3115 1002 3172 numeri
1018 3115 1210 3186 numerantis3
1233 3112 1322 3171 altius
1339 3127 1385 3169 res
1400 3119 1444 3168 est
1463 3107 1623 3186 repetenda

264 3212 301 3252 cx
323 3195 484 3270 monicula
507 3207 536 3255 et
560 3200 686 3258 numeris
710 3201 869 3260 numeratis
892 3208 921 3261 et
942 3200 1088 3276 figuratis,
1116 3218 1156 3259 se.
1181 3217 1216 3260 er
1241 3201 1312 3276 ipsis
1335 3198 1435 3272 liguris
1468 3197 1623 3255 indemon-

264 3282 448 3355 strabilibus,
480 3300 601 3360 quarum
634 3293 678 3344 est
706 3289 800 3363 prima
829 3287 1044 3368 septangulum.
1096 3289 1258 3363 Namque
1290 3287 1385 3346 minus
1415 3283 1491 3344 ultra
1522 3283 1623 3344 decern

266 3379 353 3446 typus
376 3371 540 3430 continuari
564 3375 667 3449 possit,
692 3369 832 3451 sequente
848 3377 983 3436 concinni
1006 3387 1121 3450 natura,
1146 3392 1203 3434 nou
1221 3367 1283 3450 jann¹
1300 3371 1623 3450 septenariusernplluc

264 3454 396 3534 impedit,
420 3457 471 3518 sed
492 3458 545 3531 ,alii
568 3463 681 3520 numeri
705 3460 863 3537 figurarum
884 3459 1187 3534 indemonstrabilium
1212 3463 1230 3520 9
1253 3469 1282 3520 et
1308 3463 1362 3533 11,
1394 3462 1444 3537 qui
1467 3465 1624 3534 rectangu·

264 3543 326 3603 lum
348 3543 478 3604 efficiunt
501 3549 553 3619 99,
577 3547 745 3624 quodcum
770 3550 914 3628 quadrato
938 3549 1046 3612 denarii
1070 3553 1130 3612 100
1154 3551 1306 3614 constituit
1328 3547 1516 3607 interuallum
1540 3547 1625 3624 peni·

265 3640 313 3690 tus
336 3631 497 3693 abhorrens
528 3644 672 3696 enatura
695 3646 806 3700 cautus.
848 3633 952 3716 Usque
983 3639 1058 3702 adeo
1082 3639 1206 3698 multum
1228 3639 1351 3698 interest
1378 3637 1453 3696 inter
1474 3637 1625 3696 axiomata

267 3717 420 3781 doxastice
443 3727 472 3780 et
494 3723 714 3799 epistemonica.

395 3911 494 3973 Ordo
517 3915 783 3977 concinnerum
806 3921 842 3978 in
865 3919 1104 3997 perfectione
1128 3925 1164 3978 et
1187 3914 1486 3994 appellationes.

356 4071 493 4130 Diximus
514 4069 656 4132 hactenus
680 4070 716 4133 de
740 4077 851 4151 origiue
879 4088 909 4139 et
931 4077 1032 4137 ordine
1055 4075 1291 4146 intervallorum,
1323 4090 1399 4150 quae
1423 4079 1491 4131 sunt
1513 4074 1626 4131 minora

268 4160 420 4233 consonis3
456 4156 611 4218 dicendum
642 4164 829 4222 nuncetiam
859 4165 895 4226 de
919 4163 1077 4224 eorundem
1100 4162 1270 4223 differentiis
1299 4159 1393 4236 deque
1417 4159 1625 4238 appellationi-

269 4249 342 4318 b¹¹⁸2
373 4263 447 4322 tim
476 4263 540 4317 110⁰.
561 4247 649 4324 plane
678 4247 796 4310 easdem
824 4271 889 4314 eum
913 4253 1062 4314 veteribus
1091 4254 1214 4312 retinere
1245 4265 1418 4327 possumus,
1451 4265 1516 4306 curn
1547 4249 1624 4306 etin

269 4335 358 4395 rebus
380 4335 453 4410 ipsis
476 4343 505 4396 et
527 4337 556 4394 in
581 4339 678 4397 causis
701 4354 800 4398 earum
823 4344 910 4403 nobis
934 4341 971 4402 sb
994 4339 1054 4400 lllis
1076 4337 1284 4400 discedendum
1310 4335 1403 4396 luerit.

272 4577 349 4649 prior
367 4585 412 4636 est
429 4586 599 4654 mensuratis,
619 4588 752 4645 condona
769 4579 841 4654 vero,
859 4592 891 4642 ut
907 4589 993 4654 tonus
1006 4581 1050 4638 vel
1069 4581 1151 4638 diesis
1165 4587 1213 4636 ete.
1234 4577 1385 4648 posteriora
1397 4583 1461 4633 sunt
1479 4589 1625 4634 mosonen-

271 4659 326 4715 tiis.
362 4659 401 4714 Et
418 4665 492 4728 note,
512 4668 697 4722 consonantiis
716 4682 871 4724 communes
895 4670 960 4720 suut
980 4671 1074 4732 partes
1091 4661 1172 4716 istae:
1197 4663 1281 4713 tonus
1299 4655 1400 4726 major,
1424 4656 1525 4720 minor,
1549 4653 1624 4709 aemi·

273 4737 462 4875 manteiga,
488 4739 536 4796 aed
555 4757 604 4798 nee
629 4761 722 4802 omues
741 4747 880 4811 omuibus,
902 4757 953 4800 nee
971 4757 1025 4799 uua
1044 4757 1137 4797 earum
1156 4745 1213 4806 est,
1231 4753 1301 4812 quae
1326 4735 1385 4798 sola
1402 4735 1547 4880 eptatiatur
1566 4749 1625 4790 con·
