3570 5536
667 339 699 398 ln
716 339 932 400 scammoniam
949 339 1091 398 Dolierum
1107 338 1261 413 appendix

828 631 880 692 Ad
903 630 1022 710 Caput
1042 633 1098 698 111.

377 779 496 836 Rursum
518 780 608 836 divido
631 783 825 852 quaestionem.
867 785 984 840 Primum
1012 785 1085 856 quod
1113 785 1254 842 scientiam
1272 785 1359 856 ipsam
1376 785 1474 840 attinet
1492 783 1641 842 eommuni-

294 859 407 915 cationis
425 860 496 915 inter
514 875 543 914 se
561 859 712 930 ponderum
733 875 975 935 mensurarumque
998 868 1132 936 omniurn,
1160 867 1216 922 sive
1240 865 1331 936 aliqua
1351 864 1533 934 inaequalitas
1557 865 1643 918 intro-

292 938 407 994 ducatur
424 939 480 994 sire
498 939 645 1007 omittatur,
665 940 773 996 omnino
788 942 899 1010 judico,
927 959 985 999 rem
1013 961 1072 1002 esse
1099 951 1127 1002 et
1144 943 1352 1016 pulcherrimam
1376 949 1404 998 et
1421 944 1595 999 utilissimam
1614 951 1643 997 et

290 1018 406 1074 maxime
429 1019 573 1074 facientem
592 1020 625 1075 ad
644 1021 861 1090 perpetuitatem,
881 1023 903 1078 si
922 1041 1021 1095 corpus
1039 1025 1081 1079 vel
1100 1027 1220 1096 pondere
1239 1023 1283 1080 vel
1300 1023 1354 1078 loci
1372 1025 1462 1093 spatio
1480 1037 1642 1078 mensuran-

288 1095 352 1152 dum
378 1095 516 1165 redigatur
542 1099 570 1153 in
588 1101 694 1172 cubum,
726 1099 852 1168 planities
878 1105 1060 1159 mensuranda
1085 1104 1113 1159 in
1145 1103 1322 1174 quadratum,
1354 1103 1490 1170 huiusque
1521 1100 1585 1156 cubi
1614 1107 1643 1154 et

288 1174 412 1242 quadrati
430 1175 502 1232 latus
521 1177 555 1234 ad
573 1179 752 1247 quantitatem
769 1193 913 1236 mensurae
932 1189 1037 1236 tanturn
1055 1181 1151 1252 longae
1170 1191 1349 1253 comparetur,
1368 1189 1512 1248 exstetque
1530 1179 1643 1249 publice

288 1253 362 1322 apud
381 1269 473 1309 omnes
492 1257 561 1311 baec
579 1257 698 1314 seientia.
735 1259 877 1329 Secundo,
906 1263 929 1316 si
947 1278 1011 1317 vero
1035 1263 1187 1318 consultum
1206 1261 1342 1326 videatur,
1368 1265 1502 1314 attentare
1520 1258 1643 1328 aliquam

288 1332 479 1400 aequationem
497 1341 554 1390 tam
572 1351 758 1393 mensurarum
776 1355 857 1408 qaam
876 1341 1104 1411 progressionum,
1125 1343 1181 1396 sire
1200 1342 1397 1404 continuarum,
1416 1339 1473 1394 sive
1490 1353 1562 1408 quae
1580 1353 1641 1407 per·

289 1419 416 1466 maneant
433 1413 620 1481 incontinuae,
647 1417 774 1486 illamque
793 1420 984 1488 aequationem
1002 1419 1044 1475 rel
1071 1419 1179 1490 publice
1197 1422 1330 1489 imperare
1348 1417 1493 1480 universis,
1522 1415 1567 1472 vel
1588 1416 1641 1486 pri-

288 1488 370 1544 vatim
396 1491 468 1546 inter
495 1494 682 1551 universorum
712 1497 918 1565 magistratuum
951 1515 1050 1554 areana
1080 1500 1215 1568 recipere,
1247 1497 1320 1554 omni
1350 1496 1429 1552 modo
1459 1496 1640 1551 annitendum

288 1568 422 1636 existimo,
436 1576 467 1625 ut
479 1579 535 1628 tam
547 1576 717 1644 praeclarum
729 1593 797 1646 opus
811 1577 956 1647 incipiatur
978 1579 1013 1634 ab
1025 1578 1079 1634 hoc
1091 1579 1254 1634 solidissimo
1269 1577 1444 1633 fundamento
1461 1577 1641 1632 connexionis

287 1653 405 1717 quatuor
427 1666 555 1718 generum
572 1669 765 1720 mensurarum,
785 1664 812 1712 et
830 1657 853 1712 si
872 1673 927 1727 qua
939 1657 1151 1727 deprehenditur
1162 1655 1367 1722 irrationaliter,
1389 1671 1485 1710 manus
1498 1653 1523 1708 ei
1544 1654 1639 1709 admo-

288 1733 411 1796 veantur,
430 1737 460 1784 nt
478 1731 512 1785 ad
531 1731 665 1788 effabilem
684 1741 711 1789 et
728 1735 809 1790 talem
828 1737 1031 1806 proportionem
1044 1737 1210 1807 redigantur,
1229 1735 1275 1791 ubi
1289 1737 1322 1792 de
1334 1734 1437 1791 ratione
1450 1733 1518 1788 nihil
1532 1736 1641 1804 uspiam

288 1805 338 1860 fiat
354 1806 496 1877 reliquum.
534 1811 641 1879 Tertio;
661 1820 692 1868 ut
709 1829 771 1870 vero
790 1815 860 1870 idem
880 1816 966 1870 cub'us
985 1817 1021 1871 sit
1039 1833 1070 1872 aa
1088 1817 1238 1887 ponderum
1251 1823 1278 1872 et
1289 1816 1418 1885 locorum,
1436 1814 1507 1869 idem
1521 1813 1642 1884 quadra·

289 1889 347 1939 tum
374 1900 404 1940 as
420 1888 611 1960 planitierum,
638 1895 718 1959 cuius
746 1893 807 1948 cubi
834 1893 905 1949 latus
932 1901 974 1949 est
1001 1909 1031 1949 aa
1057 1897 1276 1950 merometrieus:
1304 1895 1447 1966 pulchrum
1468 1893 1587 1964 quidem
1615 1903 1643 1948 et

285 1965 441 2034 exoptabile
460 1976 537 2037 puto,
556 1969 725 2040 impossibile
751 1989 815 2028 vero
843 1973 989 2042 impetratu
1016 1975 1131 2044 arulgo
1158 1973 1307 2044 hodierno,
1334 1989 1384 2028 nec
1408 1988 1473 2028 sane
1491 1971 1642 2029 admodum

284 2043 358 2098 utile
394 2046 463 2100 Nam
482 2049 534 2103 etsi
553 2049 661 2118 quidem
678 2052 705 2105 in
724 2051 800 2107 libris
818 2053 900 2108 bodie
918 2068 1018 2122 magna
1036 2061 1078 2108 est
1097 2053 1248 2124 diversitas,
1267 2053 1393 2123 nuspiam
1411 2059 1502 2106 tamen
1520 2051 1642 2106 duorum

178 2195 181 2206 Ι
284 2119 406 2181 locorum
424 2127 511 2183 librae
529 2127 556 2182 in
575 2130 749 2199 proportione
767 2133 851 2203 dupla
869 2131 1058 2204 inveniuntur,
1087 2149 1180 2188 omnes
1208 2131 1326 2189 omnium
1352 2132 1475 2187 locorum
1493 2131 1521 2186 in
1540 2131 1642 2185 minori

288 2219 369 2271 quam
388 2205 479 2275 dupla
514 2207 576 2262 Jam
595 2223 658 2264 vero
678 2191 746 2265 libra
764 2211 845 2279 vulgo
864 2217 906 2266 est
924 2226 954 2265 as
972 2212 1015 2267 rel
1035 2212 1185 2281 ponderum
1203 2214 1300 2268 unitas.

373 2285 475 2355 Accipe
498 2303 569 2343 nunc
582 2309 585 2322 ·
596 2305 685 2344 assem
711 2291 945 2361 mecometricum,
970 2299 1037 2360 puta
1055 2292 1097 2348 vel
1116 2293 1206 2347 ulnam
1223 2292 1265 2348 rei
1284 2291 1389 2362 pedem,
1407 2289 1534 2344 ulnarum
1554 2287 1644 2343 dicen

286 2363 353 2418 sitas
371 2372 414 2420 est
432 2383 537 2435 magna,
554 2369 631 2436 pedis
649 2385 721 2439 vero,
741 2371 787 2439 qui
805 2369 892 2448 minor
911 2377 953 2425 est
972 2371 1097 2426 omnibus
1113 2372 1196 2440 ulnis,
1215 2371 1357 2427 diversitas
1374 2370 1475 2438 minor;
1495 2367 1643 2436 utriusque

284 2449 383 2510 tamen,
396 2444 420 2498 si
431 2445 459 2500 in
472 2448 571 2502 cubum
583 2449 747 2518 redigantur,
765 2449 887 2504 immanis
901 2451 1042 2519 proportio
1058 2451 1093 2505 ad
1106 2450 1178 2505 latus
1192 2450 1255 2506 cubi
1268 2449 1356 2518 aquei,
1374 2449 1471 2503 libram
1483 2446 1642 2516 pendentia

286 2519 348 2576 Sira
365 2523 447 2592 igitur
464 2525 561 2582 libram
577 2527 731 2583 immaniter
748 2543 857 2598 augeas,
877 2527 933 2583 sive
951 2529 1049 2597 pedem
1073 2537 1121 2584 aut
1140 2529 1231 2584 ulnam
1249 2527 1317 2584 adeo
1336 2529 1454 2593 minuas,
1481 2527 1539 2582 sire
1558 2526 1643 2581 etiarn

285 2617 378 2658 rocem
395 2604 473 2673 pedis
492 2607 574 2675 (quod
593 2608 621 2662 in
639 2609 783 2677 posteriori
801 2625 867 2664 casu
886 2609 1081 2666 necessarium)
1100 2609 1228 2680 repudies
1239 2600 1368 2679 penitus,
1397 2615 1445 2662 ant
1463 2605 1533 2661 assis
1554 2605 1644 2676 digni·

288 2685 371 2737 tatem
390 2684 417 2739 in
435 2685 523 2741 minus
542 2687 652 2756 aliquod
671 2703 757 2758 genus
778 2685 954 2758 longitudinis
972 2689 1135 2752 transieras,
1164 2689 1258 2759 ulique
1283 2685 1478 2743 inextricabilis
1506 2685 1643 2740 confusio.

285 2761 382 2830 ltaque
401 2765 486 2819 satius
505 2765 583 2834 duco,
602 2783 714 2837 paucos,
733 2767 779 2836 qui
798 2773 862 2821 sunt
881 2782 897 2821 a
915 2766 1030 2836 calculo,
1050 2766 1205 2836 plusculum
1220 2768 1355 2822 insumere
1369 2766 1469 2821 laboris
1480 2765 1644 2821 ineruenda

288 2842 464 2908 proportione
482 2844 606 2913 laterum,
627 2847 771 2902 dummodo
789 2845 845 2917 illa,
864 2847 904 2902 uti
922 2846 1033 2915 dictum,
1053 2847 1089 2900 rit
1108 2845 1232 2914 effabilis,
1251 2863 1331 2917 quam
1346 2847 1494 2914 universos,
1514 2845 1644 2916 quisunt

285 2919 386 2985 potiori
404 2927 481 2990 parte
499 2921 612 2979 hebetes
631 2933 658 2980 et
676 2926 792 2995 stupidi,
820 2927 846 2979 in
871 2933 925 2980 tam
949 2927 1096 2995 perplexos
1120 2926 1288 2997 labyrinthos
1307 2923 1510 2982 desuescendae
1528 2939 1643 2979 nomeu-

288 2995 416 3068 claturae,
435 3017 488 3056 usu
506 3003 770 3076 confirmatissimae,
789 3006 895 3076 conjici.
932 3007 1031 3062 Pamm
1060 3007 1141 3062 etiam
1168 3006 1235 3062 utile
1262 3007 1339 3076 dico,
1368 3021 1449 3060 unum
1478 3019 1540 3059 esse
1566 3005 1643 3058 latus

286 3079 404 3132 amnium
417 3081 526 3150 assium,
546 3081 579 3136 ob
591 3082 663 3139 hanc
675 3100 792 3145 causam,
811 3085 884 3154 qnod
902 3087 995 3140 statim
1016 3093 1097 3156 atque
1115 3087 1149 3142 ab
1169 3102 1230 3141 asse
1244 3086 1405 3141 discedimus
1424 3101 1472 3139 seu
1491 3084 1527 3139 ad
1545 3093 1643 3153 partes

286 3167 336 3209 seu
355 3156 389 3210 ad
409 3175 535 3216 numeros
553 3163 670 3234 assium,
698 3163 847 3219 deserimur
873 3166 908 3221 ab
931 3165 1039 3234 aequali
1063 3167 1228 3220 incremento
1251 3163 1294 3218 rel
1320 3163 1492 3220 decremento
1511 3163 1641 3230 laterum,

287 3248 347 3287 cum
366 3237 427 3290 cubi
447 3239 546 3294 sintin
565 3241 654 3311 tripla,
674 3243 806 3312 quadrata
824 3243 852 3297 in
871 3242 955 3312 dupla
973 3245 1149 3314 proportione
1166 3245 1291 3300 laterum.

371 3312 475 3380 Quarto
494 3318 527 3374 de
546 3337 616 3391 aqua
634 3321 746 3378 fontana
765 3323 852 3377 dicam
871 3322 972 3392 aliquid
992 3331 1097 3378 tantum
1116 3323 1242 3378 monendi
1261 3335 1354 3392 cansa,
1373 3327 1505 3390 quantum
1524 3337 1559 3376 ex
1580 3321 1641 3376 aliia

285 3391 383 3448 audivi.
420 3395 503 3453 Aiunt
522 3400 599 3466 enim,
618 3401 664 3470 qui
682 3409 768 3455 artem
788 3401 986 3456 distillatariam
1005 3409 1130 3470 tractant,
1149 3400 1229 3456 valde
1240 3400 1396 3470 inaequales
1408 3399 1640 3470 esseinpondere

285 3477 313 3524 et
331 3472 511 3531 crassitudine
533 3479 667 3536 fontanas.
703 3481 741 3535 Et
759 3481 865 3535 videtur
882 3480 983 3550 aliquid
1003 3481 1084 3535 etiam
1111 3480 1257 3534 haesurum
1276 3479 1439 3558 parietibus,
1464 3478 1538 3549 qnod
1556 3481 1641 3534 ratio-

285 3565 347 3605 nem
364 3550 392 3604 in
410 3549 519 3610 minir'no
538 3559 636 3615 turbet.
674 3561 726 3615 list
750 3565 778 3613 et
801 3561 893 3630 exigui
911 3559 1048 3629 ponderis.
1087 3559 1148 3612 Etsi
1175 3558 1258 3625 igitur
1280 3557 1359 3612 facile
1386 3557 1515 3626 parabilis
1544 3565 1588 3611 est
1616 3567 1643 3612 et

285 3630 369 3684 cuivis
388 3630 474 3703 obvia,
494 3645 522 3692 et
538 3639 602 3694 huic
621 3639 683 3694 usui
702 3639 893 3709 accommoda,
921 3640 967 3694 ubi
987 3639 1076 3707 liquor
1101 3638 1263 3706 requiritur:
1292 3637 1518 3700 considerandum
1547 3646 1641 3692 tamen

284 3709 419 3779 relinquo,
437 3723 593 3782 praestetne
611 3719 652 3775 uti
669 3736 736 3774 auro
755 3720 857 3790 optimo
877 3726 905 3775 et
927 3719 1091 3788 purissimo?
1127 3719 1187 3774 Iloc
1214 3719 1285 3773 enirn
1308 3717 1358 3772 etsi
1381 3715 1495 3772 subinde
1520 3717 1641 3785 amplius

286 3789 412 3860 deputari
431 3800 529 3864 potest,
549 3795 575 3849 id
595 3803 699 3865 tamen,
720 3797 792 3866 quod
811 3799 929 3869 denique
948 3799 1116 3866 detrahitur,
1145 3799 1178 3852 ob
1198 3798 1346 3854 exilitatem
1374 3804 1401 3851 et
1428 3811 1497 3866 pene
1523 3797 1641 3864 aequale

285 3868 345 3926 auri
362 3871 522 3940 argentique
539 3875 655 3944 pondus,
675 3876 807 3931 rationem
824 3878 890 3933 nihil
908 3878 1010 3933 turbat,
1037 3878 1096 3934 Nec
1115 3879 1180 3932 mihi
1193 3879 1252 3948 quis
1265 3879 1376 3947 objiciat
1389 3877 1537 3944 caritatem,
1556 3877 1642 3944 magi·

286 3957 389 4010 stratus
407 3950 477 4004 enirn
496 3960 552 4021 est,
572 3955 619 4022 qui
636 3956 689 4010 ista
708 3953 854 4025 deliberat3
884 3958 927 4013 eui
955 3955 1049 4026 facile,
1077 3959 1129 4014 100
1154 3957 1212 4012 auri
1235 3959 1326 4027 pondo
1354 3957 1481 4028 colligere
1504 3957 1540 4012 ad
1566 3957 1642 4012 hunc

285 4045 372 4087 nsum.
408 4033 512 4086 Aurum
530 4031 601 4086 euim
628 4049 679 4088 nee
705 4033 760 4088 hoc
787 4051 838 4089 usu
857 4053 906 4091 nec
934 4037 1112 4106 depuratione
1131 4037 1296 4106 deperditur.
1334 4038 1380 4094 Sin
1398 4045 1489 4093 autem
1508 4045 1641 4106 superent

288 4107 472 4180 difficultates,
493 4110 676 4178 quaerendum
695 4127 712 4166 a
730 4113 896 4184 metallariis,
916 4133 950 4171 an
969 4116 1061 4185 aliqua
1076 4116 1105 4182 in
1124 4117 1234 4187 plumbo
1247 4123 1295 4172 aut
1312 4123 1425 4189 argento
1437 4117 1497 4170 rivo
1510 4115 1642 4186 ponderis

285 4189 440 4246 constantia
457 4197 590 4259 perpetua
607 4206 658 4260 per
675 4192 764 4247 amnia
782 4191 843 4248 loca
861 4202 889 4250 et
908 4197 1049 4265 tempora?
1085 4195 1121 4252 At
1139 4213 1193 4250 non
1211 4195 1249 4251 ita
1270 4195 1340 4266 eligo
1363 4195 1473 4252 metalla
1496 4194 1581 4264 dura,
1611 4201 1642 4250 ut

287 4267 370 4338 plane
387 4271 508 4338 rejiciam
526 4271 679 4326 humorem:
706 4287 804 4327 censeo
823 4273 909 4342 enim,
934 4274 991 4328 sine
1014 4273 1128 4330 humore
1147 4291 1196 4345 per
1213 4273 1324 4331 metalla
1342 4274 1411 4329 dura
1428 4273 1552 4344 operari,
1580 4289 1642 4329 ease

285 4361 341 4401 rem
361 4348 555 4406 difficillimam
591 4350 740 4406 Humorem
766 4351 879 4408 admitto
905 4353 933 4408 in
956 4367 1004 4407 vas
1027 4353 1231 4424 reetangnlum,
1259 4360 1289 4409 ut
1311 4353 1450 4408 metallum
1473 4351 1642 4410 hastulatirn

287 4425 361 4493 injici
379 4428 480 4500 possit,
506 4429 593 4484 donec
617 4427 715 4483 humor
739 4430 774 4486 ad
798 4435 902 4488 tantam
922 4435 1016 4502 surgat
1034 4432 1220 4504 altitudinem,
1244 4440 1363 4504 quantae
1381 4431 1569 4501 amplitudinis
1586 4449 1641 4488 me·

286 4503 382 4637 {allulm
405 4507 527 4577 cupimus
554 4506 716 4579 ponderare.
763 4509 833 4566 Nam
861 4512 894 4567 da
921 4527 988 4568 auro
1014 4527 1100 4581 aquas
1126 4513 1254 4569 sorbente
1282 4511 1375 4568 dicuat
1401 4525 1463 4568 essa
1490 4509 1641 4584 captiosam

298 4597 314 4636 a
334 4599 414 4638 uam.
