3698 5534
278 325 341 384 264
689 313 731 368 Ι)ι
749 309 1012 381 Conligumtionibus
1032 310 1209 368 Harmoniois.
1295 373 1297 379 Α

278 497 367 558 enimi
398 491 555 554 rirtdtibus
585 455 719 570 praediti.
765 490 852 560 Reler
882 488 1088 567 buccelinus,
1119 509 1195 568 quae
1223 509 1313 622 sopra
1339 492 1376 553 de
1397 473 1623 572 physiognomia

259 585 339 668 dixi
362 582 478 659 dicique
501 576 627 658 amplius
647 587 776 656 possent

365 671 411 730 De
442 671 528 745 genio
560 666 675 728 tutelari
708 673 852 726 testantur
874 664 975 723 divina
998 664 1118 724 oracula
1142 669 1210 741 (lob
1230 617 1272 726 33.
1290 655 1540 727 Matth.1'81.Luc.
1561 674 1622 741 ιιι
1726 655 1735 714 ἶ

278 757 438 835 singolis·
431 761 467 816 ιιι
495 756 674 830 singolorum
702 753 851 814 hominum
880 750 1026 812 custodias
1056 769 1121 812 esse
1150 753 1329 812 atutbotas
1325 753 1494 830 datamque
1517 761 1547 814 et
1569 755 1623 812 ad·
1678 805 1680 810 .

278 848 468 908 monitionem
491 851 520 903 ot
541 844 777 901 intercessionem
801 839 839 899 ad
863 839 989 898 tribunal
1011 839 1214 914 providentiae
1233 839 1298 898 Dei.
1342 840 1459 901 Nullam
1481 843 1530 902 hio
1551 859 1623 919 pos·

277 936 440 996 sessionem
461 931 552 990 habet
573 937 678 988 natura
699 947 796 988 rerum
817 925 988 1001 sensilium3
1017 929 1047 985 si
1066 935 1163 988 tamen
1193 926 1333 1002 astrologi
1361 947 1398 988 ex
1420 930 1547 990 themate
1569 945 1623 1006 ge·

277 1021 425 1082 nethliaco
454 1019 664 1096 praenunciare
691 1023 813 1094 possunt
844 1031 929 1074 casus
959 1014 1045 1090 plane
1074 1015 1209 1076 fortuitos
1238 1009 1422 1089 (naturaliter
1449 1011 1622 1098 loquendo),

278 1111 334 1170 lnoo
357 1115 402 1168 est
424 1107 507 1179 tales,
532 1106 582 1180 qui
606 1121 700 1179 neque
724 1122 760 1164 ex
781 1102 867 1162 malis
889 1102 1016 1161 bominis
1039 1103 1182 1175 moribus,
1207 1097 1242 1160 e'x
1265 1107 1436 1180 temeritate,
1460 1123 1496 1164 ex
1518 1107 1623 1176 intem-

278 1197 411 1276 perantia
433 1197 493 1254 irae
522 1191 690 1254 libidinisve
713 1191 897 1263 aeciderunt,
928 1205 1023 1265 neque
1052 1208 1072 1247 a
1095 1181 1193 1248 vultus
1216 1188 1422 1266 dedignatione
1451 1191 1623 1268 dependent,

278 1301 354 1361 quae
386 1281 443 1341 duo
472 1281 606 1340 lortuuae
639 1277 830 1338 fundamenta
857 1271 999 1337 hactenus
1021 1276 1167 1353 explicata
1189 1285 1271 1348 annt,
1300 1286 1333 1336 ut
1355 1277 1433 1353 quod
1465 1279 1563 1356 tegula
1585 1279 1622 1338 de

278 1380 355 1431 tecto
380 1368 502 1446 delapsa
531 1367 596 1426 serit
625 1375 871 1442 praetereuntem,
901 1363 981 1440 quod
996 1373 1166 1466 reptantem
1195 1367 1225 1422 in
1247 1364 1330 1424 silvis
1359 1366 1424 1424 ferit
1446 1366 1551 1442 globus
1574 1373 1625 1425 aut

277 1460 387 1533 sagitta
416 1456 591 1533 improuisa,
622 1454 701 1530 quod
732 1457 815 1513 naris
848 1455 979 1512 demorsa
1006 1453 1128 1512 miseros
1152 1458 1285 1512 vectores
1308 1452 1411 1512 modiis
1444 1455 1564 1531 exponit
1594 1455 1624 1510 in

277 1545 374 1618 undis,
399 1543 478 1620 quod
502 1543 625 1602 flammis
649 1539 697 1600 hie
719 1543 895 1619 interceptus
918 1538 1120 1614 exstinguitur,
1144 1538 1194 1598 'rlle
1218 1541 1301 1598 ruina
1322 1540 1424 1600 domus
1449 1541 1494 1600 vel
1518 1543 1624 1600 montis

280 1633 470 1710 opprimitur,
500 1637 530 1689 ιι
561 1631 588 1689 in
616 1632 812 1704 consertum,
844 1627 923 1706 qnod
952 1630 1130 1702 insperatam
1161 1627 1209 1686 hic
1238 1627 1447 1688 haereditatem
1476 1628 1551 1699 adit,
1574 1627 1624 1686 ille

278 1722 448 1782 thesaurum
476 1718 595 1776 fortuito
626 1717 752 1790 invenit,
789 1719 814 1776 si
844 1719 962 1793 inquam
991 1714 1091 1774 theme
1120 1714 1335 1792 genethliacum
1363 1718 1492 1775 continet
1520 1716 1623 1774 horum

278 1824 398 1868 casuum
421 1805 543 1876 indicia,
576 1804 627 1878 qui
649 1805 794 1880 pertinent
821 1803 860 1863 ad
882 1803 979 1878 angeli
1008 1801 1138 1862 custodis
1161 1805 1260 1860 munia
1291 1803 1363 1862 citra
1385 1805 1622 1886 controversiam,
1701 1859 1708 1873 ,

279 1902 397 1970 oportet
427 1901 456 1952 ιι
486 1893 555 1950 lruio
581 1889 731 1950 custodiae
759 1892 967 1968 impedimento
997 1907 1034 1948 ιιι
1063 1897 1142 1950 estro
1164 1889 1349 1965 genethliaco
1372 1893 1525 1966 provenire
1553 1907 1625 1967 pro-

278 1983 483 2056 motioncsque
508 1979 680 2052 ιιιιιιιιιιιιις
711 1979 789 2054 quod
812 1997 880 2037 num
904 1980 1023 2055 impiam
1045 1979 1221 2036 sententiam
1244 1979 1272 2033 ιιι
1295 1994 1327 2036 ιι
1350 1981 1512 2052 contineat,
1541 1977 1626 2036 vide-

279 2072 336 2128 rint
359 2067 503 2146 theologi,
526 2068 696 2144 praesertim
721 2068 750 2139 ii,
774 2069 824 2142 qui
847 2083 954 2142 niagno
969 2081 1088 2124 numero
1105 2056 1235 2124 §eribant
1248 2081 1369 2140 geneses
1385 2073 1414 2125 et
1430 2067 1623 2143 prognostica.

279 2157 495 2234 Experieotiam
519 2153 707 2230 egohabeo,
739 2153 855 2229 qualem
879 2155 973 2214 dicam
997 2154 1113 2226 nescio,
1146 2151 1268 2211 duorum
1291 2151 1456 2225 hominum,
1486 2155 1535 2228 qui
1559 2169 1624 2212 cum
1680 2171 1709 2216 ,·

280 2250 379 2304 essent
401 2245 461 2305 ιιιιι
485 2243 539 2300 snb
563 2240 833 2302 constellationibus
857 2242 1076 2302 violentissimis
1106 2256 1259 2314 moresque
1282 2250 1470 2314 sequerentur
1498 2257 1556 2300 non
1579 2239 1626 2296 di-

281 2332 367 2405 versi,
390 2330 465 2390 adeo
481 2340 512 2386 ut
529 2328 613 2388 alteri
638 2345 737 2388 eorum
751 2328 838 2388 ludus
855 2337 940 2402 esset,
963 2326 1041 2386 saltu
1062 2345 1112 2403 per
1127 2327 1297 2403 praecipitia
1312 2327 1377 2386 lerri
1393 2328 1547 2403 medioque
1570 2343 1627 2386 ro·

280 2419 343 2480 latu
366 2417 463 2476 sunem
487 2407 630 2492 arripere,
661 2433 679 2474 a
710 2432 768 2491 qno
798 2418 1024 2486 sinberrasset,
1052 2415 1115 2489 jam
1148 2422 1245 2473 ectum
1274 2413 1310 2472 de
1340 2415 1403 2490 ejus
1424 2418 1487 2474 rita
1514 2415 1626 2488 luisset,

280 2507 437 2583 perniciem
469 2511 565 2565 tamen
589 2502 651 2570 ,sibl
682 2505 843 2562 temeritate
871 2521 925 2568 sua
953 2491 1011 2560 non
1043 2503 1231 2560 arcessivisse
1260 2507 1329 2560 sunt
1352 2504 1424 2578 viai3
1455 2521 1524 2562 nam
1552 2501 1626 2560 alter

253 2651 258 2678 ,
281 2611 381 2654 eorum
404 2592 542 2668 fulmine,
573 2587 646 2648 alter
668 2589 756 2664 globo
779 2589 918 2666 plumbeo
940 2608 960 2650 a
982 2597 1120 2648 venatore
1144 2592 1218 2648 io'tua
1241 2596 1301 2660 est,
1328 2607 1393 2648 orm
1416 2592 1440 2648 is
1464 2591 1532 2648 letis
1554 2591 1628 2648 insi-

282 2681 381 2740 diatus
412 2682 480 2738 visu
508 2686 539 2736 et
568 2676 688 2734 auribus
717 2678 890 2737 aberrasset.
942 2677 1004 2738 Nec
1034 2676 1137 2750 video,
1166 2678 1216 2752 qui
1246 2674 1359 2735 coelum
1391 2679 1447 2736 ista
1476 2680 1569 2754 possit
1598 2679 1628 2734 in

281 2768 430 2828 hominem
453 2768 525 2826 citra
548 2765 667 2839 genios,
692 2763 770 2838 quod
794 2773 904 2837 cetera,
928 2782 1004 2840 quae
1027 2771 1133 2840 potest,
1157 2766 1254 2822 omnio
1279 2781 1331 2840 per
1353 2764 1477 2824 hominis
1500 2767 1628 2822 animum

282 2869 426 2930 corpusve
449 2849 568 2931 (quibus
591 2849 629 2908 ad
652 2852 709 2908 isto
733 2851 813 2909 nulla
830 2853 873 2910 vis
898 2849 984 2930 inest)
1006 2869 1093 2928 posse
1110 2850 1341 2927 deprehenditur.
1386 2850 1464 2910 Illud
1485 2852 1555 2910 mihi
1570 2867 1628 2910 non
1732 2913 1740 2920 ,

282 2941 373 3002 ιιιιιιι
404 2939 529 3013 accidit,
558 2937 637 3014 qnod
666 2955 731 2996 cum
763 2938 814 2996 diu
841 2938 1021 3016 multumque
1054 2957 1099 2997 ιιιι
1133 2941 1344 3021 ιιιιιιιιιιιιιιιι
1375 2941 1628 2999 commiseratione

283 3027 467 3104 quorundam
489 3027 608 3084 lortuito
631 3027 828 3100 pereuntium,
852 3029 901 3102 qui
923 3027 993 3086 milri
1018 3029 1074 3083 visi
1097 3033 1164 3086 sunt
1187 3013 1424 3100 innocentissimi,
1455 3026 1571 3086 tandem
1594 3043 1630 3084 ex

281 3115 339 3176 fide
363 3115 458 3190 dignis
480 3114 602 3185 rescivi,
635 3113 725 3171 vitam
747 3112 862 3172 illorum
885 3132 954 3190 prae
978 3117 1081 3174 ceteris
1104 3113 1192 3172 talem
1215 3113 1319 3187 luisse,
1348 3132 1407 3190 qua
1427 3114 1513 3174 facile
1534 3114 1630 3173 bonus

282 3203 415 3278 angelus,
440 3211 472 3260 ut
494 3217 565 3277 apes
587 3199 846 3280 lumo,.abigatur,
869 3210 898 3259 et
920 3201 1009 3260 homo
1032 3203 1125 3260 caeeis
1148 3201 1275 3274 casibus,
1298 3209 1331 3260 ιιι
1352 3204 1415 3261 sine
1430 3211 1540 3260 rectore
1563 3217 1631 3260 onr-

268 3308 349 3362 ‘rus,
378 3289 506 3366 permitti
529 3287 638 3360 soleat,
663 3287 749 3362 ¹velut
778 3291 980 3366 emancipatus
1008 3291 1144 3365 epatris
1166 3289 1223 3348 Dei
1251 3291 1387 3348 creatoris
1410 3291 1457 3347 eui
1484 3295 1630 3364 potestate

283 3394 397 3452 suoque
430 3377 587 3454 permissus
619 3373 757 3448 arbitrio,
788 3378 846 3435 imo
874 3375 1019 3452 tyrannidi
1043 3375 1180 3435 Satanae.
1225 3376 1397 3451 Cojosmodi
1427 3375 1540 3451 aliquid
1562 3393 1630 3432 num

286 3468 373 3526 etiarn
398 3463 435 3523 de
457 3467 540 3540 prins
564 3463 666 3539 positia
691 3462 831 3539 exemplis
860 3465 898 3522 eit
919 3463 1105 3522 statuendum
1136 3462 1237 3538 illique
1268 3481 1352 3522 casus
1380 3465 1489 3522 nemesi
1515 3463 1632 3522 divinae

285 3551 441 3625 tribuendi,
465 3550 546 3610 solus
571 3551 596 3608 is
618 3551 719 3622 novit,
744 3553 793 3625 qui
817 3549 905 3610 corda
927 3559 1085 3618 scrutatur,
1115 3551 1166 3627 qui
1188 3552 1290 3609 visitat
1313 3553 1494 3626 iniquitatem
1517 3558 1632 3628 patrum

285 3641 315 3698 ιιι
342 3639 418 3698 filios
447 3641 477 3696 in
505 3639 620 3696 tertiam
650 3642 679 3695 ιι
706 3646 839 3711 quartam
869 3641 1094 3714 generationem.
1141 3637 1249 3696 Verum
1283 3637 1318 3696 de
1348 3639 1483 3697 omnibus
1513 3638 1633 3697 lortuito

285 3727 476 3804 pereuntibus
499 3726 577 3802 absit
603 3730 636 3782 ut
659 3723 782 3784 eandem
804 3726 895 3784 leram
917 3728 1100 3786 sententiam.
1147 3723 1206 3783 Sed
1229 3727 1308 3784 ritae
1338 3724 1426 3784 talem
1454 3727 1632 3801 impietatem

285 3814 468 3889 conjectores
492 3829 526 3872 ex
551 3813 637 3870 astris
660 3810 758 3869 videro
781 3829 839 3870 non
863 3821 1003 3888 potsunt,
1035 3830 1089 3872 nec
1112 3814 1186 3872 enim
1215 3812 1244 3868 ιιι
1269 3812 1342 3872 coeli
1366 3811 1458 3888 figura
1488 3813 1632 3888 descripta

286 3907 355 3960 suot
377 3900 478 3958 divina
500 3897 611 3956 auxilia
639 3906 741 3956 contra
762 3917 868 3975 pravas
891 3901 1055 3958 animorum
1083 3900 1302 3970 inclinationes,
1334 3901 1363 3956 in
1384 3903 1460 3976 'quas
1489 3893 1563 3958 coeli
1586 3903 1632 3955 ιιι-

285 3989 382 4048 fluxus
404 3994 472 4064 post
494 3985 609 4061 lapsum
633 3983 803 4058 degenerat,
833 4003 890 4045 non
915 4003 1114 4063 corrumpens,
1136 3986 1197 4045 ¹sed
1225 3994 1391 4063 corruptum
1419 3988 1544 4046 incitans
1567 3988 1632 4046 ani-

287 4093 381 4148 mum;
412 4073 626 4138 multominus
650 4074 678 4129 in
702 4069 819 4130 Saturni
843 4073 953 4146 livore,
983 4073 1087 4134 Martie
1109 4075 1215 4134 rubore
1238 4080 1306 4133 sunt
1328 4076 1467 4150 inscripto
1499 4073 1631 4134 velutin

286 4161 438 4241 pandectis
470 4177 630 4238 poenarum
653 4175 778 4234 genera,
808 4163 937 4236 peccatis
960 4162 1082 4238 singulis
1113 4160 1219 4220 debita
1257 4161 1368 4241 ,ltaque
1399 4179 1464 4220 oum
1491 4163 1631 4221 connexio

286 4250 428 4310 naturalis
451 4249 553 4308 harum
576 4264 670 4305 rerum
695 4263 759 4305 cum
775 4247 859 4307 coelo
883 4247 1051 4308 immediata
1073 4248 1153 4306 nulla
1176 4251 1222 4322 sit,
1242 4249 1304 4323 jam
1321 4248 1410 4307 semel
1425 4257 1513 4325 atque
1529 4251 1631 4308 iterum

285 4353 338 4413 per
361 4336 417 4411 hos
438 4338 479 4395 20
503 4351 595 4394 annos
619 4333 685 4393 dedi
708 4333 824 4410 publice
848 4335 1119 4405 considerandum,
1135 4353 1171 4394 an
1198 4339 1273 4394 sicut
1302 4336 1469 4412 spirituales
1497 4334 1540 4394 illi
1563 4353 1631 4412 pro-

268 4429 269 4432 ’
286 4425 450 4484 ιιιιιιιιιιιιιι
472 4422 707 4499 populorumque
722 4422 870 4498 praesides
886 4442 903 4480 a
918 4423 1068 4498 spiritibus
1086 4423 1305 4498 insidiatoribus
1321 4423 1454 4499 impediri
1469 4440 1501 4482 se
1521 4441 1585 4499 cap.
1603 4425 1630 4482 9.

289 4511 422 4570 Danielis
445 4517 614 4586 queruntur,
638 4513 679 4568 sio
703 4512 791 4568 etiam
814 4511 994 4586 singulorum
1018 4510 1168 4570 hominum
1191 4512 1272 4587 genii
1293 4511 1330 4570 ab
1353 4512 1438 4570 astris
1462 4509 1632 4569 naturaliter

289 4596 408 4675 quidem
431 4597 633 4673 impediantur,
658 4599 835 4673 quominus
859 4598 1009 4658 commode
1032 4601 1164 4658 resistere
1187 4599 1301 4674 possint
1328 4599 1522 4674 potestatibus
1545 4600 1630 4670 atris,

289 4686 536 4762 cordobanobis
559 4685 780 4758 insidiantibus,
810 4685 918 4761 illaque
947 4685 1155 4763 impedimenta
1183 4685 1407 4762 praevideantur
1438 4702 1473 4746 ιιι
1503 4685 1630 4744 themate

286 4773 365 4845 nati,
395 4771 475 4847 quod
498 4772 619 4854 lormsse
643 4775 732 4832 etiem
755 4775 783 4830 in
806 4775 924 4852 genium
946 4774 1075 4850 influxit,
1104 4789 1161 4836 non
1185 4774 1281 4832 minus
1312 4791 1400 4851 quam
1427 4774 1458 4830 ιιι
1481 4774 1627 4833 nascentis
