3676 5536
739 333 822 392 Liber
838 335 885 394 lv.
903 337 991 409 Caput
1008 337 1054 395 lv.
1502 331 1565 396 233

222 505 257 566 de
281 523 326 581 eo,
349 507 429 584 qrrod
447 509 510 584 jam
532 513 751 594 praemisimus,
777 530 810 574 aa
832 513 944 576 scilicet
965 532 1024 576 non
1047 518 1142 574 minus
1165 516 1302 576 instinctu
1326 507 1455 590 quodam
1476 515 1566 568 natu-

221 594 275 654 rali
297 596 395 656 valere
417 597 455 655 ad
478 600 693 675 percipiendum
716 602 917 680 proportiones
939 603 1112 681 angolorum
1135 601 1331 672 harmonicas,
1365 615 1454 676 quam
1476 595 1567 681 pollet

221 681 359 744 facultate
382 685 523 758 naturali,
555 686 653 746 vitalis
675 698 792 748 nostrae
814 691 917 764 simili,
946 692 984 751 ad
1005 708 1111 768 corpus
1133 689 1259 750 Telluris
1282 686 1472 762 officinasque
1494 685 1567 742 sub·

222 778 369 830 terraneas
391 773 422 828 in
445 777 590 832 montanis
612 777 697 836 certis
720 776 934 837 harmoniarum
963 780 1142 857 temporibus
1166 773 1379 838 calefaciendis
1412 773 1568 852 exagitan-

222 856 345 934 daaone,
375 865 407 917 ut
430 859 498 920 illae
528 879 662 938 magnam
687 880 829 940 raporum
850 865 1080 942 nebularnmque
1112 867 1225 942 copiam
1256 861 1406 930 exhalent,
1438 877 1474 920 cx
1498 875 1566 936 que

223 961 275 1022 per
298 947 517 1023 antipsrlstases
539 949 652 1025 lrigorls
676 954 802 1028 superni,
826 955 920 1012 omnia
942 956 1056 1031 generis
1080 960 1209 1014 meteora
1231 951 1454 1011 conformantur.

308 1031 343 1094 In
365 1033 474 1093 Tenue
496 1038 573 1095 enim
595 1053 715 1115 corpore
737 1039 875 1116 ponende
897 1047 941 1100 ast
971 1041 1044 1100 hacc
1065 1041 1177 1114 anima,
1208 1041 1280 1116 quia
1301 1053 1355 1094 nec
1377 1033 1475 1117 cinguli
1498 1034 1568 1092 har-

188 1189 203 1212 ,
221 1121 326 1179 morici
349 1121 495 1180 radiorum
528 1127 558 1182 ln
580 1123 641 1183 ulla
663 1124 722 1184 alia
743 1135 826 1203 perte
849 1126 949 1187 muudi
980 1137 1070 1207 qnam
1091 1129 1121 1185 in
1144 1127 1235 1188 Terra
1264 1125 1405 1200 existunt,
1428 1129 1458 1183 et
1480 1138 1569 1200 opera

221 1215 359 1280 naturae,
390 1227 466 1287 qnae
496 1209 533 1268 ad
552 1212 801 1288 configurationes
830 1215 977 1276 radiorum
1004 1223 1180 1292 sequuntur,
1211 1231 1247 1274 ex
1269 1207 1377 1276 Terrae
1406 1210 1566 1271 visceribus
1669 1225 1672 1232 ’

223 1297 422 1374 montiumque
445 1301 577 1358 cavernis
601 1309 694 1360 ortum
717 1302 846 1366 trahunt.
1006 1350 1013 1365 ι

309 1378 362 1442 lv.
386 1382 528 1460 Quartum
552 1386 706 1449 discrimen
729 1393 861 1450 consistit
882 1392 911 1448 in
933 1389 1037 1465 modis,
1061 1391 1169 1467 quibus
1190 1386 1360 1454 barmonlac
1383 1383 1516 1445 diversae
1539 1385 1568 1441 in

221 1473 282 1530 suis
304 1473 403 1532 insunt
425 1471 575 1549 subiectis.

307 1558 383 1618 Nam
405 1558 481 1620 libro
502 1559 558 1620 111.
582 1579 648 1638 pum
670 1565 700 1621 in
723 1572 809 1624 cantu
832 1565 976 1636 inessent,
999 1565 1029 1625 in
1053 1561 1105 1623 illo
1128 1570 1191 1623 toto
1214 1564 1343 1635 inerant,
1373 1566 1436 1620 toto
1459 1557 1570 1619 scilieet

222 1651 361 1720 ternpore,
385 1662 444 1723 quo
469 1647 593 1708 durabat
615 1658 727 1710 cantus.
773 1653 809 1710 Et
832 1654 966 1728 quamvis
988 1651 1145 1710 intervalla
1166 1667 1284 1724 vocum,
1305 1657 1338 1707 ut
1352 1650 1451 1708 omnia
1473 1663 1570 1723 quan-

221 1734 533 1812 titatsparticipantla,
558 1740 723 1798 continuam
738 1737 893 1797 admittant
907 1739 1090 1811 divisionem,
1113 1755 1171 1798 non
1188 1746 1249 1798 erat
1264 1745 1361 1797 mmen
1375 1737 1415 1796 ibi
1431 1735 1570 1795 transitus

222 1823 321 1880 cantui
350 1840 369 1880 a
395 1839 468 1881 sono
496 1824 623 1883 inferiori
652 1843 704 1904 per
725 1827 912 1886 intermedios
942 1825 1070 1887 infinitos
1098 1843 1190 1902 usque
1220 1825 1257 1886 ad
1285 1842 1364 1898 eum,
1396 1825 1447 1902 qui
1475 1824 1569 1900 primo

222 1908 369 1968 consonus
391 1916 443 1968 aut
465 1913 622 1971 concinnus
645 1921 737 1984 esset,
750 1971 753 1978 ,
768 1913 818 1973 scd
843 1931 907 1973 curn
930 1912 1008 1974 saltu
1039 1921 1068 1972 et
1088 1914 1206 1974 silentio
1237 1912 1464 1989 trajiciebantur*
1479 1911 1570 1969 inter-

223 1995 320 2058 media
343 1999 449 2070 omnia,
474 2001 567 2057 omnis
584 2017 654 2060 vcro
677 2000 788 2060 vocalis
811 2004 1002 2061 commoratio
1026 2009 1089 2060 erat
1110 2003 1139 2059 in
1162 2002 1242 2060 sonis
1264 2003 1341 2060 inter
1355 2016 1387 2058 ss
1409 1999 1568 2058 concinnis.

224 2083 335 2165 Eodem
358 2083 445 2144 niodo
468 2086 497 2142 in
521 2095 675 2162 concentu,
708 2089 843 2166 quamvis
867 2091 941 2148 inter
964 2088 1106 2165 diapason
1134 2095 1164 2148 et
1186 2087 1274 2150 dihex
1304 2088 1436 2146 intersint
1458 2085 1570 2144 infinita

225 2170 393 2247 intervalla,
422 2189 481 2232 non
504 2173 592 2233 fiebat
614 2185 711 2234 tamen
741 2177 866 2236 intensio
897 2192 1003 2236 vocum
1026 2178 1165 2234 continua
1192 2176 1364 2252 peremnia
1390 2172 1570 2246 intermedie,

224 2258 324 2334 quoad
347 2275 381 2318 ex
405 2257 545 2338 diapason
568 2261 649 2322 fieret
672 2270 769 2335 serm,
797 2263 850 2324 sed
872 2263 949 2323 saltu
973 2263 1138 2323 serebantur
1168 2279 1256 2323 noces
1284 2278 1404 2322 amera
1427 2261 1570 2338 diapason

224 2348 253 2402 in
284 2363 392 2405 meram
421 2355 547 2422 sextam,
579 2349 756 2410 intermediis
784 2351 918 2411 omnibus
947 2351 1064 2410 silentio
1094 2350 1290 2409 transmissis,
1327 2349 1365 2407 itt
1394 2351 1422 2408 in
1453 2349 1570 2424 organis

225 2432 342 2509 quidem
366 2434 528 2494 saltabatur
549 2437 587 2496 ah
610 2455 670 2497 una
692 2454 786 2499 canna
809 2438 847 2497 sd
869 2437 965 2512 aliam,
989 2439 1018 2496 in
1042 2439 1142 2511 tensis,
1165 2447 1198 2496 ut
1214 2439 1403 2497 instrumento
1427 2443 1456 2498 et
1470 2437 1570 2512 harpe,

226 2520 265 2580 ab
288 2520 477 2581 unachorda
500 2523 537 2582 ed
561 2525 656 2600 aliern,
681 2527 729 2585 vel
752 2527 776 2583 si
799 2526 974 2585 multisonas
990 2524 1116 2584 chordae
1139 2531 1354 2603 usurparentur,
1377 2531 1410 2583 ut
1432 2527 1461 2582 in
1478 2523 1571 2584 clari·

225 2607 361 2680 chordio,
385 2609 532 2687 pandura,
555 2611 657 2690 chely,
681 2612 811 2692 cythara,
833 2612 872 2672 ab
895 2630 953 2672 nuo
976 2619 1072 2686 tactu,
1096 2619 1147 2671 aut
1169 2614 1199 2671 in
1221 2611 1326 2672 llstulls
1348 2612 1386 2671 ab
1409 2629 1468 2672 uno
1492 2613 1571 2672 lora·

225 2697 303 2756 mine
325 2695 363 2754 ad
385 2696 479 2769 aliud,
503 2700 532 2756 in
555 2708 671 2773 gutture
693 2701 822 2759 humano
844 2700 883 2759 ab
905 2717 964 2759 une
987 2699 1095 2760 circulo
1118 2701 1241 2760 arteriae
1264 2713 1385 2776 asperae
1411 2699 1449 2759 ad
1471 2697 1571 2759 ellum.

224 2781 290 2840 Non
313 2785 355 2842 sic
379 2785 407 2840 in
429 2783 502 2844 lihro
526 2783 578 2844 lV.
623 2787 696 2846 Nam
721 2805 795 2863 quas
824 2789 854 2844 in
877 2804 912 2847 eo
936 2786 1183 2847 considerabimus
1210 2787 1392 2861 harmonias,
1423 2786 1509 2866 illae,
1540 2795 1572 2845 ut

226 2868 284 2929 dici
307 2879 440 2947 coeptum
464 2874 559 2949 capite
581 2875 781 2950 praecedenti,
813 2891 871 2934 non
894 2882 1008 2954 semper
1030 2877 1157 2935 existent
1184 2876 1257 2934 inter
1279 2875 1412 2942 binomur
1425 2873 1580 2952 planeta<

225 2959 332 3016 riorum
354 2959 499 3017 radiorum
521 2960 660 3036 angulum
693 2969 722 3021 et
743 2963 818 3021 inter
839 2968 966 3038 quatuor
988 2969 1095 3036 rectos,
1128 2960 1180 3020 sed
1203 2961 1235 3021 lit
1265 2965 1402 3021 continua
1425 2964 1571 3039 separatio

225 3044 416 3120 planetarum,
440 3047 545 3122 quihus
568 3047 685 3125 quidem
709 3049 764 3108 hoc
788 3049 888 3108 datum
911 3057 964 3123 est,
988 3049 1043 3108 suh
1066 3049 1188 3109 zodiaco
1211 3048 1318 3109 circulo
1341 3066 1392 3129 per
1415 3047 1572 3116 interualla

225 3129 396 3209 risuppeuru
419 3137 515 3192 omnia
537 3137 566 3192 in
589 3136 765 3210 harmonica,
789 3153 911 3214 qnorum
928 3143 1097 3211 extremum,
1121 3137 1178 3195 duo
1193 3139 1274 3210 recti,
1297 3136 1496 3197 semicirculus
1519 3154 1572 3196 seu

226 3221 382 3296 oppositio,
406 3221 531 3298 indeque
554 3224 721 3301 retrogrado
745 3223 845 3284 ordina
868 3241 920 3301 par
942 3223 1097 3283 intervalla
1128 3241 1241 3282 rursum
1263 3221 1437 3285 inconcinna
1458 3231 1488 3284 et
1510 3223 1572 3282 dis'·

226 3323 300 3365 sona
322 3310 420 3367 omnia
441 3326 534 3384 usque
559 3312 586 3368 in
610 3311 857 3386 conjunctionern3
882 3311 978 3370 nullus
999 3311 1049 3371 hie
1071 3301 1163 3371 sdltus
1179 3310 1210 3370 lit
1233 3329 1268 3372 er
1293 3329 1350 3371 uno
1372 3311 1480 3388 angulo
1502 3312 1572 3371 har·

227 3396 343 3454 monieo
365 3397 395 3454 in
418 3395 517 3469 alium,
541 3399 621 3458 uerbi
645 3417 734 3458 causa
757 3417 792 3458 er
815 3401 929 3474 trigono
952 3401 982 3456 in
1006 3398 1194 3474 quadratum,
1222 3398 1274 3459 sed
1298 3401 1437 3458 transitus
1459 3399 1497 3457 ab
1521 3398 1572 3458 illo

227 3481 266 3540 ad
289 3481 365 3542 bunc
388 3485 540 3544 continuus
571 3495 615 3546 est
645 3504 696 3564 per
726 3485 898 3546 intermedia
925 3487 1031 3545 omnia.
1076 3484 1235 3561 Propterea
1263 3494 1377 3562 tempus
1404 3487 1572 3544 rrrriversum

227 3576 359 3629 motuum
382 3573 550 3631 coelestium
575 3583 718 3649 occupant
739 3573 984 3648 configurationes
1004 3570 1151 3631 radiorum
1174 3575 1373 3644 inconcinnae,
1397 3573 1575 3650 dispnnpnnt

229 3674 298 3715 vero
322 3657 424 3718 saltem
448 3662 533 3718 certis
556 3663 708 3720 momentis
725 3661 971 3735 configurationes
987 3661 1120 3718 hinorum
1136 3667 1187 3718 ant
1202 3659 1346 3720 interdum
1361 3661 1499 3718 trinorunr
1523 3669 1574 3718 ant

227 3746 315 3802 etiarn
345 3755 550 3821 quaternorum
579 3748 779 3821 harmonicae,
812 3747 930 3824 reliquie
964 3749 994 3805 in
1015 3749 1238 3822 incongruentia
1258 3749 1462 3823 pergentibus3
1493 3753 1526 3805 ut
1548 3750 1572 3806 si

228 3841 339 3908 septem
363 3835 474 3892 cannae
497 3837 650 3912 organicae
672 3853 761 3894 sonos
783 3833 904 3894 totidem
927 3834 1062 3893 dissonos
1086 3834 1224 3893 continua
1246 3836 1388 3894 tensionis
1403 3833 1574 3914 alteratione

228 3921 393 3979 emitterent
413 3921 552 3998 fieretque
575 3926 738 3982 tensionmn
762 3923 932 3982 obviatione
955 3929 1067 4000 mutua,
1089 3929 1122 3980 ut
1143 3919 1287 3980 interdurn
1308 3923 1394 3982 binae
1418 3919 1464 3979 vel
1481 3922 1575 3984 trinea

228 4016 437 4082 consonarent,
468 4012 570 4069 ceteris
600 4009 826 4070 dissonantibus.
871 4009 919 4069 lta
946 4027 1015 4069 rere
1042 4019 1072 4069 et
1093 4011 1209 4088 propris
1239 4007 1386 4086 loquendo
1409 4011 1575 4086 ipsissimas

228 4093 415 4155 harmonicae
439 4096 683 4174 configurationes
706 4115 764 4157 non
786 4104 854 4155 sunt
877 4097 906 4154 in
929 4104 1075 4175 ternpore,
1102 4095 1154 4156 sed
1177 4099 1206 4154 in
1228 4099 1383 4157 momentis
1405 4095 1574 4154 indivisibi-

226 4181 307 4240 libus
329 4183 524 4258 perficiuntur.
568 4185 630 4244 Etsi
654 4203 754 4245 rernm
774 4185 860 4260 juxta
884 4191 912 4244 et
933 4183 990 4244 hoc
1013 4191 1065 4258 est,
1090 4184 1314 4258 commotiones,
1337 4201 1414 4261 qnae
1437 4199 1471 4242 ex
1494 4183 1575 4246 hisce

227 4269 387 4329 harmoniis
410 4273 439 4328 in
462 4273 566 4331 animis
589 4274 725 4345 existunt,
748 4289 806 4331 non
830 4289 893 4332 esse
910 4280 1138 4346 momentaneas,
1161 4280 1281 4332 merent
1296 4273 1373 4330 enlm
1389 4270 1589 4332 harmonicae

227 4358 487 4434 configurationes,
519 4367 663 4435 quatenus
693 4366 761 4422 sunt
790 4361 819 4417 in
842 4359 924 4434 peri,
954 4367 984 4420 ct
1009 4361 1127 4436 inipso
1155 4365 1320 4432 momento,
1348 4375 1408 4436 qno
1429 4357 1575 4436 perlectas

227 4445 309 4518 liunt,
332 4461 444 4504 rursum
468 4449 588 4506 remittit
609 4464 708 4506 aarum
731 4445 883 4520 stimulus,
906 4463 996 4522 opera
1020 4463 1090 4506 sero
1112 4453 1248 4522 naturae,
1272 4462 1348 4522 ques
1370 4463 1422 4524 per
1444 4445 1498 4506 hos
1520 4449 1575 4506 sti-

175 4587 180 4601 ,
227 4533 324 4593 mulos
346 4531 548 4613 sollicitentur,
568 4535 630 4609 jam
653 4553 671 4595 a
693 4533 909 4594 conditionibus
931 4534 1070 4606 materiae
1093 4549 1243 4596 mensurae
1262 4535 1410 4610 accipiunt
1430 4535 1476 4594 sul
1498 4542 1575 4595 tem·

226 4623 308 4698 poris
338 4620 500 4696 durantque
528 4639 616 4699 saepe
645 4624 732 4699 longe
760 4619 837 4680 ultra
858 4627 1050 4694 momentum,
1083 4637 1141 4695 qno
1170 4619 1479 4698 perlinitur'radiatlo.
1525 4621 1576 4684 Sic

226 4708 365 4768 machina
387 4724 479 4767 aenea
501 4709 622 4788 explosa
645 4711 674 4768 vi
697 4710 830 4769 succensi
859 4707 988 4784 pulveris
1010 4708 1086 4785 pyrii
1116 4708 1254 4783 ignescit,
1284 4725 1338 4769 nac
1358 4713 1472 4784 statim,
1503 4726 1576 4770 eon-

225 4805 326 4864 snmta
347 4797 468 4858 materia
489 4798 582 4878 ignis,
604 4815 622 4858 a
645 4799 741 4860 calore
762 4797 901 4873 remittlt3
933 4797 977 4856 sic
999 4811 1103 4873 corpus
1125 4793 1275 4872 animalis,
1297 4803 1332 4857 ut
1353 4797 1517 4876 exemplam
1537 4797 1577 4862 sn
