3698 5534
269 309 366 394 ,¹343
567 355 570 362 ·
818 329 1136 390 suranaernumma

301 501 472 564 harmonicas
490 503 525 564 ab
542 505 602 562 aliis
620 506 761 578 creaturis,
781 522 859 578 quae,
877 508 977 566 mentia
995 515 1142 580 compotes,
1160 506 1222 566 illm
1239 507 1378 580 percipere
1389 513 1453 568 sunt
1463 516 1551 580 aptae.
1580 509 1649 568 Vide

300 579 362 638 libri
378 584 431 639 mei
447 586 537 654 quarti
554 585 642 656 capite
658 587 746 642 tertio.
1135 649 1142 669 Ι
1372 645 1376 654 ,

388 661 460 718 Nota
477 663 525 719 IV.
560 665 599 722 Iu
616 667 689 734 solia
709 666 754 733 uit,
773 669 817 736 iis,
835 684 904 740 quac
921 685 949 724 ec
962 669 1056 738 primo
1074 675 1181 734 mouerat
1207 685 1326 740 qrmeqac
1347 674 1412 724 aunt
1428 671 1548 728 rationis
1559 673 1650 742 pcrti-

300 739 381 810 cipio,
401 744 537 799 euidenter
553 745 674 816 conspici
689 753 819 800 naturam
830 747 1026 804 keramicum.
1042 799 1044 806 ι
1062 745 1131 801 Nam
1144 747 1233 802 omnia
1252 742 1359 816 quidem
1378 747 1433 804 suis
1446 756 1570 806 constare
1587 768 1649 821 pro·

299 817 486 890 portionibus,
504 823 531 878 in
550 823 593 877 his
612 825 743 879 contineri
763 825 887 886 salutem.
916 825 941 878 in
962 826 1103 880 contrariis
1122 827 1273 896 interitum,
1293 823 1340 882 scd
1359 825 1394 889 id,
1406 843 1460 882 non
1478 828 1508 884 irs
1525 830 1649 886 omnibus

300 909 362 950 ease
378 901 570 969 conspicuum,
600 909 746 958 nonacris
772 904 798 956 in
822 906 951 959 materiae
974 905 1195 977 alterationibus3
1223 921 1294 975 quac
1319 905 1450 974 subjectio
1476 904 1593 963 retertur
1615 907 1650 964 ad

299 976 510 1044 praemissorum
526 983 676 1036 menbrum
694 982 822 1048 alterum,
845 985 917 1053 quod
937 985 1057 1056 dixerat,
1082 989 1170 1042 omnia
1189 987 1245 1044 suis
1272 989 1398 1045 constare
1421 988 1649 1056 proportionibus,

300 1052 382 1144 οιίιιιι
400 1057 548 1114 ιιοοιιιιιίιιιι
567 1067 682 1118 motum,
701 1061 753 1117 boe
769 1069 814 1116 est
831 1063 921 1118 omnia
938 1064 1011 1133 gigni
1028 1067 1152 1132 mudum,
1176 1069 1309 1126 sicariae
1328 1069 1517 1124 alteratiouum
1536 1081 1648 1136 propor-

300 1139 390 1188 nonar
405 1139 621 1207 pmaussseriuu
644 1140 686 1196 sel
704 1142 727 1195 si
744 1149 835 1196 cemus
853 1143 908 1198 sint
933 1144 960 1198 in
978 1159 1008 1199 re
1025 1146 1085 1215 ipsa
1102 1149 1292 1218 proportiones
1317 1149 1478 1218 qualitatum
1496 1153 1524 1203 et
1543 1145 1649 1215 quanti·

300 1217 395 1283 tatum,
414 1221 471 1269 tum
489 1232 648 1285 permanere
666 1220 705 1274 rei
723 1237 799 1275 suam
818 1221 943 1288 formam
964 1225 1069 1279 sivero
1088 1225 1233 1281 turbentur
1249 1227 1321 1295 illae,
1339 1229 1436 1297 perire.
1473 1225 1531 1281 Hoc
1548 1225 1650 1280 Aristo·
1675 1267 1678 1272 .

301 1287 383 1378 teies,
402 1299 482 1364 puto,
506 1299 598 1354 cresin
616 1298 736 1368 appellat
754 1300 956 1356 elementorum.
991 1303 1089 1372 Neque
1107 1313 1200 1360 maren
1217 1305 1279 1362 ideo
1302 1305 1371 1362 baec
1388 1306 1544 1362 harmonica
1561 1319 1650 1362 rernm

302 1371 441 1439 proportio
459 1390 509 1444 pro
526 1375 661 1453 efficiente
679 1393 762 1434 cansa
781 1381 968 1451 constituitur3
987 1382 1016 1438 iu
1029 1381 1130 1439 talibus
1143 1383 1291 1440 materimis
1313 1391 1341 1440 et
1358 1385 1526 1442 assuminus
1543 1381 1651 1448 sufficit,

301 1453 333 1502 ut
351 1466 433 1506 causa
452 1451 493 1524 sit,
513 1455 571 1510 sine
584 1470 643 1534 ⁴qua
660 1471 723 1510 uon.
761 1455 883 1514 Observa
901 1475 963 1516 vero
983 1459 1027 1516 lric
1042 1461 1151 1516 modum
1169 1460 1310 1530 loquendi:
1331 1464 1520 1520 ›Hcmnons'cc
1534 1463 1608 1522 rotie
1625 1467 1652 1518 ci

248 1591 254 1598 ,
297 1543 350 1618 per
368 1531 461 1586 omnin
478 1539 504 1588 ct
521 1535 722 1592 accarctrseimc
740 1542 832 1592 tamur
848 1537 879 1593 in
890 1539 1017 1609 mbjamis
1035 1542 1116 1598 rebus
1129 1543 1323 1612 proportiones
1333 1541 1533 1600 inmaniaque
1567 1535 1651 1608 Quasi

302 1611 338 1660 sut
355 1605 447 1678 aliqua
465 1627 559 1692 causa,
587 1630 669 1684 quam
686 1613 817 1672 rationem
837 1618 970 1689 appellat,
996 1618 1059 1674 insa
1076 1633 1125 1689 per
1142 1635 1186 1674 res
1205 1619 1345 1676 universas
1372 1627 1400 1674 et
1418 1625 1545 1689 separata
1562 1633 1578 1674 a
1596 1620 1650 1676 sin·

302 1685 381 1754 gulis,
399 1687 556 1747 harmoniae
574 1691 600 1747 in
618 1689 673 1746 illis
691 1701 793 1748 auctor.
830 1696 863 1752 In
881 1713 985 1754 summa
1003 1698 1064 1766 ipsa
1079 1698 1120 1752 rei
1138 1697 1271 1754 evidentia
1283 1697 1440 1754 Ptolemaeo
1469 1707 1496 1753 et
1512 1699 1648 1766 ignoranti

303 1779 396 1819 rocem
414 1767 487 1825 ssiam
505 1771 679 1838 virgilianam
697 1775 835 1843 exprimit:
861 1777 948 1832 Deum
967 1777 1006 1832 irs
1022 1791 1074 1845 per
1091 1793 1186 1834 omnes
1207 1785 1293 1834 terras
1311 1785 1471 1846 tractusque
1493 1778 1573 1832 maris
1591 1792 1652 1834 coe·

302 1841 411 1916 lamque
427 1849 600 1928 profundum.

390 1928 488 1998 Itaque
506 1938 629 2004 agnoscit
647 1937 727 1994 uliam
746 1938 878 1994 rationem
893 1935 1081 2014 sublunarem,
1106 1951 1176 2006 quae
1194 1921 1409 1992 etiam'mantcm
1434 1936 1551 1992 bominis
1569 1935 1652 1992 rudu-

303 2010 505 2091 sstmqueieius
522 2011 681 2074 facultatem
698 2021 788 2088 amm)
807 2019 835 2072 in
852 2018 1039 2072 harmonicum
1057 2023 1181 2072 ornatum
1200 2015 1351 2086 descripsit.

390 2087 463 2144 Nota
480 2091 512 2147 V.
551 2095 675 2167 Causam,
694 2115 743 2154 cur
759 2115 813 2154 non
832 2097 1079 2154 animadvertantur
1097 2095 1285 2165 proportiones
1303 2096 1331 2150 in
1349 2096 1477 2164 materia,
1495 2095 1596 2165 allegat
1613 2096 1653 2150 in·

304 2161 479 2254 stabilitatem
498 2171 565 2242 ejus.
602 2175 662 2241 Hoc
679 2177 770 2232 multis
788 2175 874 2232 modis
892 2174 1006 2244 intelligi
1024 2184 1124 2245 potest.
1161 2175 1213 2230 Vel
1232 2176 1317 2242 enim,
1335 2175 1408 2244 qnod
1426 2182 1491 2230 sunt
1511 2176 1654 2232 materiata

304 2257 332 2295 ιιι
351 2245 479 2302 contiuuo
497 2262 643 2322 augmento
661 2262 709 2310 ant
727 2255 911 2321 decremento,
930 2255 1004 2310 utin
1023 2255 1132 2312 animali
1143 2255 1246 2310 sanitas
1265 2261 1292 2308 et
1303 2256 1413 2310 morbus
1434 2253 1652 2311 instabilissimas

304 2318 406 2410 babent
424 2329 619 2398 successionne,
638 2339 668 2387 nt
686 2333 786 2388 animal
805 2332 860 2388 iere
880 2349 1017 2402 nunquam
1036 2334 1079 2390 vel
1095 2349 1164 2404 pure
1182 2349 1276 2389 sanum
1294 2332 1331 2386 sit
1347 2331 1390 2387 vel
1408 2348 1477 2401 pura
1489 2331 1652 2394 morbidum

303 2393 386 2468 “lille
405 2411 460 2482 11111
477 2411 625 2466 secuudum
643 2412 748 2482 copiam
765 2412 908 2469 humorum
926 2413 997 2468 inter
1010 2428 1040 2468 se
1059 2412 1234 2481 diversorum,
1251 2428 1332 2482 qnam
1345 2412 1494 2468 secundum
1506 2411 1652 2481 qualitates

306 2484 427 2566 tumoris
445 2502 479 2542 ex
498 2488 556 2544 aliis
575 2491 664 2548 causis
683 2493 839 2546 existentes.
876 2490 977 2558 Quodsi
1002 2489 1060 2544 iere
1078 2504 1216 2559 nunquam
1235 2491 1327 2546 existit
1344 2490 1372 2546 in
1389 2490 1499 2546 animali
1516 2491 1555 2561 id,
1582 2490 1655 2562 quod

302 2567 408 2628 lustum
436 2572 463 2620 et
481 2567 632 2624 dimensum
656 2577 710 2640 est,
738 2586 803 2641 ergo
822 2571 902 2624 etiam
920 2570 1080 2639 principium
1109 2585 1162 2623 uon
1185 2570 1266 2626 datur
1290 2571 1539 2640 comprehensionis
1562 2571 1654 2639 justae

305 2643 501 2714 proportionis,
523 2649 594 2717 quia
616 2649 662 2704 bic
680 2649 767 2706 locum
786 2649 869 2704 babet
894 2649 960 2704 illud
979 2647 1099 2702 axioma:
1128 2645 1201 2716 qnod
1227 2648 1293 2704 nibil
1311 2649 1403 2704 veniat
1428 2651 1456 2704 in
1479 2649 1654 2722 intellectum,

305 2717 377 2788 i¹¹⁰d
395 2736 450 2776 111111
468 2725 544 2793 prius
565 2729 648 2784 fucrit
666 2730 694 2784 in
712 2745 802 2786 sensu.
838 2730 914 2784 Haec
933 2736 1023 2784 autern
1046 2735 1112 2783 tunc
1131 2726 1298 2783 solummodo
1324 2727 1413 2784 locum
1431 2728 1549 2796 habeut,
1575 2731 1598 2783 si
1616 2731 1654 2784 in·

304 2795 431 2857 tellectas
449 2820 504 2861 nou
520 2805 603 2863 inerit
620 2810 661 2864 rei
679 2808 882 2878 cognoscendae
900 2807 1077 2876 architectus,
1103 2822 1191 2875 neque
1208 2805 1296 2860 ideam
1319 2823 1371 2862 nec
1392 2808 1569 2877 archetypum
1593 2809 1653 2874 ejus

306 2895 398 2936 secum
416 2886 490 2942 intus
509 2885 713 2956 circumgestat,
732 2889 819 2958 qualis
838 2887 884 2943 ille
903 2903 963 2942 esse
981 2886 1088 2944 debeat.
1125 2885 1194 2954 liam
1212 2885 1264 2940 boc
1283 2887 1306 2940 si
1323 2894 1410 2955 esset,
1434 2894 1464 2941 ut
1482 2893 1525 2942 est
1542 2886 1578 2942 iu.
1589 2887 1654 2944 divi·

305 2961 347 3046 pis
365 2964 487 3034 adeoque
505 2965 587 3020 etiam
605 2966 633 3022 in
650 2965 775 3023 humanis
788 2968 925 3036 operibus,
944 2973 1009 3022 tunc
1021 2963 1090 3021 nibil
1101 2963 1245 3032 impediret
1256 2965 1295 3018 rei
1307 2963 1479 3032 instabilitas,
1499 2981 1553 3034 quo
1567 2966 1655 3024 miuus

305 3037 338 3094 1is
355 3043 507 3111 momentis,
540 3043 639 3114 quibus
657 3053 746 3101 motus
764 3047 791 3100 in
808 3043 1024 3116 proportionalia
1041 3045 1128 3111 veuit,
1155 3043 1296 3112 proportio
1319 3049 1504 3112 agnoscatur,
1524 3043 1655 3124 siquidem

231 3125 240 3136 '
306 3119 461 3176 intellectus
479 3120 524 3175 ille
542 3121 703 3178 facultatem
719 3124 821 3182 habeat
838 3123 1028 3193 percipiendae
1050 3122 1091 3176 rei
1109 3129 1187 3176 entra
1206 3137 1235 3176 se
1260 3121 1433 3176 constitutae.
1470 3122 1530 3191 Quo
1549 3121 1656 3175 nomina

305 3195 411 3256 videtur
428 3215 483 3253 non
502 3199 666 3256 instabilitas
687 3203 855 3272 accusanda,
884 3202 932 3259 sed
952 3203 1074 3260 deiectus
1091 3200 1231 3258 facultatis
1248 3199 1414 3270 percipiendi
1433 3217 1476 3270 aa,
1499 3217 1570 3270 quae
1588 3200 1657 3257 fiunt

308 3277 489 3334 incontinuis
507 3280 635 3334 materiae
654 3281 859 3336 alterationibus
878 3281 1028 3336 secuudum
1046 3288 1176 3350 quantum
1196 3289 1223 3334 ct
1241 3280 1328 3350 quale.
1363 3279 1438 3335 Nihil
1461 3297 1527 3336 sane
1545 3279 1656 3350 impedit

309 3355 396 3412 Deum
412 3357 577 3414 instabilitas
595 3369 718 3416 motuum
736 3361 959 3430 planetariorum,
989 3377 1043 3430 quo
1062 3359 1150 3414 minus
1168 3359 1315 3416 tardissimi
1340 3359 1374 3415 nd
1392 3358 1577 3414 velocissimos
1595 3375 1655 3428 pro·

308 3437 510 3508 portionentnr,
536 3441 658 3508 quamvis
675 3441 813 3496 rarissime
837 3441 964 3510 planetae
983 3439 1051 3496 fiant
1077 3439 1146 3495 alter
1165 3437 1365 3504 velocissimus,
1393 3437 1463 3492 alter
1488 3438 1658 3493 tardissimus

310 3513 389 3572 simul
413 3519 508 3573 codem
531 3529 662 3589 tempore.
697 3519 773 3575 Nihil
797 3519 910 3588 impedit
933 3524 1058 3574 naturam
1083 3516 1257 3572 sublunarem
1285 3525 1419 3585 perpetua
1443 3524 1471 3571 et
1495 3533 1602 3592 semper
1618 3517 1671 3570 in·t

310 3593 430 3664 aequalis
449 3598 580 3668 digressio
598 3599 769 3668 planetarum
786 3600 857 3656 inter
875 3615 918 3666 se,
949 3614 1003 3668 qua
1020 3597 1149 3652 distantia
1167 3595 1288 3664 ipsorum
1316 3610 1423 3664 semper
1442 3595 1576 3664 variatur,
1605 3612 1657 3666 qno

311 3669 398 3728 minus
416 3675 487 3732 hanc
505 3677 553 3733 illa
570 3679 783 3748 comprehendat
801 3687 829 3736 et
846 3679 1004 3736 harmonica
1021 3679 1055 3733 ab
1073 3676 1241 3732 inconcinuia
1255 3675 1398 3742 diacorum,
1418 3675 1518 3745 qnippe
1531 3677 1658 3746 temporis

311 3751 396 3822 ipsius
416 3753 534 3812 discreta
557 3757 721 3814 evolutione.
759 3758 834 3816 Nihil
859 3757 972 3829 impedit
992 3757 1114 3812 audium
1132 3759 1260 3814 continua
1277 3762 1306 3810 et
1328 3754 1463 3812 instabilis
1481 3755 1597 3810 intensio
1619 3753 1659 3810 rel

311 3830 432 3887 remmsio
452 3833 567 3906 alicujus
585 3836 717 3908 chordae,
745 3839 781 3892 ad
799 3836 879 3894 diam
898 3837 1028 3904 cossntae,
1057 3853 1110 3906 quo
1133 3835 1222 3890 minus
1247 3833 1448 3904 deprehendat,
1476 3835 1575 3903 quibus
1597 3835 1657 3892 illae

310 3915 451 3971 momentis
471 3924 628 3984 consonent,
647 3916 746 3986 quibus
764 3915 913 3974 dissonent.
950 3919 988 3971 At
1006 3915 1152 3988 qualitates
1170 3916 1287 3986 primae,
1306 3913 1437 3984 calidum,
1457 3913 1591 3982 trigidum,
1610 3913 1658 3968 hu·

311 3993 420 4064 midum,
440 3997 547 4065 siccum,
567 4002 648 4064 atque
668 3997 749 4053 etiarn
769 3996 885 4067 qualitas
904 3997 1102 4065 quadamtenus
1120 4011 1168 4050 scu
1187 3994 1266 4050 molis
1284 4009 1332 4050 seu
1345 3991 1482 4064 ponderis,
1501 3993 1586 4050 tectui
1598 3997 1660 4048 sunt

312 4071 435 4142 objecta,
460 4081 548 4130 tactus
567 4088 630 4131 vero
649 4076 697 4141 (sc.
717 4075 777 4145 ipsu
797 4075 953 4132 Ptolemaeo
972 4076 1096 4146 doctore,
1125 4070 1298 4144 praecedenti
1317 4071 1421 4142 capite)
1447 4071 1542 4126 rudior
1565 4087 1659 4128 sensus

312 4162 355 4206 est
376 4161 403 4208 et
424 4153 594 4222 obliviosior,
614 4160 670 4208 tum
690 4153 857 4227 percipiendi
876 4154 1068 4225 proportiones
1088 4155 1256 4222 objectorum
1274 4168 1385 4208 snorum
1403 4167 1457 4206 non
1476 4151 1568 4208 habet.
1604 4151 1663 4208 Etsi

312 4229 383 4284 eninr
401 4231 523 4288 animans
541 4227 616 4288 tactu
634 4231 760 4302 percipit,
787 4232 853 4302 quid
872 4231 924 4288 sibi
942 4233 1038 4300 quovis
1062 4237 1184 4302 tempore
1202 4231 1359 4296 conveniat,
1385 4229 1413 4286 id
1431 4237 1521 4284 nmen
1548 4230 1661 4299 percipit

313 4325 368 4364 non
386 4309 535 4368 secundum
554 4329 693 4368 numerum
713 4313 862 4382 specierum
880 4305 1058 4373 diversarum,
1087 4317 1118 4363 nt
1136 4319 1200 4364 sum
1224 4309 1252 4362 iu
1270 4307 1434 4364 harmonicis
1461 4309 1582 4364 diversae
1600 4325 1660 4364 con·

312 4390 467 4458 sonantiae,
491 4393 539 4448 scd
558 4401 664 4448 tantum
687 4393 834 4464 secundnm
853 4391 983 4446 unitatem
1001 4389 1204 4446 convenientiae
1224 4403 1305 4458 suae,
1331 4395 1361 4444 ut
1380 4388 1403 4443 si
1421 4388 1495 4443 auris
1518 4389 1546 4442 in
1565 4401 1660 4455 genere

314 4481 434 4524 consona
451 4471 595 4542 percipiat,
623 4486 640 4527 a
658 4470 775 4528 dissonis
792 4469 924 4526 laedatur.
960 4468 1021 4524 Non
1041 4476 1084 4523 est
1100 4469 1183 4537 igitur
1206 4467 1274 4523 baec
1298 4467 1438 4536 perceptio
1464 4467 1573 4536 proprie
1590 4480 1659 4519 com·

313 4547 444 4616 suadas,
463 4550 527 4618 quia
538 4550 734 4607 numerositate
747 4559 829 4617 caret,
842 4565 896 4603 non
908 4547 989 4618 igitur
1001 4554 1065 4615 apta
1076 4545 1306 4616 proportionibus,
1325 4560 1394 4614 quae
1407 4545 1526 4600 numeris
1543 4552 1661 4600 utuntur.

314 4615 432 4702 prinde,
451 4629 503 4682 etsi
521 4629 561 4685 sic
579 4629 803 4702 qualitercunque
822 4628 938 4700 percipit
955 4625 1077 4682 animans
1096 4639 1140 4691 ea,
1166 4640 1236 4694 quae
1254 4631 1318 4680 snut
1336 4623 1379 4678 vel
1396 4623 1468 4680 iutra
1486 4639 1530 4694 se,
1548 4621 1591 4680 vei
1608 4625 1659 4678 sim

313 4691 432 4777 lnieruut
450 4709 556 4772 corpori
574 4726 639 4779 suo,
663 4717 691 4764 at
711 4723 765 4764 non
784 4707 939 4764 extenditur
956 4705 991 4761 ad
1008 4721 1053 4773 ea,
1081 4719 1151 4774 quae
1179 4709 1242 4758 snut
1261 4709 1351 4772 arna,
1379 4711 1411 4756 ut
1438 4699 1548 4757 auditus
1574 4700 1661 4754 femur

315 4773 395 4826 atram
413 4777 446 4832 ad
465 4797 546 4838 sonos
566 4797 712 4844 extraneos
758 4787 846 4844 Causa
865 4793 920 4852 est,
939 4785 1002 4855 quia
1020 4779 1165 4840 visibilium
1192 4789 1219 4837 et
1236 4779 1394 4836 audibilium
1418 4779 1522 4850 species
1546 4794 1596 4834 sen
1614 4777 1659 4833 de·
