<?xml version="1.0" encoding="UTF-8"?>
<!DOCTYPE html PUBLIC "-//W3C//DTD XHTML 1.0 Transitional//EN"
    "http://www.w3.org/TR/xhtml1/DTD/xhtml1-transitional.dtd">
<html xmlns="http://www.w3.org/1999/xhtml" xml:lang="en" lang="en">
 <head>
  <title>
</title>
<meta http-equiv="Content-Type" content="text/html;charset=utf-8" />
  <meta name='ocr-system' content='tesseract 3.04.00' />
  <meta name='ocr-capabilities' content='ocr_page ocr_carea ocr_par ocr_line ocrx_word'/>
</head>
<body>
  <div class='ocr_page' id='page_1' title='image "./joanniskepleria26frisgoog_0299.png"; bbox 0 0 3698 5534; ppageno 0'>
   <div class='ocr_carea' id='block_1_1' title="bbox 283 344 1211 452">
    <p class='ocr_par' dir='ltr' id='par_1_1' title="bbox 283 344 1211 452">
     <span class='ocr_line' id='line_1_1' title="bbox 283 344 1211 452; baseline -0.018 -13"><span class='ocrx_word' id='word_1_1' title='bbox 283 389 345 452; x_wconf 75' lang='lat' dir='ltr'><strong>aee</strong></span> <span class='ocrx_word' id='word_1_2' title='bbox 697 369 738 425; x_wconf 84' lang='lat' dir='ltr'><strong>ne</strong></span> <span class='ocrx_word' id='word_1_3' title='bbox 758 344 1018 435; x_wconf 47' lang='lat' dir='ltr'><strong>consparsionibus</strong></span> <span class='ocrx_word' id='word_1_4' title='bbox 1035 364 1211 422; x_wconf 62' lang='lat' dir='ltr'><strong>monere.</strong></span> 
     </span>
    </p>
   </div>
   <div class='ocr_carea' id='block_1_2' title="bbox 197 546 1636 1592">
    <p class='ocr_par' dir='ltr' id='par_1_2' title="bbox 197 546 1631 1334">
     <span class='ocr_line' id='line_1_2' title="bbox 284 546 1630 629; baseline -0.022 -3"><span class='ocrx_word' id='word_1_5' title='bbox 284 573 345 626; x_wconf 91' lang='lat' dir='ltr'><strong>tum</strong></span> <span class='ocrx_word' id='word_1_6' title='bbox 369 559 468 622; x_wconf 88' lang='lat' dir='ltr'><strong>turbat</strong></span> <span class='ocrx_word' id='word_1_7' title='bbox 489 553 679 629; x_wconf 88' lang='lat' dir='ltr'><strong>municipium</strong></span> <span class='ocrx_word' id='word_1_8' title='bbox 702 564 786 609; x_wconf 89' lang='lat' dir='ltr'><strong>suom</strong></span> <span class='ocrx_word' id='word_1_9' title='bbox 815 547 930 621; x_wconf 85' lang='lat' dir='ltr'><strong>sibique</strong></span> <span class='ocrx_word' id='word_1_10' title='bbox 952 551 1054 605; x_wconf 90' lang='lat' dir='ltr'><strong>auctor</strong></span> <span class='ocrx_word' id='word_1_11' title='bbox 1083 551 1128 604; x_wconf 90' lang='lat' dir='ltr'><strong>est</strong></span> <span class='ocrx_word' id='word_1_12' title='bbox 1149 547 1283 607; x_wconf 77' lang='lat' dir='ltr'><strong>miseriae</strong></span> <span class='ocrx_word' id='word_1_13' title='bbox 1312 546 1518 624; x_wconf 84' lang='lat' dir='ltr'><strong>deplorandae.</strong></span> <span class='ocrx_word' id='word_1_14' title='bbox 1562 547 1630 606; x_wconf 84' lang='lat' dir='ltr'><strong>Pri.</strong></span> 
     </span>
     <span class='ocr_line' id='line_1_3' title="bbox 282 632 1631 724; baseline -0.024 -10"><span class='ocrx_word' id='word_1_15' title='bbox 282 669 362 714; x_wconf 92' lang='lat' dir='ltr'><strong>mum</strong></span> <span class='ocrx_word' id='word_1_16' title='bbox 384 649 484 724; x_wconf 82' lang='lat' dir='ltr'><strong>itaqua</strong></span> <span class='ocrx_word' id='word_1_17' title='bbox 507 643 629 702; x_wconf 86' lang='lat' dir='ltr'><strong>accessit</strong></span> <span class='ocrx_word' id='word_1_18' title='bbox 650 632 817 714; x_wconf 82' lang='lat' dir='ltr'><strong>aspectibus</strong></span> <span class='ocrx_word' id='word_1_19' title='bbox 839 632 1021 713; x_wconf 86' lang='lat' dir='ltr'><strong>planetarum</strong></span> <span class='ocrx_word' id='word_1_20' title='bbox 1042 634 1212 709; x_wconf 82' lang='lat' dir='ltr'><strong>imaginatio</strong></span> <span class='ocrx_word' id='word_1_21' title='bbox 1241 635 1376 695; x_wconf 90' lang='lat' dir='ltr'><strong>diuturna</strong></span> <span class='ocrx_word' id='word_1_22' title='bbox 1400 639 1499 696; x_wconf 87' lang='lat' dir='ltr'><strong>matris</strong></span> <span class='ocrx_word' id='word_1_23' title='bbox 1522 653 1631 714; x_wconf 79' lang='lat' dir='ltr'><strong>preeg.</strong></span> 
     </span>
     <span class='ocr_line' id='line_1_4' title="bbox 284 719 1631 811; baseline -0.015 -10"><span class='ocrx_word' id='word_1_24' title='bbox 284 740 390 811; x_wconf 88' lang='lat' dir='ltr'><strong>nantis,</strong></span> <span class='ocrx_word' id='word_1_25' title='bbox 414 735 460 795; x_wconf 88' lang='lat' dir='ltr'><strong>cui</strong></span> <span class='ocrx_word' id='word_1_26' title='bbox 484 747 593 802; x_wconf 88' lang='lat' dir='ltr'><strong>socrus,</strong></span> <span class='ocrx_word' id='word_1_27' title='bbox 618 729 686 786; x_wconf 88' lang='lat' dir='ltr'><strong>avia</strong></span> <span class='ocrx_word' id='word_1_28' title='bbox 708 740 782 795; x_wconf 89' lang='lat' dir='ltr'><strong>mea,</strong></span> <span class='ocrx_word' id='word_1_29' title='bbox 805 721 967 782; x_wconf 81' lang='lat' dir='ltr'>medicinae</span> <span class='ocrx_word' id='word_1_30' title='bbox 988 719 1139 798; x_wconf 89' lang='lat' dir='ltr'><strong>popularis</strong></span> <span class='ocrx_word' id='word_1_31' title='bbox 1161 728 1279 797; x_wconf 91' lang='lat' dir='ltr'><strong>apatre</strong></span> <span class='ocrx_word' id='word_1_32' title='bbox 1295 725 1382 782; x_wconf 86' lang='lat' dir='ltr'><strong>etiam</strong></span> <span class='ocrx_word' id='word_1_33' title='bbox 1399 726 1543 784; x_wconf 80' lang='lat' dir='ltr'><strong>exercitae</strong></span> <span class='ocrx_word' id='word_1_34' title='bbox 1566 731 1631 783; x_wconf 90' lang='lat' dir='ltr'><strong>stu·</strong></span> 
     </span>
     <span class='ocr_line' id='line_1_5' title="bbox 285 806 1630 900; baseline -0.015 -11"><span class='ocrx_word' id='word_1_35' title='bbox 285 829 385 900; x_wconf 88' lang='lat' dir='ltr'><strong>diosa,</strong></span> <span class='ocrx_word' id='word_1_36' title='bbox 415 826 477 882; x_wconf 88' lang='lat' dir='ltr'><strong>erat</strong></span> <span class='ocrx_word' id='word_1_37' title='bbox 500 815 698 887; x_wconf 79' lang='lat' dir='ltr'><strong>admiratioui3</strong></span> <span class='ocrx_word' id='word_1_38' title='bbox 727 812 851 870; x_wconf 88' lang='lat' dir='ltr'><strong>accessit</strong></span> <span class='ocrx_word' id='word_1_39' title='bbox 878 806 1019 882; x_wconf 89' lang='lat' dir='ltr'><strong>secundo,</strong></span> <span class='ocrx_word' id='word_1_40' title='bbox 1044 809 1122 884; x_wconf 90' lang='lat' dir='ltr'><strong>quod</strong></span> <span class='ocrx_word' id='word_1_41' title='bbox 1154 813 1198 867; x_wconf 87' lang='lat' dir='ltr'><strong>vir</strong></span> <span class='ocrx_word' id='word_1_42' title='bbox 1229 819 1402 870; x_wconf 90' lang='lat' dir='ltr'><strong>natussum</strong></span> <span class='ocrx_word' id='word_1_43' title='bbox 1432 829 1490 872; x_wconf 88' lang='lat' dir='ltr'><strong>non</strong></span> <span class='ocrx_word' id='word_1_44' title='bbox 1512 810 1630 886; x_wconf 91' lang='lat' dir='ltr'><strong>femina,</strong></span> 
     </span>
     <span class='ocr_line' id='line_1_6' title="bbox 197 895 1631 994; baseline -0.017 -12"><span class='ocrx_word' id='word_1_45' title='bbox 197 973 205 986; x_wconf 84' lang='lat'>.</span> <span class='ocrx_word' id='word_1_46' title='bbox 286 913 365 994; x_wconf 91' lang='lat' dir='ltr'><strong>quod</strong></span> <span class='ocrx_word' id='word_1_47' title='bbox 388 927 475 971; x_wconf 85' lang='lat' dir='ltr'><strong>sexus</strong></span> <span class='ocrx_word' id='word_1_48' title='bbox 497 906 649 965; x_wconf 76' lang='lat' dir='ltr'><strong>discrimen</strong></span> <span class='ocrx_word' id='word_1_49' title='bbox 672 901 777 960; x_wconf 91' lang='lat' dir='ltr'><strong>frustra</strong></span> <span class='ocrx_word' id='word_1_50' title='bbox 801 904 943 974; x_wconf 89' lang='lat' dir='ltr'><strong>quaeruut</strong></span> <span class='ocrx_word' id='word_1_51' title='bbox 965 895 1105 972; x_wconf 79' lang='lat' dir='ltr'><strong>astrologi</strong></span> <span class='ocrx_word' id='word_1_52' title='bbox 1129 898 1158 954; x_wconf 90' lang='lat' dir='ltr'><strong>in</strong></span> <span class='ocrx_word' id='word_1_53' title='bbox 1175 896 1273 974; x_wconf 86' lang='lat' dir='ltr'><strong>coelo;</strong></span> <span class='ocrx_word' id='word_1_54' title='bbox 1297 903 1381 958; x_wconf 90' lang='lat' dir='ltr'><strong>tertio</strong></span> <span class='ocrx_word' id='word_1_55' title='bbox 1404 899 1532 977; x_wconf 88' lang='lat' dir='ltr'><strong>corporis</strong></span> <span class='ocrx_word' id='word_1_56' title='bbox 1556 908 1631 959; x_wconf 88' lang='lat' dir='ltr'><strong>tem·</strong></span> 
     </span>
     <span class='ocr_line' id='line_1_7' title="bbox 284 985 1631 1082; baseline -0.015 -18"><span class='ocrx_word' id='word_1_57' title='bbox 284 1009 450 1082; x_wconf 85' lang='lat' dir='ltr'><strong>paraturam</strong></span> <span class='ocrx_word' id='word_1_58' title='bbox 473 999 602 1054; x_wconf 90' lang='lat' dir='ltr'><strong>amatre</strong></span> <span class='ocrx_word' id='word_1_59' title='bbox 625 988 726 1061; x_wconf 89' lang='lat' dir='ltr'><strong>traho,</strong></span> <span class='ocrx_word' id='word_1_60' title='bbox 759 985 862 1044; x_wconf 90' lang='lat' dir='ltr'><strong>studiis</strong></span> <span class='ocrx_word' id='word_1_61' title='bbox 885 987 979 1060; x_wconf 83' lang='lat' dir='ltr'><strong>magis</strong></span> <span class='ocrx_word' id='word_1_62' title='bbox 1001 991 1116 1064; x_wconf 88' lang='lat' dir='ltr'><strong>aptam,</strong></span> <span class='ocrx_word' id='word_1_63' title='bbox 1149 1001 1237 1060; x_wconf 88' lang='lat' dir='ltr'><strong>quam</strong></span> <span class='ocrx_word' id='word_1_64' title='bbox 1268 985 1334 1045; x_wconf 91' lang='lat' dir='ltr'><strong>aliis</strong></span> <span class='ocrx_word' id='word_1_65' title='bbox 1358 988 1435 1048; x_wconf 87' lang='lat' dir='ltr'><strong>vitae</strong></span> <span class='ocrx_word' id='word_1_66' title='bbox 1458 987 1631 1063; x_wconf 77' lang='lat' dir='ltr'><strong>generibus3</strong></span> 
     </span>
     <span class='ocr_line' id='line_1_8' title="bbox 285 1071 1631 1169; baseline -0.015 -18"><span class='ocrx_word' id='word_1_67' title='bbox 285 1096 390 1169; x_wconf 91' lang='lat' dir='ltr'><strong>quarto</strong></span> <span class='ocrx_word' id='word_1_68' title='bbox 412 1102 458 1144; x_wconf 91' lang='lat' dir='ltr'><strong>res</strong></span> <span class='ocrx_word' id='word_1_69' title='bbox 481 1088 543 1144; x_wconf 89' lang='lat' dir='ltr'><strong>erat</strong></span> <span class='ocrx_word' id='word_1_70' title='bbox 563 1077 733 1157; x_wconf 87' lang='lat' dir='ltr'><strong>parentibus</strong></span> <span class='ocrx_word' id='word_1_71' title='bbox 755 1091 813 1132; x_wconf 91' lang='lat' dir='ltr'><strong>non</strong></span> <span class='ocrx_word' id='word_1_72' title='bbox 836 1071 948 1148; x_wconf 89' lang='lat' dir='ltr'><strong>ampla,</strong></span> <span class='ocrx_word' id='word_1_73' title='bbox 975 1071 1063 1150; x_wconf 82' lang='lat' dir='ltr'><strong>gleba</strong></span> <span class='ocrx_word' id='word_1_74' title='bbox 1092 1088 1132 1130; x_wconf 90' lang='lat' dir='ltr'><strong>so.</strong></span> <span class='ocrx_word' id='word_1_75' title='bbox 1156 1073 1270 1143; x_wconf 90' lang='lat' dir='ltr'><strong>aberat,</strong></span> <span class='ocrx_word' id='word_1_76' title='bbox 1303 1077 1348 1132; x_wconf 90' lang='lat' dir='ltr'><strong>eui</strong></span> <span class='ocrx_word' id='word_1_77' title='bbox 1380 1075 1553 1135; x_wconf 89' lang='lat' dir='ltr'><strong>adnascerer</strong></span> <span class='ocrx_word' id='word_1_78' title='bbox 1576 1073 1631 1133; x_wconf 89' lang='lat' dir='ltr'><strong>ad-</strong></span> 
     </span>
     <span class='ocr_line' id='line_1_9' title="bbox 284 1159 1631 1246; baseline -0.017 -6"><span class='ocrx_word' id='word_1_79' title='bbox 284 1180 556 1246; x_wconf 79' lang='lat' dir='ltr'><strong>haerescercmque3</strong></span> <span class='ocrx_word' id='word_1_80' title='bbox 588 1168 690 1241; x_wconf 92' lang='lat' dir='ltr'><strong>quinto</strong></span> <span class='ocrx_word' id='word_1_81' title='bbox 712 1161 834 1222; x_wconf 88' lang='lat' dir='ltr'><strong>aderant</strong></span> <span class='ocrx_word' id='word_1_82' title='bbox 855 1159 987 1234; x_wconf 89' lang='lat' dir='ltr'><strong>scholae,</strong></span> <span class='ocrx_word' id='word_1_83' title='bbox 1021 1159 1142 1218; x_wconf 90' lang='lat' dir='ltr'><strong>aderaut</strong></span> <span class='ocrx_word' id='word_1_84' title='bbox 1169 1159 1302 1237; x_wconf 83' lang='lat' dir='ltr'><strong>exempla</strong></span> <span class='ocrx_word' id='word_1_85' title='bbox 1329 1161 1512 1222; x_wconf 83' lang='lat' dir='ltr'><strong>liberalitatis</strong></span> <span class='ocrx_word' id='word_1_86' title='bbox 1536 1165 1631 1240; x_wconf 85' lang='lat' dir='ltr'><strong>magi-</strong></span> 
     </span>
     <span class='ocr_line' id='line_1_10' title="bbox 285 1251 852 1334; baseline -0.039 -6"><span class='ocrx_word' id='word_1_87' title='bbox 285 1272 431 1328; x_wconf 80' lang='lat' dir='ltr'><strong>stratuum</strong></span> <span class='ocrx_word' id='word_1_88' title='bbox 451 1261 482 1316; x_wconf 94' lang='lat' dir='ltr'><strong>in</strong></span> <span class='ocrx_word' id='word_1_89' title='bbox 503 1270 610 1334; x_wconf 89' lang='lat' dir='ltr'><strong>pueros</strong></span> <span class='ocrx_word' id='word_1_90' title='bbox 631 1251 736 1311; x_wconf 87' lang='lat' dir='ltr'><strong>studiis</strong></span> <span class='ocrx_word' id='word_1_91' title='bbox 759 1255 852 1326; x_wconf 88' lang='lat' dir='ltr'><strong>aptos.</strong></span> 
     </span>
    </p>

    <p class='ocr_par' dir='ltr' id='par_1_3' title="bbox 284 1332 1636 1592">
     <span class='ocr_line' id='line_1_11' title="bbox 370 1332 1636 1415; baseline -0.022 -5"><span class='ocrx_word' id='word_1_92' title='bbox 370 1350 429 1409; x_wconf 88' lang='lat' dir='ltr'><strong>Hic</strong></span> <span class='ocrx_word' id='word_1_93' title='bbox 450 1349 601 1415; x_wconf 84' lang='lat' dir='ltr'><strong>intersere,</strong></span> <span class='ocrx_word' id='word_1_94' title='bbox 630 1335 742 1399; x_wconf 90' lang='lat' dir='ltr'><strong>rursum</strong></span> <span class='ocrx_word' id='word_1_95' title='bbox 765 1354 800 1396; x_wconf 90' lang='lat' dir='ltr'><strong>ex</strong></span> <span class='ocrx_word' id='word_1_96' title='bbox 823 1335 941 1412; x_wconf 83' lang='lat' dir='ltr'><strong>genesi,</strong></span> <span class='ocrx_word' id='word_1_97' title='bbox 975 1333 1156 1411; x_wconf 84' lang='lat' dir='ltr'><strong>planetamm</strong></span> <span class='ocrx_word' id='word_1_98' title='bbox 1179 1332 1346 1394; x_wconf 87' lang='lat' dir='ltr'><strong>discrimina</strong></span> <span class='ocrx_word' id='word_1_99' title='bbox 1376 1337 1406 1394; x_wconf 92' lang='lat' dir='ltr'><strong>in</strong></span> <span class='ocrx_word' id='word_1_100' title='bbox 1430 1335 1636 1412; x_wconf 67' lang='lat' dir='ltr'><strong>qualitatibus:</strong></span> 
     </span>
     <span class='ocr_line' id='line_1_12' title="bbox 284 1419 1632 1508; baseline -0.017 -6"><span class='ocrx_word' id='word_1_101' title='bbox 284 1439 362 1502; x_wconf 85' lang='lat' dir='ltr'><strong>Nam</strong></span> <span class='ocrx_word' id='word_1_102' title='bbox 392 1438 418 1498; x_wconf 89' lang='lat' dir='ltr'><strong>si</strong></span> <span class='ocrx_word' id='word_1_103' title='bbox 446 1435 545 1494; x_wconf 90' lang='lat' dir='ltr'><strong>anima</strong></span> <span class='ocrx_word' id='word_1_104' title='bbox 574 1429 625 1487; x_wconf 82' lang='lat' dir='ltr'><strong>lux</strong></span> <span class='ocrx_word' id='word_1_105' title='bbox 656 1425 799 1505; x_wconf 84' lang='lat' dir='ltr'><strong>quaedam</strong></span> <span class='ocrx_word' id='word_1_106' title='bbox 831 1431 892 1494; x_wconf 90' lang='lat' dir='ltr'><strong>est,</strong></span> <span class='ocrx_word' id='word_1_107' title='bbox 924 1419 1066 1508; x_wconf 79' lang='lat' dir='ltr'><strong>discemot</strong></span> <span class='ocrx_word' id='word_1_108' title='bbox 1096 1423 1185 1481; x_wconf 84' lang='lat' dir='ltr'><strong>etiarn</strong></span> <span class='ocrx_word' id='word_1_109' title='bbox 1207 1421 1312 1482; x_wconf 88' lang='lat' dir='ltr'><strong>Martis</strong></span> <span class='ocrx_word' id='word_1_110' title='bbox 1341 1423 1475 1482; x_wconf 83' lang='lat' dir='ltr'><strong>ruborem</strong></span> <span class='ocrx_word' id='word_1_111' title='bbox 1504 1421 1632 1484; x_wconf 85' lang='lat' dir='ltr'><strong>aJoria</strong></span> 
     </span>
     <span class='ocr_line' id='line_1_13' title="bbox 286 1508 1632 1592; baseline -0.015 -3"><span class='ocrx_word' id='word_1_112' title='bbox 286 1525 411 1588; x_wconf 87' lang='lat' dir='ltr'><strong>candore</strong></span> <span class='ocrx_word' id='word_1_113' title='bbox 435 1521 612 1592; x_wconf 82' lang='lat' dir='ltr'><strong>Satumique</strong></span> <span class='ocrx_word' id='word_1_114' title='bbox 634 1514 742 1589; x_wconf 80' lang='lat' dir='ltr'><strong>livore3</strong></span> <span class='ocrx_word' id='word_1_115' title='bbox 766 1515 865 1587; x_wconf 86' lang='lat' dir='ltr'><strong>itaque</strong></span> <span class='ocrx_word' id='word_1_116' title='bbox 887 1508 1037 1568; x_wconf 87' lang='lat' dir='ltr'><strong>fatendum</strong></span> <span class='ocrx_word' id='word_1_117' title='bbox 1059 1517 1116 1583; x_wconf 88' lang='lat' dir='ltr'><strong>est,</strong></span> <span class='ocrx_word' id='word_1_118' title='bbox 1146 1526 1284 1585; x_wconf 85' lang='lat' dir='ltr'><strong>magnum</strong></span> <span class='ocrx_word' id='word_1_119' title='bbox 1307 1511 1447 1569; x_wconf 83' lang='lat' dir='ltr'><strong>auxilium</strong></span> <span class='ocrx_word' id='word_1_120' title='bbox 1470 1529 1506 1571; x_wconf 85' lang='lat' dir='ltr'><strong>ex</strong></span> <span class='ocrx_word' id='word_1_121' title='bbox 1528 1510 1632 1586; x_wconf 85' lang='lat' dir='ltr'><strong>Marte,</strong></span> 
     </span>
    </p>
   </div>
   <div class='ocr_carea' id='block_1_3' title="bbox 162 1582 1632 1682">
    <p class='ocr_par' dir='ltr' id='par_1_4' title="bbox 162 1582 1632 1682">
     <span class='ocr_line' id='line_1_14' title="bbox 162 1582 1632 1682; baseline -0.012 -7"><span class='ocrx_word' id='word_1_122' title='bbox 162 1582 166 1597; x_wconf 37' lang='grc' dir='ltr'>Ι</span> <span class='ocrx_word' id='word_1_123' title='bbox 224 1651 226 1659; x_wconf 70' lang='lat'><strong>,</strong></span> <span class='ocrx_word' id='word_1_124' title='bbox 285 1633 344 1675; x_wconf 93' lang='lat' dir='ltr'><strong>non</strong></span> <span class='ocrx_word' id='word_1_125' title='bbox 363 1618 478 1673; x_wconf 89' lang='lat' dir='ltr'><strong>tanturn</strong></span> <span class='ocrx_word' id='word_1_126' title='bbox 498 1615 532 1667; x_wconf 89' lang='lat' dir='ltr'><strong>ut</strong></span> <span class='ocrx_word' id='word_1_127' title='bbox 553 1607 633 1682; x_wconf 85' lang='lat' dir='ltr'><strong>prius</strong></span> <span class='ocrx_word' id='word_1_128' title='bbox 656 1601 694 1662; x_wconf 91' lang='lat' dir='ltr'><strong>ad</strong></span> <span class='ocrx_word' id='word_1_129' title='bbox 717 1600 900 1669; x_wconf 78' lang='lat' dir='ltr'><strong>industriam,</strong></span> <span class='ocrx_word' id='word_1_130' title='bbox 931 1595 983 1654; x_wconf 89' lang='lat' dir='ltr'><strong>sed</strong></span> <span class='ocrx_word' id='word_1_131' title='bbox 1006 1597 1093 1655; x_wconf 90' lang='lat' dir='ltr'><strong>etiam</strong></span> <span class='ocrx_word' id='word_1_132' title='bbox 1122 1597 1158 1655; x_wconf 91' lang='lat' dir='ltr'><strong>ad</strong></span> <span class='ocrx_word' id='word_1_133' title='bbox 1182 1598 1371 1656; x_wconf 83' lang='lat' dir='ltr'><strong>acrimoniam</strong></span> <span class='ocrx_word' id='word_1_134' title='bbox 1392 1601 1522 1674; x_wconf 85' lang='lat' dir='ltr'><strong>ingenii,</strong></span> <span class='ocrx_word' id='word_1_135' title='bbox 1556 1615 1632 1674; x_wconf 90' lang='lat' dir='ltr'><strong>quae</strong></span> 
     </span>
    </p>
   </div>
   <div class='ocr_carea' id='block_1_4' title="bbox 285 1677 1635 2825">
    <p class='ocr_par' dir='ltr' id='par_1_5' title="bbox 285 1677 1635 2825">
     <span class='ocr_line' id='line_1_15' title="bbox 286 1677 1632 1769; baseline -0.022 -6"><span class='ocrx_word' id='word_1_136' title='bbox 286 1702 420 1766; x_wconf 87' lang='lat' dir='ltr'><strong>consistit</strong></span> <span class='ocrx_word' id='word_1_137' title='bbox 441 1697 470 1754; x_wconf 89' lang='lat' dir='ltr'><strong>in</strong></span> <span class='ocrx_word' id='word_1_138' title='bbox 492 1697 521 1753; x_wconf 85' lang='lat' dir='ltr'><strong>vi</strong></span> <span class='ocrx_word' id='word_1_139' title='bbox 545 1695 642 1769; x_wconf 82' lang='lat' dir='ltr'><strong>ignea,</strong></span> <span class='ocrx_word' id='word_1_140' title='bbox 665 1688 826 1763; x_wconf 86' lang='lat' dir='ltr'><strong>videasque</strong></span> <span class='ocrx_word' id='word_1_141' title='bbox 847 1677 1020 1762; x_wconf 87' lang='lat' dir='ltr'><strong>praecipuos</strong></span> <span class='ocrx_word' id='word_1_142' title='bbox 1042 1681 1246 1760; x_wconf 89' lang='lat' dir='ltr'><strong>philosophiae</strong></span> <span class='ocrx_word' id='word_1_143' title='bbox 1262 1683 1404 1745; x_wconf 90' lang='lat' dir='ltr'><strong>naturalis</strong></span> <span class='ocrx_word' id='word_1_144' title='bbox 1428 1695 1457 1746; x_wconf 89' lang='lat' dir='ltr'><strong>et</strong></span> <span class='ocrx_word' id='word_1_145' title='bbox 1470 1686 1632 1745; x_wconf 72' lang='lat' dir='ltr'><strong>medicinae</strong></span> 
     </span>
     <span class='ocr_line' id='line_1_16' title="bbox 285 1763 1633 1872; baseline -0.018 -21"><span class='ocrx_word' id='word_1_146' title='bbox 285 1791 397 1872; x_wconf 87' lang='lat' dir='ltr'><strong>peritos</strong></span> <span class='ocrx_word' id='word_1_147' title='bbox 419 1785 474 1844; x_wconf 89' lang='lat' dir='ltr'><strong>sub</strong></span> <span class='ocrx_word' id='word_1_148' title='bbox 498 1787 633 1858; x_wconf 88' lang='lat' dir='ltr'><strong>aspectus</strong></span> <span class='ocrx_word' id='word_1_149' title='bbox 656 1776 777 1836; x_wconf 89' lang='lat' dir='ltr'><strong>idoneos</strong></span> <span class='ocrx_word' id='word_1_150' title='bbox 798 1773 902 1831; x_wconf 90' lang='lat' dir='ltr'><strong>Martis</strong></span> <span class='ocrx_word' id='word_1_151' title='bbox 925 1787 990 1831; x_wconf 88' lang='lat' dir='ltr'><strong>cunr</strong></span> <span class='ocrx_word' id='word_1_152' title='bbox 1014 1771 1082 1830; x_wconf 89' lang='lat' dir='ltr'><strong>Sole</strong></span> <span class='ocrx_word' id='word_1_153' title='bbox 1105 1771 1309 1848; x_wconf 83' lang='lat' dir='ltr'><strong>Mercurioque</strong></span> <span class='ocrx_word' id='word_1_154' title='bbox 1331 1776 1430 1849; x_wconf 78' lang='lat' dir='ltr'><strong>nasci3</strong></span> <span class='ocrx_word' id='word_1_155' title='bbox 1455 1763 1524 1851; x_wconf 85' lang='lat' dir='ltr'><strong>quia</strong></span> <span class='ocrx_word' id='word_1_156' title='bbox 1546 1777 1633 1832; x_wconf 89' lang='lat' dir='ltr'><strong>nimi-</strong></span> 
     </span>
     <span class='ocr_line' id='line_1_17' title="bbox 285 1849 1633 1949; baseline -0.017 -11"><span class='ocrx_word' id='word_1_157' title='bbox 285 1895 349 1938; x_wconf 89' lang='lat' dir='ltr'><strong>rum</strong></span> <span class='ocrx_word' id='word_1_158' title='bbox 372 1873 468 1949; x_wconf 87' lang='lat' dir='ltr'><strong>majus</strong></span> <span class='ocrx_word' id='word_1_159' title='bbox 490 1870 643 1946; x_wconf 84' lang='lat' dir='ltr'><strong>requiritur</strong></span> <span class='ocrx_word' id='word_1_160' title='bbox 665 1879 795 1934; x_wconf 86' lang='lat' dir='ltr'><strong>acumen,</strong></span> <span class='ocrx_word' id='word_1_161' title='bbox 819 1861 913 1933; x_wconf 90' lang='lat' dir='ltr'><strong>major</strong></span> <span class='ocrx_word' id='word_1_162' title='bbox 934 1858 1052 1918; x_wconf 88' lang='lat' dir='ltr'><strong>solertia</strong></span> <span class='ocrx_word' id='word_1_163' title='bbox 1067 1857 1105 1918; x_wconf 92' lang='lat' dir='ltr'><strong>ad</strong></span> <span class='ocrx_word' id='word_1_164' title='bbox 1121 1849 1390 1920; x_wconf 79' lang='lat' dir='ltr'><strong>eruenda&#39;natmae</strong></span> <span class='ocrx_word' id='word_1_165' title='bbox 1406 1877 1522 1935; x_wconf 89' lang='lat' dir='ltr'><strong>arcana,</strong></span> <span class='ocrx_word' id='word_1_166' title='bbox 1546 1879 1633 1938; x_wconf 87' lang='lat' dir='ltr'><strong>quam</strong></span> 
     </span>
     <span class='ocr_line' id='line_1_18' title="bbox 287 1946 1633 2042; baseline -0.019 -16"><span class='ocrx_word' id='word_1_167' title='bbox 287 1964 325 2027; x_wconf 87' lang='lat' dir='ltr'><strong>ad</strong></span> <span class='ocrx_word' id='word_1_168' title='bbox 352 1955 468 2036; x_wconf 83' lang='lat' dir='ltr'><strong>reliqua</strong></span> <span class='ocrx_word' id='word_1_169' title='bbox 495 1961 575 2016; x_wconf 86' lang='lat' dir='ltr'><strong>vitae</strong></span> <span class='ocrx_word' id='word_1_170' title='bbox 604 1954 724 2028; x_wconf 81' lang='lat' dir='ltr'><strong>negotia</strong></span> <span class='ocrx_word' id='word_1_171' title='bbox 742 1948 908 2042; x_wconf 27' lang='lat' dir='ltr'><strong>‘studiaque</strong></span> <span class='ocrx_word' id='word_1_172' title='bbox 936 1949 971 2005; x_wconf 88' lang='lat' dir='ltr'><strong>iis</strong></span> <span class='ocrx_word' id='word_1_173' title='bbox 994 1946 1198 2010; x_wconf 80' lang='lat' dir='ltr'><strong>deservientis.</strong></span> <span class='ocrx_word' id='word_1_174' title='bbox 1244 1948 1365 2025; x_wconf 78' lang='lat' dir='ltr'><strong>Largior</strong></span> <span class='ocrx_word' id='word_1_175' title='bbox 1389 1951 1477 2008; x_wconf 88' lang='lat' dir='ltr'><strong>ctiam</strong></span> <span class='ocrx_word' id='word_1_176' title='bbox 1506 1949 1633 2025; x_wconf 77' lang='lat' dir='ltr'><strong>amplius</strong></span> 
     </span>
     <span class='ocr_line' id='line_1_19' title="bbox 287 2033 1634 2129; baseline -0.022 -15"><span class='ocrx_word' id='word_1_177' title='bbox 287 2047 408 2129; x_wconf 89' lang='lat' dir='ltr'><strong>aliquid,</strong></span> <span class='ocrx_word' id='word_1_178' title='bbox 433 2065 468 2106; x_wconf 83' lang='lat' dir='ltr'><strong>er</strong></span> <span class='ocrx_word' id='word_1_179' title='bbox 490 2043 568 2104; x_wconf 84' lang='lat' dir='ltr'><strong>Jove</strong></span> <span class='ocrx_word' id='word_1_180' title='bbox 592 2057 656 2100; x_wconf 88' lang='lat' dir='ltr'><strong>esse</strong></span> <span class='ocrx_word' id='word_1_181' title='bbox 679 2041 707 2097; x_wconf 92' lang='lat' dir='ltr'><strong>in</strong></span> <span class='ocrx_word' id='word_1_182' title='bbox 731 2037 805 2098; x_wconf 88' lang='lat' dir='ltr'><strong>coeli</strong></span> <span class='ocrx_word' id='word_1_183' title='bbox 828 2033 954 2094; x_wconf 90' lang='lat' dir='ltr'><strong>medium</strong></span> <span class='ocrx_word' id='word_1_184' title='bbox 978 2033 1103 2108; x_wconf 84' lang='lat' dir='ltr'><strong>elevato,</strong></span> <span class='ocrx_word' id='word_1_185' title='bbox 1126 2033 1204 2110; x_wconf 91' lang='lat' dir='ltr'><strong>quod</strong></span> <span class='ocrx_word' id='word_1_186' title='bbox 1220 2037 1313 2111; x_wconf 84' lang='lat' dir='ltr'><strong>magis</strong></span> <span class='ocrx_word' id='word_1_187' title='bbox 1332 2033 1459 2095; x_wconf 90' lang='lat' dir='ltr'><strong>delector</strong></span> <span class='ocrx_word' id='word_1_188' title='bbox 1474 2039 1634 2112; x_wconf 70' lang='lat' dir='ltr'><strong>geometria</strong></span> 
     </span>
     <span class='ocr_line' id='line_1_20' title="bbox 289 2120 1635 2216; baseline -0.021 -16"><span class='ocrx_word' id='word_1_189' title='bbox 289 2139 318 2200; x_wconf 92' lang='lat' dir='ltr'><strong>in</strong></span> <span class='ocrx_word' id='word_1_190' title='bbox 341 2136 472 2216; x_wconf 82' lang='lat' dir='ltr'><strong>physicis</strong></span> <span class='ocrx_word' id='word_1_191' title='bbox 494 2131 582 2192; x_wconf 92' lang='lat' dir='ltr'><strong>rebus</strong></span> <span class='ocrx_word' id='word_1_192' title='bbox 605 2144 757 2205; x_wconf 84' lang='lat' dir='ltr'><strong>expressa,</strong></span> <span class='ocrx_word' id='word_1_193' title='bbox 780 2141 867 2201; x_wconf 91' lang='lat' dir='ltr'><strong>quarn</strong></span> <span class='ocrx_word' id='word_1_194' title='bbox 891 2122 1038 2180; x_wconf 85' lang='lat' dir='ltr'><strong>abstracta</strong></span> <span class='ocrx_word' id='word_1_195' title='bbox 1061 2120 1112 2179; x_wconf 92' lang='lat' dir='ltr'><strong>illa</strong></span> <span class='ocrx_word' id='word_1_196' title='bbox 1135 2129 1164 2181; x_wconf 90' lang='lat' dir='ltr'><strong>et</strong></span> <span class='ocrx_word' id='word_1_197' title='bbox 1186 2121 1303 2181; x_wconf 88' lang='lat' dir='ltr'><strong>Saturni</strong></span> <span class='ocrx_word' id='word_1_198' title='bbox 1327 2125 1488 2183; x_wconf 88' lang='lat' dir='ltr'><strong>siccitatem</strong></span> <span class='ocrx_word' id='word_1_199' title='bbox 1510 2142 1580 2200; x_wconf 78' lang='lat' dir='ltr'><strong>pree</strong></span> <span class='ocrx_word' id='word_1_200' title='bbox 1604 2141 1635 2183; x_wconf 70' lang='lat' dir='ltr'><strong>se</strong></span> 
     </span>
     <span class='ocr_line' id='line_1_21' title="bbox 287 2210 1635 2298; baseline -0.019 -10"><span class='ocrx_word' id='word_1_201' title='bbox 287 2229 405 2298; x_wconf 88' lang='lat' dir='ltr'><strong>ferente,</strong></span> <span class='ocrx_word' id='word_1_202' title='bbox 430 2221 523 2296; x_wconf 83' lang='lat' dir='ltr'><strong>magis</strong></span> <span class='ocrx_word' id='word_1_203' title='bbox 546 2219 666 2294; x_wconf 90' lang='lat' dir='ltr'><strong>inquam</strong></span> <span class='ocrx_word' id='word_1_204' title='bbox 687 2213 820 2292; x_wconf 89' lang='lat' dir='ltr'><strong>physica,</strong></span> <span class='ocrx_word' id='word_1_205' title='bbox 844 2226 932 2286; x_wconf 87' lang='lat' dir='ltr'><strong>quarn</strong></span> <span class='ocrx_word' id='word_1_206' title='bbox 955 2212 1128 2285; x_wconf 85' lang='lat' dir='ltr'><strong>geometria,</strong></span> <span class='ocrx_word' id='word_1_207' title='bbox 1152 2217 1181 2269; x_wconf 89' lang='lat' dir='ltr'><strong>et</strong></span> <span class='ocrx_word' id='word_1_208' title='bbox 1204 2211 1380 2285; x_wconf 85' lang='lat' dir='ltr'><strong>qucdhuna</strong></span> <span class='ocrx_word' id='word_1_209' title='bbox 1398 2213 1489 2287; x_wconf 81' lang='lat' dir='ltr'><strong>gibba</strong></span> <span class='ocrx_word' id='word_1_210' title='bbox 1512 2215 1541 2271; x_wconf 91' lang='lat' dir='ltr'><strong>in</strong></span> <span class='ocrx_word' id='word_1_211' title='bbox 1556 2210 1635 2270; x_wconf 82' lang='lat' dir='ltr'><strong>clare</strong></span> 
     </span>
     <span class='ocr_line' id='line_1_22' title="bbox 287 2296 1634 2376; baseline -0.026 1"><span class='ocrx_word' id='word_1_212' title='bbox 287 2315 390 2376; x_wconf 91' lang='lat' dir='ltr'><strong>frontis</strong></span> <span class='ocrx_word' id='word_1_213' title='bbox 413 2311 559 2370; x_wconf 86' lang='lat' dir='ltr'><strong>Taurinae</strong></span> <span class='ocrx_word' id='word_1_214' title='bbox 588 2302 809 2364; x_wconf 87' lang='lat' dir='ltr'><strong>constellatione</strong></span> <span class='ocrx_word' id='word_1_215' title='bbox 837 2296 956 2376; x_wconf 90' lang='lat' dir='ltr'><strong>impleat</strong></span> <span class='ocrx_word' id='word_1_216' title='bbox 986 2299 1100 2356; x_wconf 88' lang='lat' dir='ltr'><strong>animae</strong></span> <span class='ocrx_word' id='word_1_217' title='bbox 1123 2297 1339 2374; x_wconf 84' lang='lat' dir='ltr'><strong>phantasticam</strong></span> <span class='ocrx_word' id='word_1_218' title='bbox 1363 2299 1531 2359; x_wconf 79' lang='lat' dir='ltr'><strong>facultatem</strong></span> <span class='ocrx_word' id='word_1_219' title='bbox 1560 2301 1634 2358; x_wconf 89' lang='lat' dir='ltr'><strong>ima.</strong></span> 
     </span>
     <span class='ocr_line' id='line_1_23' title="bbox 288 2387 1634 2482; baseline -0.02 -21"><span class='ocrx_word' id='word_1_220' title='bbox 288 2403 414 2482; x_wconf 75' lang='lat' dir='ltr'><strong>pinibus,</strong></span> <span class='ocrx_word' id='word_1_221' title='bbox 439 2411 561 2474; x_wconf 89' lang='lat' dir='ltr'><strong>quarum</strong></span> <span class='ocrx_word' id='word_1_222' title='bbox 587 2399 687 2451; x_wconf 87' lang='lat' dir='ltr'><strong>tamen</strong></span> <span class='ocrx_word' id='word_1_223' title='bbox 709 2387 818 2446; x_wconf 83' lang='lat' dir='ltr'><strong>multas</strong></span> <span class='ocrx_word' id='word_1_224' title='bbox 845 2393 967 2444; x_wconf 82' lang='lat' dir='ltr'><strong>naturae</strong></span> <span class='ocrx_word' id='word_1_225' title='bbox 995 2400 1088 2443; x_wconf 92' lang='lat' dir='ltr'><strong>rerum</strong></span> <span class='ocrx_word' id='word_1_226' title='bbox 1113 2393 1323 2447; x_wconf 88' lang='lat' dir='ltr'><strong>consentaneas</strong></span> <span class='ocrx_word' id='word_1_227' title='bbox 1352 2389 1471 2465; x_wconf 84' lang='lat' dir='ltr'><strong>reipsa</strong></span> <span class='ocrx_word' id='word_1_228' title='bbox 1499 2395 1634 2465; x_wconf 69' lang='lat' dir='ltr'><strong>expertus</strong></span> 
     </span>
     <span class='ocr_line' id='line_1_24' title="bbox 289 2467 1635 2563; baseline -0.016 -11"><span class='ocrx_word' id='word_1_229' title='bbox 289 2509 362 2563; x_wconf 88' lang='lat' dir='ltr'><strong>surn,</strong></span> <span class='ocrx_word' id='word_1_230' title='bbox 386 2487 466 2548; x_wconf 89' lang='lat' dir='ltr'><strong>velut</strong></span> <span class='ocrx_word' id='word_1_231' title='bbox 489 2501 525 2543; x_wconf 88' lang='lat' dir='ltr'><strong>cx</strong></span> <span class='ocrx_word' id='word_1_232' title='bbox 547 2479 643 2539; x_wconf 92' lang='lat' dir='ltr'><strong>Procli</strong></span> <span class='ocrx_word' id='word_1_233' title='bbox 673 2474 923 2556; x_wconf 80' lang='lat' dir='ltr'><strong>paradigmatibus</strong></span> <span class='ocrx_word' id='word_1_234' title='bbox 946 2467 1130 2548; x_wconf 68' lang='lat' dir='ltr'><strong>detumeat)</strong></span> <span class='ocrx_word' id='word_1_235' title='bbox 1173 2473 1214 2530; x_wconf 85' lang='lat' dir='ltr'><strong>At</strong></span> <span class='ocrx_word' id='word_1_236' title='bbox 1235 2477 1261 2532; x_wconf 90' lang='lat' dir='ltr'><strong>si</strong></span> <span class='ocrx_word' id='word_1_237' title='bbox 1289 2474 1351 2551; x_wconf 78' lang='lat' dir='ltr'><strong>Jam</strong></span> <span class='ocrx_word' id='word_1_238' title='bbox 1382 2474 1418 2535; x_wconf 92' lang='lat' dir='ltr'><strong>de</strong></span> <span class='ocrx_word' id='word_1_239' title='bbox 1440 2483 1548 2534; x_wconf 82' lang='lat' dir='ltr'><strong>eventu</strong></span> <span class='ocrx_word' id='word_1_240' title='bbox 1571 2481 1635 2533; x_wconf 89' lang='lat' dir='ltr'><strong>stu·</strong></span> 
     </span>
     <span class='ocr_line' id='line_1_25' title="bbox 290 2560 1635 2643; baseline -0.024 -4"><span class='ocrx_word' id='word_1_241' title='bbox 290 2578 403 2639; x_wconf 88' lang='lat' dir='ltr'><strong>diomm</strong></span> <span class='ocrx_word' id='word_1_242' title='bbox 425 2567 696 2643; x_wconf 84' lang='lat' dir='ltr'><strong>meorum-loquar,</strong></span> <span class='ocrx_word' id='word_1_243' title='bbox 721 2561 791 2640; x_wconf 90' lang='lat' dir='ltr'><strong>quid</strong></span> <span class='ocrx_word' id='word_1_244' title='bbox 814 2576 924 2637; x_wconf 86' lang='lat' dir='ltr'><strong>quaeso</strong></span> <span class='ocrx_word' id='word_1_245' title='bbox 952 2575 1038 2634; x_wconf 93' lang='lat' dir='ltr'><strong>porro</strong></span> <span class='ocrx_word' id='word_1_246' title='bbox 1062 2560 1180 2618; x_wconf 86' lang='lat' dir='ltr'><strong>invenio</strong></span> <span class='ocrx_word' id='word_1_247' title='bbox 1206 2563 1234 2618; x_wconf 91' lang='lat' dir='ltr'><strong>in</strong></span> <span class='ocrx_word' id='word_1_248' title='bbox 1258 2562 1358 2633; x_wconf 91' lang='lat' dir='ltr'><strong>coelo,</strong></span> <span class='ocrx_word' id='word_1_249' title='bbox 1392 2562 1471 2639; x_wconf 89' lang='lat' dir='ltr'><strong>quod</strong></span> <span class='ocrx_word' id='word_1_250' title='bbox 1493 2561 1530 2620; x_wconf 79' lang='lat' dir='ltr'><strong>ad</strong></span> <span class='ocrx_word' id='word_1_251' title='bbox 1553 2561 1635 2620; x_wconf 73' lang='lat' dir='ltr'><strong>illum</strong></span> 
     </span>
     <span class='ocr_line' id='line_1_26' title="bbox 290 2648 1634 2726; baseline -0.031 -2"><span class='ocrx_word' id='word_1_252' title='bbox 290 2665 338 2726; x_wconf 84' lang='lat' dir='ltr'><strong>vol</strong></span> <span class='ocrx_word' id='word_1_253' title='bbox 360 2661 465 2724; x_wconf 84' lang='lat' dir='ltr'><strong>leviter</strong></span> <span class='ocrx_word' id='word_1_254' title='bbox 488 2653 621 2718; x_wconf 76' lang='lat' dir='ltr'><strong>alludat?</strong></span> <span class='ocrx_word' id='word_1_255' title='bbox 665 2648 876 2725; x_wconf 88' lang='lat' dir='ltr'><strong>Philosophiae</strong></span> <span class='ocrx_word' id='word_1_256' title='bbox 898 2654 997 2724; x_wconf 87' lang='lat' dir='ltr'><strong>partes</strong></span> <span class='ocrx_word' id='word_1_257' title='bbox 1020 2663 1078 2706; x_wconf 90' lang='lat' dir='ltr'><strong>nou</strong></span> <span class='ocrx_word' id='word_1_258' title='bbox 1094 2648 1318 2708; x_wconf 67' lang='lat' dir='ltr'><strong>contemnendas</strong></span> <span class='ocrx_word' id='word_1_259' title='bbox 1342 2667 1420 2709; x_wconf 62' lang='lat' dir='ltr'><strong>ame</strong></span> <span class='ocrx_word' id='word_1_260' title='bbox 1444 2648 1488 2710; x_wconf 66' lang='lat' dir='ltr'><strong>,ep</strong></span> <span class='ocrx_word' id='word_1_261' title='bbox 1507 2649 1541 2709; x_wconf 63' lang='lat' dir='ltr'><strong>de</strong></span> <span class='ocrx_word' id='word_1_262' title='bbox 1557 2666 1634 2709; x_wconf 63' lang='lat' dir='ltr'>„ovo</span> 
     </span>
     <span class='ocr_line' id='line_1_27' title="bbox 290 2733 1635 2825; baseline -0.016 -12"><span class='ocrx_word' id='word_1_263' title='bbox 290 2759 406 2825; x_wconf 87' lang='lat' dir='ltr'><strong>erutas,</strong></span> <span class='ocrx_word' id='word_1_264' title='bbox 434 2746 482 2806; x_wconf 84' lang='lat' dir='ltr'><strong>vel</strong></span> <span class='ocrx_word' id='word_1_265' title='bbox 506 2739 691 2814; x_wconf 89' lang='lat' dir='ltr'><strong>emendatas,</strong></span> <span class='ocrx_word' id='word_1_266' title='bbox 721 2738 770 2797; x_wconf 83' lang='lat' dir='ltr'><strong>vel</strong></span> <span class='ocrx_word' id='word_1_267' title='bbox 793 2737 880 2813; x_wconf 89' lang='lat' dir='ltr'><strong>plane</strong></span> <span class='ocrx_word' id='word_1_268' title='bbox 902 2733 1045 2812; x_wconf 85' lang='lat' dir='ltr'><strong>perfectas</strong></span> <span class='ocrx_word' id='word_1_269' title='bbox 1069 2751 1141 2808; x_wconf 88' lang='lat' dir='ltr'><strong>esse,</strong></span> <span class='ocrx_word' id='word_1_270' title='bbox 1165 2734 1294 2795; x_wconf 89' lang='lat' dir='ltr'><strong>fatentur</strong></span> <span class='ocrx_word' id='word_1_271' title='bbox 1315 2739 1416 2815; x_wconf 86' lang='lat' dir='ltr'><strong>periti:</strong></span> <span class='ocrx_word' id='word_1_272' title='bbox 1448 2745 1479 2796; x_wconf 88' lang='lat' dir='ltr'><strong>at</strong></span> <span class='ocrx_word' id='word_1_273' title='bbox 1500 2756 1565 2798; x_wconf 89' lang='lat' dir='ltr'><strong>mea</strong></span> <span class='ocrx_word' id='word_1_274' title='bbox 1587 2736 1635 2797; x_wconf 86' lang='lat' dir='ltr'><strong>hie</strong></span> 
     </span>
    </p>
   </div>
   <div class='ocr_carea' id='block_1_5' title="bbox 171 2813 1635 2903">
    <p class='ocr_par' dir='ltr' id='par_1_6' title="bbox 171 2813 1635 2903">
     <span class='ocr_line' id='line_1_28' title="bbox 171 2813 1635 2903; baseline -0.016 2"><span class='ocrx_word' id='word_1_275' title='bbox 171 2813 174 2818; x_wconf 15' lang='grc' dir='ltr'><strong>μ</strong></span> <span class='ocrx_word' id='word_1_276' title='bbox 255 2837 258 2854; x_wconf 83' lang='grc'><strong><em>’</em></strong></span> <span class='ocrx_word' id='word_1_277' title='bbox 289 2839 387 2900; x_wconf 86' lang='lat' dir='ltr'><strong>sidera</strong></span> <span class='ocrx_word' id='word_1_278' title='bbox 408 2835 488 2894; x_wconf 88' lang='lat' dir='ltr'><strong>fuere</strong></span> <span class='ocrx_word' id='word_1_279' title='bbox 510 2847 569 2890; x_wconf 89' lang='lat' dir='ltr'><strong>non</strong></span> <span class='ocrx_word' id='word_1_280' title='bbox 591 2828 753 2887; x_wconf 85' lang='lat' dir='ltr'><strong>Mercurius</strong></span> <span class='ocrx_word' id='word_1_281' title='bbox 776 2822 926 2885; x_wconf 89' lang='lat' dir='ltr'><strong>orientalis</strong></span> <span class='ocrx_word' id='word_1_282' title='bbox 949 2824 978 2880; x_wconf 91' lang='lat' dir='ltr'><strong>in</strong></span> <span class='ocrx_word' id='word_1_283' title='bbox 1001 2823 1110 2898; x_wconf 85' lang='lat' dir='ltr'><strong>angulo</strong></span> <span class='ocrx_word' id='word_1_284' title='bbox 1133 2823 1283 2899; x_wconf 86' lang='lat' dir='ltr'><strong>septimae,</strong></span> <span class='ocrx_word' id='word_1_285' title='bbox 1307 2827 1335 2882; x_wconf 91' lang='lat' dir='ltr'><strong>in</strong></span> <span class='ocrx_word' id='word_1_286' title='bbox 1359 2825 1502 2903; x_wconf 90' lang='lat' dir='ltr'><strong>quadrato</strong></span> <span class='ocrx_word' id='word_1_287' title='bbox 1522 2825 1635 2899; x_wconf 86' lang='lat' dir='ltr'><strong>Martis,</strong></span> 
     </span>
    </p>
   </div>
   <div class='ocr_carea' id='block_1_6' title="bbox 261 2910 1639 3433">
    <p class='ocr_par' dir='ltr' id='par_1_7' title="bbox 261 2910 1639 3433">
     <span class='ocr_line' id='line_1_29' title="bbox 292 2910 1636 2999; baseline -0.013 -12"><span class='ocrx_word' id='word_1_288' title='bbox 292 2926 345 2987; x_wconf 92' lang='lat' dir='ltr'><strong>sed</strong></span> <span class='ocrx_word' id='word_1_289' title='bbox 369 2922 562 2999; x_wconf 81' lang='lat' dir='ltr'><strong>copernicus,</strong></span> <span class='ocrx_word' id='word_1_290' title='bbox 591 2915 642 2976; x_wconf 89' lang='lat' dir='ltr'><strong>sed</strong></span> <span class='ocrx_word' id='word_1_291' title='bbox 665 2912 767 2991; x_wconf 85' lang='lat' dir='ltr'><strong>Tycho</strong></span> <span class='ocrx_word' id='word_1_292' title='bbox 789 2910 937 2980; x_wconf 88' lang='lat' dir='ltr'><strong>Braheus,</strong></span> <span class='ocrx_word' id='word_1_293' title='bbox 974 2912 1035 2968; x_wconf 89' lang='lat' dir='ltr'><strong>sinc</strong></span> <span class='ocrx_word' id='word_1_294' title='bbox 1059 2910 1141 2985; x_wconf 89' lang='lat' dir='ltr'><strong>cujus</strong></span> <span class='ocrx_word' id='word_1_295' title='bbox 1165 2911 1402 2972; x_wconf 84' lang='lat' dir='ltr'><strong>observationum</strong></span> <span class='ocrx_word' id='word_1_296' title='bbox 1425 2912 1506 2972; x_wconf 91' lang='lat' dir='ltr'><strong>libris</strong></span> <span class='ocrx_word' id='word_1_297' title='bbox 1529 2915 1636 2986; x_wconf 89' lang='lat' dir='ltr'><strong>omnia,</strong></span> 
     </span>
     <span class='ocr_line' id='line_1_30' title="bbox 293 2997 1636 3092; baseline -0.011 -19"><span class='ocrx_word' id='word_1_298' title='bbox 293 3031 370 3092; x_wconf 88' lang='lat' dir='ltr'><strong>quae</strong></span> <span class='ocrx_word' id='word_1_299' title='bbox 391 3019 469 3068; x_wconf 88' lang='lat' dir='ltr'><strong>nunc</strong></span> <span class='ocrx_word' id='word_1_300' title='bbox 493 3025 511 3066; x_wconf 91' lang='lat' dir='ltr'><strong>a</strong></span> <span class='ocrx_word' id='word_1_301' title='bbox 533 3023 579 3065; x_wconf 89' lang='lat' dir='ltr'><strong>me</strong></span> <span class='ocrx_word' id='word_1_302' title='bbox 599 3010 666 3063; x_wconf 90' lang='lat' dir='ltr'><strong>sunt</strong></span> <span class='ocrx_word' id='word_1_303' title='bbox 689 3003 718 3058; x_wconf 91' lang='lat' dir='ltr'><strong>in</strong></span> <span class='ocrx_word' id='word_1_304' title='bbox 742 2998 903 3060; x_wconf 87' lang='lat' dir='ltr'><strong>clarissima</strong></span> <span class='ocrx_word' id='word_1_305' title='bbox 925 2997 990 3056; x_wconf 87' lang='lat' dir='ltr'><strong>luce</strong></span> <span class='ocrx_word' id='word_1_306' title='bbox 1013 2997 1171 3071; x_wconf 89' lang='lat' dir='ltr'><strong>collocata,</strong></span> <span class='ocrx_word' id='word_1_307' title='bbox 1201 2999 1316 3076; x_wconf 85' lang='lat' dir='ltr'><strong>sepulta</strong></span> <span class='ocrx_word' id='word_1_308' title='bbox 1340 3000 1473 3076; x_wconf 86' lang='lat' dir='ltr'><strong>jacerent</strong></span> <span class='ocrx_word' id='word_1_309' title='bbox 1502 3002 1530 3057; x_wconf 91' lang='lat' dir='ltr'><strong>in</strong></span> <span class='ocrx_word' id='word_1_310' title='bbox 1555 3010 1636 3060; x_wconf 89' lang='lat' dir='ltr'><strong>tene-</strong></span> 
     </span>
     <span class='ocr_line' id='line_1_31' title="bbox 292 3077 1637 3176; baseline -0.019 -11"><span class='ocrx_word' id='word_1_311' title='bbox 292 3103 369 3176; x_wconf 78' lang='lat' dir='ltr'><strong>bris3</strong></span> <span class='ocrx_word' id='word_1_312' title='bbox 399 3114 457 3157; x_wconf 91' lang='lat' dir='ltr'><strong>non</strong></span> <span class='ocrx_word' id='word_1_313' title='bbox 480 3095 622 3155; x_wconf 82' lang='lat' dir='ltr'><strong>Saturnus</strong></span> <span class='ocrx_word' id='word_1_314' title='bbox 651 3088 786 3149; x_wconf 88' lang='lat' dir='ltr'><strong>dominus</strong></span> <span class='ocrx_word' id='word_1_315' title='bbox 809 3086 959 3157; x_wconf 84' lang='lat' dir='ltr'><strong>Mercurii,</strong></span> <span class='ocrx_word' id='word_1_316' title='bbox 992 3084 1043 3144; x_wconf 88' lang='lat' dir='ltr'><strong>sed</strong></span> <span class='ocrx_word' id='word_1_317' title='bbox 1068 3085 1208 3145; x_wconf 83' lang='lat' dir='ltr'><strong>Caesarea</strong></span> <span class='ocrx_word' id='word_1_318' title='bbox 1236 3077 1376 3164; x_wconf 82' lang='lat' dir='ltr'><strong>Augusti,</strong></span> <span class='ocrx_word' id='word_1_319' title='bbox 1407 3087 1580 3164; x_wconf 78' lang='lat' dir='ltr'><strong>liudolphus</strong></span> <span class='ocrx_word' id='word_1_320' title='bbox 1609 3093 1637 3146; x_wconf 84' lang='lat' dir='ltr'><strong>et</strong></span> 
     </span>
     <span class='ocr_line' id='line_1_32' title="bbox 293 3170 1637 3258; baseline -0.017 -9"><span class='ocrx_word' id='word_1_321' title='bbox 293 3186 451 3258; x_wconf 88' lang='lat' dir='ltr'><strong>Matthias,</strong></span> <span class='ocrx_word' id='word_1_322' title='bbox 478 3181 596 3240; x_wconf 89' lang='lat' dir='ltr'><strong>Domini</strong></span> <span class='ocrx_word' id='word_1_323' title='bbox 619 3177 693 3252; x_wconf 82' lang='lat' dir='ltr'><strong>mei3</strong></span> <span class='ocrx_word' id='word_1_324' title='bbox 721 3191 778 3234; x_wconf 91' lang='lat' dir='ltr'><strong>non</strong></span> <span class='ocrx_word' id='word_1_325' title='bbox 802 3174 983 3251; x_wconf 89' lang='lat' dir='ltr'><strong>planetarum</strong></span> <span class='ocrx_word' id='word_1_326' title='bbox 1005 3170 1179 3248; x_wconf 90' lang='lat' dir='ltr'><strong>hospitium,</strong></span> <span class='ocrx_word' id='word_1_327' title='bbox 1204 3173 1396 3250; x_wconf 82' lang='lat' dir='ltr'><strong>Capricornus</strong></span> <span class='ocrx_word' id='word_1_328' title='bbox 1420 3175 1553 3249; x_wconf 87' lang='lat' dir='ltr'><strong>Saturni,</strong></span> <span class='ocrx_word' id='word_1_329' title='bbox 1586 3173 1637 3234; x_wconf 82' lang='lat' dir='ltr'><strong>sed</strong></span> 
     </span>
     <span class='ocr_line' id='line_1_33' title="bbox 261 3259 1639 3349; baseline -0.02 -11"><span class='ocrx_word' id='word_1_330' title='bbox 261 3334 265 3342; x_wconf 91' lang='grc'><strong>,</strong></span> <span class='ocrx_word' id='word_1_331' title='bbox 294 3277 414 3336; x_wconf 74' lang='lat' dir='ltr'><strong>dustria</strong></span> <span class='ocrx_word' id='word_1_332' title='bbox 443 3270 583 3349; x_wconf 80' lang='lat' dir='ltr'><strong>superior,</strong></span> <span class='ocrx_word' id='word_1_333' title='bbox 605 3264 741 3325; x_wconf 78' lang='lat' dir='ltr'><strong>Caesada</strong></span> <span class='ocrx_word' id='word_1_334' title='bbox 770 3261 873 3320; x_wconf 90' lang='lat' dir='ltr'><strong>domus</strong></span> <span class='ocrx_word' id='word_1_335' title='bbox 896 3259 1085 3336; x_wconf 88' lang='lat' dir='ltr'><strong>ejusdemque</strong></span> <span class='ocrx_word' id='word_1_336' title='bbox 1107 3260 1263 3320; x_wconf 88' lang='lat' dir='ltr'><strong>Procerum</strong></span> <span class='ocrx_word' id='word_1_337' title='bbox 1290 3265 1402 3340; x_wconf 87' lang='lat' dir='ltr'><strong>petenti</strong></span> <span class='ocrx_word' id='word_1_338' title='bbox 1424 3263 1495 3322; x_wconf 88' lang='lat' dir='ltr'><strong>milri</strong></span> <span class='ocrx_word' id='word_1_339' title='bbox 1524 3270 1639 3338; x_wconf 79' lang='lat' dir='ltr'><strong>promte</strong></span> 
     </span>
     <span class='ocr_line' id='line_1_34' title="bbox 286 3347 1637 3433; baseline -0.014 -8"><span class='ocrx_word' id='word_1_340' title='bbox 286 3361 463 3433; x_wconf 86' lang='lat' dir='ltr'><strong>liberalitas,</strong></span> <span class='ocrx_word' id='word_1_341' title='bbox 487 3353 612 3432; x_wconf 85' lang='lat' dir='ltr'><strong>exempli</strong></span> <span class='ocrx_word' id='word_1_342' title='bbox 634 3370 692 3412; x_wconf 93' lang='lat' dir='ltr'><strong>non</strong></span> <span class='ocrx_word' id='word_1_343' title='bbox 715 3351 824 3409; x_wconf 84' lang='lat' dir='ltr'><strong>usitati.</strong></span> <span class='ocrx_word' id='word_1_344' title='bbox 870 3347 926 3408; x_wconf 90' lang='lat' dir='ltr'><strong>Hic</strong></span> <span class='ocrx_word' id='word_1_345' title='bbox 950 3347 999 3406; x_wconf 90' lang='lat' dir='ltr'><strong>illc</strong></span> <span class='ocrx_word' id='word_1_346' title='bbox 1022 3348 1146 3423; x_wconf 85' lang='lat' dir='ltr'><strong>angulus</strong></span> <span class='ocrx_word' id='word_1_347' title='bbox 1169 3357 1226 3421; x_wconf 87' lang='lat' dir='ltr'><strong>est,</strong></span> <span class='ocrx_word' id='word_1_348' title='bbox 1249 3367 1307 3426; x_wconf 76' lang='lat' dir='ltr'><strong>pon</strong></span> <span class='ocrx_word' id='word_1_349' title='bbox 1329 3349 1467 3410; x_wconf 86' lang='lat' dir='ltr'><strong>thematis</strong></span> <span class='ocrx_word' id='word_1_350' title='bbox 1490 3350 1637 3422; x_wconf 88' lang='lat' dir='ltr'><strong>occiduus,</strong></span> 
     </span>
    </p>
   </div>
   <div class='ocr_carea' id='block_1_7' title="bbox 294 3435 1753 3518">
    <p class='ocr_par' dir='ltr' id='par_1_8' title="bbox 294 3435 1753 3518">
     <span class='ocr_line' id='line_1_35' title="bbox 294 3435 1753 3518; baseline -0.017 -5"><span class='ocrx_word' id='word_1_351' title='bbox 294 3451 346 3513; x_wconf 91' lang='lat' dir='ltr'><strong>sed</strong></span> <span class='ocrx_word' id='word_1_352' title='bbox 368 3449 531 3516; x_wconf 81' lang='lat' dir='ltr'><strong>Terrarum,</strong></span> <span class='ocrx_word' id='word_1_353' title='bbox 555 3446 585 3502; x_wconf 91' lang='lat' dir='ltr'><strong>in</strong></span> <span class='ocrx_word' id='word_1_354' title='bbox 609 3456 694 3518; x_wconf 87' lang='lat' dir='ltr'><strong>quern</strong></span> <span class='ocrx_word' id='word_1_355' title='bbox 709 3436 894 3518; x_wconf 84' lang='lat' dir='ltr'><strong>imperatoris</strong></span> <span class='ocrx_word' id='word_1_356' title='bbox 916 3435 1034 3494; x_wconf 92' lang='lat' dir='ltr'><strong>Domini</strong></span> <span class='ocrx_word' id='word_1_357' title='bbox 1056 3437 1113 3494; x_wconf 90' lang='lat' dir='ltr'><strong>mei</strong></span> <span class='ocrx_word' id='word_1_358' title='bbox 1138 3453 1277 3496; x_wconf 88' lang='lat' dir='ltr'><strong>concessu</strong></span> <span class='ocrx_word' id='word_1_359' title='bbox 1301 3455 1335 3497; x_wconf 87' lang='lat' dir='ltr'><strong>ex</strong></span> <span class='ocrx_word' id='word_1_360' title='bbox 1359 3439 1428 3498; x_wconf 88' lang='lat' dir='ltr'><strong>aula</strong></span> <span class='ocrx_word' id='word_1_361' title='bbox 1449 3439 1569 3497; x_wconf 90' lang='lat' dir='ltr'><strong>nimium</strong></span> <span class='ocrx_word' id='word_1_362' title='bbox 1592 3441 1639 3495; x_wconf 90' lang='lat' dir='ltr'><strong>in·</strong></span> <span class='ocrx_word' id='word_1_363' title='bbox 1750 3493 1753 3502; x_wconf 59' lang='lat'>‚</span> 
     </span>
    </p>
   </div>
   <div class='ocr_carea' id='block_1_8' title="bbox 280 3522 1641 4580">
    <p class='ocr_par' dir='ltr' id='par_1_9' title="bbox 280 3522 1641 4580">
     <span class='ocr_line' id='line_1_36' title="bbox 280 3522 1639 3617; baseline -0.029 1"><span class='ocrx_word' id='word_1_364' title='bbox 280 3541 395 3617; x_wconf 61' lang='lat' dir='ltr'>&#39;quieta</span> <span class='ocrx_word' id='word_1_365' title='bbox 417 3553 463 3594; x_wconf 75' lang='lat'><strong>¹¹¹⁰</strong></span> <span class='ocrx_word' id='word_1_366' title='bbox 485 3533 580 3608; x_wconf 47' lang='lat'>¹⁰⁰⁰&amp;</span> <span class='ocrx_word' id='word_1_367' title='bbox 605 3538 634 3588; x_wconf 67' lang='grc' dir='ltr'><strong>θῐ</strong></span> <span class='ocrx_word' id='word_1_368' title='bbox 655 3530 684 3584; x_wconf 61' lang='grc' dir='ltr'><strong>ἰῃ</strong></span> <span class='ocrx_word' id='word_1_369' title='bbox 708 3541 766 3601; x_wconf 76' lang='grc' dir='ltr'><strong>(1ΰο</strong></span> <span class='ocrx_word' id='word_1_370' title='bbox 788 3541 841 3600; x_wconf 92' lang='lat' dir='ltr'><strong>per</strong></span> <span class='ocrx_word' id='word_1_371' title='bbox 862 3524 950 3583; x_wconf 72' lang='lat' dir='ltr'><strong>h⁰⁸00</strong></span> <span class='ocrx_word' id='word_1_372' title='bbox 973 3539 1081 3595; x_wconf 68' lang='grc'><strong>8111108,</strong></span> <span class='ocrx_word' id='word_1_373' title='bbox 1106 3522 1169 3598; x_wconf 68' lang='lat' dir='ltr'><strong>jam</strong></span> <span class='ocrx_word' id='word_1_374' title='bbox 1192 3524 1229 3584; x_wconf 84' lang='lat' dir='ltr'><strong>ad</strong></span> <span class='ocrx_word' id='word_1_375' title='bbox 1253 3541 1388 3585; x_wconf 87' lang='lat' dir='ltr'><strong>occasum</strong></span> <span class='ocrx_word' id='word_1_376' title='bbox 1411 3527 1490 3584; x_wconf 86' lang='lat' dir='ltr'><strong>vitae</strong></span> <span class='ocrx_word' id='word_1_377' title='bbox 1514 3543 1639 3603; x_wconf 85' lang='lat' dir='ltr'><strong>vergen-</strong></span> 
     </span>
     <span class='ocr_line' id='line_1_37' title="bbox 294 3610 1639 3701; baseline -0.021 -13"><span class='ocrx_word' id='word_1_378' title='bbox 294 3635 348 3701; x_wconf 89' lang='lat' dir='ltr'><strong>tes,</strong></span> <span class='ocrx_word' id='word_1_379' title='bbox 371 3623 541 3683; x_wconf 86' lang='lat' dir='ltr'><strong>barmoniea</strong></span> <span class='ocrx_word' id='word_1_380' title='bbox 563 3621 621 3676; x_wconf 90' lang='lat' dir='ltr'><strong>ista</strong></span> <span class='ocrx_word' id='word_1_381' title='bbox 643 3623 672 3675; x_wconf 91' lang='lat' dir='ltr'><strong>et</strong></span> <span class='ocrx_word' id='word_1_382' title='bbox 694 3630 771 3689; x_wconf 87' lang='lat' dir='ltr'><strong>quae</strong></span> <span class='ocrx_word' id='word_1_383' title='bbox 794 3611 854 3670; x_wconf 86' lang='lat' dir='ltr'><strong>alia</strong></span> <span class='ocrx_word' id='word_1_384' title='bbox 876 3610 930 3670; x_wconf 89' lang='lat' dir='ltr'><strong>sub</strong></span> <span class='ocrx_word' id='word_1_385' title='bbox 953 3611 1088 3669; x_wconf 90' lang='lat' dir='ltr'><strong>manibus</strong></span> <span class='ocrx_word' id='word_1_386' title='bbox 1107 3610 1203 3672; x_wconf 88' lang='lat' dir='ltr'><strong>haheo</strong></span> <span class='ocrx_word' id='word_1_387' title='bbox 1227 3615 1328 3672; x_wconf 91' lang='lat' dir='ltr'><strong>enitor.</strong></span> <span class='ocrx_word' id='word_1_388' title='bbox 1372 3613 1493 3673; x_wconf 88' lang='lat' dir='ltr'><strong>Frustra</strong></span> <span class='ocrx_word' id='word_1_389' title='bbox 1514 3631 1551 3672; x_wconf 85' lang='lat' dir='ltr'><strong>ex</strong></span> <span class='ocrx_word' id='word_1_390' title='bbox 1573 3613 1639 3672; x_wconf 88' lang='lat' dir='ltr'><strong>the.</strong></span> 
     </span>
     <span class='ocr_line' id='line_1_38' title="bbox 294 3697 1639 3788; baseline -0.024 -12"><span class='ocrx_word' id='word_1_391' title='bbox 294 3721 372 3774; x_wconf 90' lang='lat' dir='ltr'><strong>mate</strong></span> <span class='ocrx_word' id='word_1_392' title='bbox 396 3707 579 3788; x_wconf 84' lang='lat' dir='ltr'><strong>genethliaco</strong></span> <span class='ocrx_word' id='word_1_393' title='bbox 603 3719 707 3765; x_wconf 87' lang='lat' dir='ltr'><strong>causas</strong></span> <span class='ocrx_word' id='word_1_394' title='bbox 724 3705 850 3776; x_wconf 86' lang='lat' dir='ltr'><strong>&#39;quaeret</strong></span> <span class='ocrx_word' id='word_1_395' title='bbox 871 3697 1036 3774; x_wconf 83' lang='lat' dir='ltr'><strong>astrologus</strong></span> <span class='ocrx_word' id='word_1_396' title='bbox 1059 3700 1240 3758; x_wconf 85' lang='lat' dir='ltr'><strong>inventarum</strong></span> <span class='ocrx_word' id='word_1_397' title='bbox 1265 3719 1348 3762; x_wconf 92' lang='lat' dir='ltr'><strong>ame</strong></span> <span class='ocrx_word' id='word_1_398' title='bbox 1370 3719 1446 3760; x_wconf 88' lang='lat' dir='ltr'><strong>anno</strong></span> <span class='ocrx_word' id='word_1_399' title='bbox 1467 3701 1546 3761; x_wconf 81' lang='grc'><strong>1596</strong></span> <span class='ocrx_word' id='word_1_400' title='bbox 1570 3717 1639 3780; x_wconf 65' lang='lat'><strong>91⁰·</strong></span> 
     </span>
     <span class='ocr_line' id='line_1_39' title="bbox 294 3786 1638 3880; baseline -0.016 -16"><span class='ocrx_word' id='word_1_401' title='bbox 294 3799 471 3880; x_wconf 51' lang='lat' dir='ltr'><strong>portionum*</strong></span> <span class='ocrx_word' id='word_1_402' title='bbox 490 3799 567 3854; x_wconf 88' lang='lat' dir='ltr'><strong>inter</strong></span> <span class='ocrx_word' id='word_1_403' title='bbox 589 3791 673 3852; x_wconf 87' lang='lat' dir='ltr'><strong>orbes</strong></span> <span class='ocrx_word' id='word_1_404' title='bbox 702 3788 858 3860; x_wconf 88' lang='lat' dir='ltr'><strong>coelestes,</strong></span> <span class='ocrx_word' id='word_1_405' title='bbox 891 3802 967 3844; x_wconf 88' lang='lat' dir='ltr'><strong>anno</strong></span> <span class='ocrx_word' id='word_1_406' title='bbox 994 3786 1076 3843; x_wconf 83' lang='grc'><strong>1604</strong></span> <span class='ocrx_word' id='word_1_407' title='bbox 1106 3786 1185 3846; x_wconf 91' lang='lat' dir='ltr'><strong>modi</strong></span> <span class='ocrx_word' id='word_1_408' title='bbox 1214 3787 1347 3862; x_wconf 87' lang='lat' dir='ltr'><strong>videndi,</strong></span> <span class='ocrx_word' id='word_1_409' title='bbox 1376 3806 1452 3848; x_wconf 90' lang='lat' dir='ltr'><strong>anno</strong></span> <span class='ocrx_word' id='word_1_410' title='bbox 1475 3788 1532 3848; x_wconf 90' lang='lat' dir='ltr'><strong>hoc</strong></span> <span class='ocrx_word' id='word_1_411' title='bbox 1558 3791 1638 3849; x_wconf 77' lang='grc'><strong>16111</strong></span> 
     </span>
     <span class='ocr_line' id='line_1_40' title="bbox 300 3873 1641 3960; baseline -0.022 -9"><span class='ocrx_word' id='word_1_412' title='bbox 300 3905 463 3960; x_wconf 85' lang='lat' dir='ltr'><strong>causarum,</strong></span> <span class='ocrx_word' id='word_1_413' title='bbox 488 3883 525 3942; x_wconf 95' lang='lat' dir='ltr'><strong>ob</strong></span> <span class='ocrx_word' id='word_1_414' title='bbox 541 3898 615 3956; x_wconf 88' lang='lat' dir='ltr'><strong>quas</strong></span> <span class='ocrx_word' id='word_1_415' title='bbox 639 3876 759 3936; x_wconf 90' lang='lat' dir='ltr'><strong>cuilibet</strong></span> <span class='ocrx_word' id='word_1_416' title='bbox 781 3875 916 3950; x_wconf 86' lang='lat' dir='ltr'><strong>planetae</strong></span> <span class='ocrx_word' id='word_1_417' title='bbox 939 3873 1060 3948; x_wconf 84' lang='lat' dir='ltr'><strong>contigit</strong></span> <span class='ocrx_word' id='word_1_418' title='bbox 1083 3879 1165 3933; x_wconf 87' lang='lat' dir='ltr'><strong>tanta</strong></span> <span class='ocrx_word' id='word_1_419' title='bbox 1181 3879 1386 3950; x_wconf 89' lang='lat' dir='ltr'><strong>eccentricitas,</strong></span> <span class='ocrx_word' id='word_1_420' title='bbox 1410 3893 1465 3936; x_wconf 91' lang='lat' dir='ltr'><strong>neo</strong></span> <span class='ocrx_word' id='word_1_421' title='bbox 1479 3879 1572 3936; x_wconf 79' lang='lat' dir='ltr'><strong>minor</strong></span> <span class='ocrx_word' id='word_1_422' title='bbox 1588 3893 1641 3935; x_wconf 90' lang='lat' dir='ltr'><strong>nec</strong></span> 
     </span>
     <span class='ocr_line' id='line_1_41' title="bbox 294 3961 1640 4054; baseline -0.019 -16"><span class='ocrx_word' id='word_1_423' title='bbox 294 3977 406 4054; x_wconf 75' lang='lat' dir='ltr'><strong>maior3</strong></span> <span class='ocrx_word' id='word_1_424' title='bbox 429 3974 513 4053; x_wconf 80' lang='lat' dir='ltr'><strong>annis</strong></span> <span class='ocrx_word' id='word_1_425' title='bbox 535 3963 713 4026; x_wconf 90' lang='lat' dir='ltr'><strong>intermediis</strong></span> <span class='ocrx_word' id='word_1_426' title='bbox 737 3962 950 4020; x_wconf 86' lang='lat' dir='ltr'><strong>demonstratae</strong></span> <span class='ocrx_word' id='word_1_427' title='bbox 972 3961 1112 4038; x_wconf 89' lang='lat' dir='ltr'><strong>physicae</strong></span> <span class='ocrx_word' id='word_1_428' title='bbox 1134 3961 1268 4022; x_wconf 88' lang='lat' dir='ltr'><strong>coelestis</strong></span> <span class='ocrx_word' id='word_1_429' title='bbox 1291 3964 1509 4040; x_wconf 89' lang='lat' dir='ltr'><strong>modorumque,</strong></span> <span class='ocrx_word' id='word_1_430' title='bbox 1534 3964 1640 4040; x_wconf 74' lang='lat' dir='ltr'><strong>quibus</strong></span> 
     </span>
     <span class='ocr_line' id='line_1_42' title="bbox 294 4049 1639 4136; baseline -0.013 -10"><span class='ocrx_word' id='word_1_431' title='bbox 294 4069 449 4125; x_wconf 85' lang='lat' dir='ltr'><strong>moventur</strong></span> <span class='ocrx_word' id='word_1_432' title='bbox 472 4058 607 4136; x_wconf 86' lang='lat' dir='ltr'><strong>planetae</strong></span> <span class='ocrx_word' id='word_1_433' title='bbox 631 4065 822 4124; x_wconf 79' lang='lat' dir='ltr'><strong>verorumque</strong></span> <span class='ocrx_word' id='word_1_434' title='bbox 844 4055 975 4107; x_wconf 89' lang='lat' dir='ltr'><strong>motuum</strong></span> <span class='ocrx_word' id='word_1_435' title='bbox 999 4050 1140 4124; x_wconf 89' lang='lat' dir='ltr'><strong>ipsomm,</strong></span> <span class='ocrx_word' id='word_1_436' title='bbox 1173 4049 1299 4127; x_wconf 88' lang='lat' dir='ltr'><strong>denique</strong></span> <span class='ocrx_word' id='word_1_437' title='bbox 1321 4051 1573 4111; x_wconf 79' lang='lat' dir='ltr'><strong>fundamentorum</strong></span> <span class='ocrx_word' id='word_1_438' title='bbox 1596 4051 1639 4109; x_wconf 90' lang='lat' dir='ltr'><strong>ef-</strong></span> 
     </span>
     <span class='ocr_line' id='line_1_43' title="bbox 294 4128 1641 4212; baseline -0.017 1"><span class='ocrx_word' id='word_1_439' title='bbox 294 4151 414 4212; x_wconf 87' lang='lat' dir='ltr'><strong>dcaciae</strong></span> <span class='ocrx_word' id='word_1_440' title='bbox 437 4145 573 4208; x_wconf 87' lang='lat' dir='ltr'><strong>coelestio</strong></span> <span class='ocrx_word' id='word_1_441' title='bbox 596 4144 624 4198; x_wconf 92' lang='lat' dir='ltr'><strong>in</strong></span> <span class='ocrx_word' id='word_1_442' title='bbox 646 4139 721 4198; x_wconf 93' lang='lat' dir='ltr'><strong>haec</strong></span> <span class='ocrx_word' id='word_1_443' title='bbox 743 4136 887 4208; x_wconf 85' lang='lat' dir='ltr'><strong>inferiora,</strong></span> <span class='ocrx_word' id='word_1_444' title='bbox 911 4134 1192 4212; x_wconf 87' lang='lat' dir='ltr'><strong>metaphysicorum;</strong></span> <span class='ocrx_word' id='word_1_445' title='bbox 1218 4157 1275 4212; x_wconf 89' lang='lat' dir='ltr'><strong>non</strong></span> <span class='ocrx_word' id='word_1_446' title='bbox 1298 4128 1474 4198; x_wconf 85' lang='lat' dir='ltr'><strong>influxerunt</strong></span> <span class='ocrx_word' id='word_1_447' title='bbox 1495 4141 1553 4199; x_wconf 85' lang='lat' dir='ltr'><strong>ista</strong></span> <span class='ocrx_word' id='word_1_448' title='bbox 1576 4157 1641 4197; x_wconf 84' lang='lat' dir='ltr'><strong>eum</strong></span> 
     </span>
     <span class='ocr_line' id='line_1_44' title="bbox 296 4221 1640 4304; baseline -0.013 -5"><span class='ocrx_word' id='word_1_449' title='bbox 296 4239 462 4300; x_wconf 86' lang='lat' dir='ltr'><strong>charactere</strong></span> <span class='ocrx_word' id='word_1_450' title='bbox 491 4231 563 4293; x_wconf 85' lang='lat' dir='ltr'><strong>coeli</strong></span> <span class='ocrx_word' id='word_1_451' title='bbox 593 4231 622 4288; x_wconf 89' lang='lat' dir='ltr'><strong>in</strong></span> <span class='ocrx_word' id='word_1_452' title='bbox 652 4222 829 4286; x_wconf 86' lang='lat' dir='ltr'><strong>flammulam</strong></span> <span class='ocrx_word' id='word_1_453' title='bbox 858 4223 937 4282; x_wconf 87' lang='lat' dir='ltr'><strong>illam</strong></span> <span class='ocrx_word' id='word_1_454' title='bbox 967 4221 1114 4282; x_wconf 75' lang='lat' dir='ltr'><strong>facultatis</strong></span> <span class='ocrx_word' id='word_1_455' title='bbox 1142 4225 1241 4285; x_wconf 86' lang='lat' dir='ltr'><strong>vitalis</strong></span> <span class='ocrx_word' id='word_1_456' title='bbox 1272 4245 1365 4304; x_wconf 90' lang='lat' dir='ltr'><strong>nuper</strong></span> <span class='ocrx_word' id='word_1_457' title='bbox 1387 4229 1524 4288; x_wconf 86' lang='lat' dir='ltr'><strong>incensae</strong></span> <span class='ocrx_word' id='word_1_458' title='bbox 1554 4230 1640 4302; x_wconf 89' lang='lat' dir='ltr'><strong>inque</strong></span> 
     </span>
     <span class='ocr_line' id='line_1_45' title="bbox 296 4312 1639 4402; baseline -0.013 -14"><span class='ocrx_word' id='word_1_459' title='bbox 296 4335 393 4387; x_wconf 89' lang='lat' dir='ltr'><strong>actum</strong></span> <span class='ocrx_word' id='word_1_460' title='bbox 415 4321 585 4402; x_wconf 88' lang='lat' dir='ltr'><strong>productae,</strong></span> <span class='ocrx_word' id='word_1_461' title='bbox 615 4314 667 4375; x_wconf 88' lang='lat' dir='ltr'><strong>sed</strong></span> <span class='ocrx_word' id='word_1_462' title='bbox 689 4313 794 4390; x_wconf 89' lang='lat' dir='ltr'><strong>partim</strong></span> <span class='ocrx_word' id='word_1_463' title='bbox 826 4313 903 4370; x_wconf 88' lang='lat' dir='ltr'><strong>intus</strong></span> <span class='ocrx_word' id='word_1_464' title='bbox 932 4313 961 4368; x_wconf 92' lang='lat' dir='ltr'><strong>in</strong></span> <span class='ocrx_word' id='word_1_465' title='bbox 992 4312 1174 4388; x_wconf 88' lang='lat' dir='ltr'><strong>penitissima</strong></span> <span class='ocrx_word' id='word_1_466' title='bbox 1202 4317 1315 4374; x_wconf 88' lang='lat' dir='ltr'><strong>animae</strong></span> <span class='ocrx_word' id='word_1_467' title='bbox 1345 4316 1472 4374; x_wconf 88' lang='lat' dir='ltr'><strong>essentia</strong></span> <span class='ocrx_word' id='word_1_468' title='bbox 1500 4315 1639 4388; x_wconf 88' lang='lat' dir='ltr'><strong>latebant,</strong></span> 
     </span>
     <span class='ocr_line' id='line_1_46' title="bbox 296 4397 1640 4480; baseline -0.012 -5"><span class='ocrx_word' id='word_1_469' title='bbox 296 4411 456 4475; x_wconf 88' lang='lat' dir='ltr'><strong>secundum</strong></span> <span class='ocrx_word' id='word_1_470' title='bbox 479 4405 663 4467; x_wconf 89' lang='lat' dir='ltr'><strong>Platonicam</strong></span> <span class='ocrx_word' id='word_1_471' title='bbox 686 4398 847 4459; x_wconf 89' lang='lat' dir='ltr'><strong>doctrinam</strong></span> <span class='ocrx_word' id='word_1_472' title='bbox 874 4414 962 4477; x_wconf 89' lang='lat' dir='ltr'><strong>supra</strong></span> <span class='ocrx_word' id='word_1_473' title='bbox 985 4417 1019 4457; x_wconf 89' lang='lat' dir='ltr'><strong>cx</strong></span> <span class='ocrx_word' id='word_1_474' title='bbox 1043 4397 1147 4458; x_wconf 88' lang='lat' dir='ltr'><strong>Proclo</strong></span> <span class='ocrx_word' id='word_1_475' title='bbox 1170 4400 1341 4478; x_wconf 80' lang='lat' dir='ltr'><strong>allegatam,</strong></span> <span class='ocrx_word' id='word_1_476' title='bbox 1368 4404 1473 4480; x_wconf 89' lang='lat' dir='ltr'><strong>partim</strong></span> <span class='ocrx_word' id='word_1_477' title='bbox 1502 4402 1561 4463; x_wconf 85' lang='lat' dir='ltr'><strong>alia</strong></span> <span class='ocrx_word' id='word_1_478' title='bbox 1583 4405 1640 4476; x_wconf 81' lang='lat' dir='ltr'><strong>ria,</strong></span> 
     </span>
     <span class='ocr_line' id='line_1_47' title="bbox 296 4486 1640 4580; baseline -0.012 -17"><span class='ocrx_word' id='word_1_479' title='bbox 296 4518 348 4580; x_wconf 85' lang='lat' dir='ltr'><strong>par</strong></span> <span class='ocrx_word' id='word_1_480' title='bbox 372 4499 472 4560; x_wconf 86' lang='lat' dir='ltr'><strong>oculos</strong></span> <span class='ocrx_word' id='word_1_481' title='bbox 495 4497 647 4565; x_wconf 89' lang='lat' dir='ltr'><strong>nimirum,</strong></span> <span class='ocrx_word' id='word_1_482' title='bbox 671 4491 834 4554; x_wconf 69' lang='lat' dir='ltr'><strong>¹introrsum</strong></span> <span class='ocrx_word' id='word_1_483' title='bbox 855 4493 973 4565; x_wconf 86' lang='lat' dir='ltr'><strong>recepta</strong></span> <span class='ocrx_word' id='word_1_484' title='bbox 996 4493 1078 4562; x_wconf 82' lang='lat' dir='ltr'><strong>sunt3</strong></span> <span class='ocrx_word' id='word_1_485' title='bbox 1112 4486 1176 4547; x_wconf 90' lang='lat' dir='ltr'><strong>sola</strong></span> <span class='ocrx_word' id='word_1_486' title='bbox 1198 4497 1227 4548; x_wconf 87' lang='lat' dir='ltr'><strong>et</strong></span> <span class='ocrx_word' id='word_1_487' title='bbox 1248 4490 1335 4548; x_wconf 90' lang='lat' dir='ltr'><strong>unica</strong></span> <span class='ocrx_word' id='word_1_488' title='bbox 1349 4489 1496 4550; x_wconf 84' lang='lat' dir='ltr'><strong>&#39;thematis</strong></span> <span class='ocrx_word' id='word_1_489' title='bbox 1517 4490 1640 4568; x_wconf 83' lang='lat' dir='ltr'><strong>geneth·</strong></span> 
     </span>
    </p>
   </div>
   <div class='ocr_carea' id='block_1_9' title="bbox 181 4574 1640 4664">
    <p class='ocr_par' dir='ltr' id='par_1_10' title="bbox 181 4574 1640 4664">
     <span class='ocr_line' id='line_1_48' title="bbox 181 4574 1640 4664; baseline -0.034 -10"><span class='ocrx_word' id='word_1_490' title='bbox 181 4577 185 4586; x_wconf 64' lang='grc'><strong><em>’</em></strong></span> <span class='ocrx_word' id='word_1_491' title='bbox 296 4583 366 4648; x_wconf 79' lang='lat' dir='ltr'><strong>liaci</strong></span> <span class='ocrx_word' id='word_1_492' title='bbox 389 4601 478 4664; x_wconf 86' lang='lat' dir='ltr'><strong>opera</strong></span> <span class='ocrx_word' id='word_1_493' title='bbox 499 4584 554 4643; x_wconf 92' lang='lat' dir='ltr'><strong>fuit</strong></span> <span class='ocrx_word' id='word_1_494' title='bbox 575 4583 641 4655; x_wconf 90' lang='lat' dir='ltr'><strong>ista,</strong></span> <span class='ocrx_word' id='word_1_495' title='bbox 665 4574 744 4654; x_wconf 92' lang='lat' dir='ltr'><strong>quod</strong></span> <span class='ocrx_word' id='word_1_496' title='bbox 767 4583 796 4634; x_wconf 90' lang='lat' dir='ltr'><strong>et</strong></span> <span class='ocrx_word' id='word_1_497' title='bbox 819 4577 948 4635; x_wconf 84' lang='lat' dir='ltr'><strong>emunxit</strong></span> <span class='ocrx_word' id='word_1_498' title='bbox 970 4574 1036 4634; x_wconf 90' lang='lat' dir='ltr'><strong>illos</strong></span> <span class='ocrx_word' id='word_1_499' title='bbox 1058 4577 1164 4651; x_wconf 78' lang='lat' dir='ltr'><strong>ingenii</strong></span> <span class='ocrx_word' id='word_1_500' title='bbox 1184 4577 1348 4654; x_wconf 62' lang='lat' dir='ltr'><strong>judiciique</strong></span> <span class='ocrx_word' id='word_1_501' title='bbox 1371 4577 1515 4655; x_wconf 59' lang='lat' dir='ltr'><strong>igniculo,</strong></span> <span class='ocrx_word' id='word_1_502' title='bbox 1543 4585 1573 4639; x_wconf 46' lang='grc' dir='ltr'><strong>ω</strong></span> <span class='ocrx_word' id='word_1_503' title='bbox 1594 4581 1640 4636; x_wconf 56' lang='lat' dir='ltr'><strong>in,</strong></span> 
     </span>
    </p>
   </div>
   <div class='ocr_carea' id='block_1_10' title="bbox 296 4729 503 4750">
    <p class='ocr_par' dir='ltr' id='par_1_11' title="bbox 296 4729 503 4750">
     <span class='ocr_line' id='line_1_49' title="bbox 296 4729 503 4750; baseline -0.048 1"><span class='ocrx_word' id='word_1_504' title='bbox 296 4729 503 4750; x_wconf 49' lang='grc' dir='ltr'><strong>Μ-</strong></span> 
     </span>
    </p>
   </div>
   <div class='ocr_carea' id='block_1_11' title="bbox 299 4815 1642 4934">
    <p class='ocr_par' dir='ltr' id='par_1_12' title="bbox 299 4815 1642 4934">
     <span class='ocr_line' id='line_1_50' title="bbox 375 4815 1642 4878; baseline -0.007 -10"><span class='ocrx_word' id='word_1_505' title='bbox 375 4831 401 4878; x_wconf 76' lang='lat'><strong>0)</strong></span> <span class='ocrx_word' id='word_1_506' title='bbox 416 4827 502 4878; x_wconf 68' lang='lat' dir='ltr'><strong>stipam</strong></span> <span class='ocrx_word' id='word_1_507' title='bbox 516 4823 662 4875; x_wconf 73' lang='lat' dir='ltr'><strong>trdrurquam</strong></span> <span class='ocrx_word' id='word_1_508' title='bbox 675 4823 781 4870; x_wconf 78' lang='lat' dir='ltr'><strong>satyr-lota</strong></span> <span class='ocrx_word' id='word_1_509' title='bbox 794 4819 887 4862; x_wconf 82' lang='lat' dir='ltr'><strong>nostris.</strong></span> <span class='ocrx_word' id='word_1_510' title='bbox 915 4819 983 4868; x_wconf 66' lang='lat' dir='ltr'><strong>Nam,</strong></span> <span class='ocrx_word' id='word_1_511' title='bbox 997 4820 1023 4858; x_wconf 84' lang='lat' dir='ltr'><strong>at</strong></span> <span class='ocrx_word' id='word_1_512' title='bbox 1036 4819 1136 4868; x_wconf 82' lang='lat' dir='ltr'><strong>apparat.</strong></span> <span class='ocrx_word' id='word_1_513' title='bbox 1151 4821 1242 4866; x_wconf 61' lang='lat' dir='ltr'><strong>amatas</strong></span> <span class='ocrx_word' id='word_1_514' title='bbox 1255 4817 1318 4868; x_wconf 82' lang='lat' dir='ltr'><strong>ipsos</strong></span> <span class='ocrx_word' id='word_1_515' title='bbox 1327 4819 1416 4869; x_wconf 77' lang='lat' dir='ltr'><strong>premit,</strong></span> <span class='ocrx_word' id='word_1_516' title='bbox 1432 4818 1470 4868; x_wconf 91' lang='lat' dir='ltr'><strong>qul</strong></span> <span class='ocrx_word' id='word_1_517' title='bbox 1481 4815 1557 4870; x_wconf 75' lang='lat' dir='ltr'><strong>jocum</strong></span> <span class='ocrx_word' id='word_1_518' title='bbox 1569 4827 1642 4860; x_wconf 79' lang='lat' dir='ltr'><strong>mean</strong></span> 
     </span>
     <span class='ocr_line' id='line_1_51' title="bbox 299 4867 1606 4934; baseline -0.011 -7"><span class='ocrx_word' id='word_1_519' title='bbox 299 4895 366 4927; x_wconf 84' lang='lat' dir='ltr'><strong>uuum</strong></span> <span class='ocrx_word' id='word_1_520' title='bbox 380 4882 447 4934; x_wconf 74' lang='lat' dir='ltr'><strong>hujus</strong></span> <span class='ocrx_word' id='word_1_521' title='bbox 461 4877 556 4920; x_wconf 80' lang='lat' dir='ltr'><strong>similem</strong></span> <span class='ocrx_word' id='word_1_522' title='bbox 577 4888 605 4919; x_wconf 80' lang='lat' dir='ltr'><strong>ax</strong></span> <span class='ocrx_word' id='word_1_523' title='bbox 618 4876 676 4917; x_wconf 87' lang='lat' dir='ltr'><strong>libro</strong></span> <span class='ocrx_word' id='word_1_524' title='bbox 690 4874 718 4916; x_wconf 83' lang='lat' dir='ltr'><strong>de</strong></span> <span class='ocrx_word' id='word_1_525' title='bbox 731 4874 805 4917; x_wconf 79' lang='lat' dir='ltr'><strong>stalla</strong></span> <span class='ocrx_word' id='word_1_526' title='bbox 817 4874 880 4914; x_wconf 78' lang='lat' dir='ltr'><strong>tlon</strong></span> <span class='ocrx_word' id='word_1_527' title='bbox 890 4871 937 4926; x_wconf 80' lang='lat' dir='ltr'><strong>jam</strong></span> <span class='ocrx_word' id='word_1_528' title='bbox 950 4871 1070 4922; x_wconf 79' lang='lat' dir='ltr'><strong>aliquoties</strong></span> <span class='ocrx_word' id='word_1_529' title='bbox 1083 4871 1143 4911; x_wconf 78' lang='lat' dir='ltr'><strong>brim</strong></span> <span class='ocrx_word' id='word_1_530' title='bbox 1157 4867 1182 4912; x_wconf 77' lang='lat'><strong>¹2</strong></span> <span class='ocrx_word' id='word_1_531' title='bbox 1194 4881 1301 4912; x_wconf 82' lang='lat' dir='ltr'><strong>annorum</strong></span> <span class='ocrx_word' id='word_1_532' title='bbox 1314 4871 1448 4913; x_wconf 70' lang='lat' dir='ltr'><strong>auunculum</strong></span> <span class='ocrx_word' id='word_1_533' title='bbox 1460 4872 1606 4913; x_wconf 75' lang='lat' dir='ltr'><strong>ruminarunt</strong></span> 
     </span>
    </p>
   </div>
   <div class='ocr_carea' id='block_1_12' title="bbox 0 0 1867 5534">
    <p class='ocr_par' dir='ltr' id='par_1_13' title="bbox 0 0 1867 5534">
     <span class='ocr_line' id='line_1_52' title="bbox 0 0 1867 5534; baseline 0 0"><span class='ocrx_word' id='word_1_534' title='bbox 0 0 1867 5534; x_wconf 95' lang='lat' dir='ltr'><strong> </strong></span> 
     </span>
    </p>
   </div>
  </div>
 </body>
</html>
