3480 5548
286 385 326 450 10
862 383 1030 447 Prooemium

283 579 440 642 earumque
469 563 563 628 latera
591 571 665 630 tant
694 585 725 628 se
755 569 902 644 componit
930 585 965 628 ex
994 571 1039 643 vl,
1071 583 1159 646 qnam
1189 569 1317 629 babeant
1347 579 1379 628 ut
1405 567 1564 630 rationales
1595 579 1623 630 et

282 655 464 714 irrationales
487 657 672 732 quantitates,
696 665 878 732 comparatae
902 673 967 714 cum
989 657 1071 716 radio
1094 659 1300 735 circumscripti
1324 659 1432 718 circuli.

383 741 494 802 Libo-r
522 744 698 803 secundus
725 743 837 802 orditur‘
862 761 880 802 a
903 743 1118 804 definitionibus
1145 746 1414 818 congruentiae.
1459 745 1541 804 Voce
1569 745 1623 804 hae

282 827 365 887 aliter
395 833 485 890 utitur
514 847 601 906 quam
632 831 704 890 alias
735 833 778 890 uti
795 831 862 889 illa
892 831 991 890 solent
1016 832 1223 891 mathematici.
1268 830 1467 907 Congruentes
1499 834 1525 892 ei
1555 839 1623 892 sunt

281 915 403 991 figurae,
432 919 456 976 sl
481 934 546 978 cum
569 917 682 994 angulis
703 920 764 976 suis
788 919 913 994 spatium
936 928 1043 994 puncto
1067 919 1280 994 circumjectum
1304 922 1407 978 eut'in
1428 920 1551 996 planitie
1572 929 1623 978 aut

282 1005 310 1060 in
331 1005 429 1079 spatio
452 1006 577 1082 explente
631 1005 780 1081 Exemplis
802 1005 945 1080 ejusmodi
967 1007 1113 1082 perlectae
1137 1013 1188 1065 aut
1209 990 1393 1082 imperiecta‘e
1416 1011 1621 1083 congruentiae

281 1091 371 1150 utitur
393 1093 491 1151 multis
514 1093 628 1170 liguris,
656 1109 730 1168 quas
757 1099 809 1151 aut
832 1102 864 1150 ut
886 1087 1006 1172 cqrpola
1028 1101 1080 1153 aut
1102 1110 1201 1153 eorum
1223 1085 1397 1152 lineamenta
1419 1092 1516 1174 (rethe)
1546 1093 1622 1152 loliis

281 1179 404 1254 propriis
419 1179 550 1257 depictas
565 1179 654 1240 addit.
688 1180 749 1238 Nos
771 1196 836 1239 eum
851 1189 998 1240 auctorem
1013 1183 1104 1240 secuti
1121 1181 1174 1238 has
1189 1181 1296 1240 formas
1311 1180 1402 1257 lapidi
1417 1181 1621 1258 imprimendas
1715 1251 1716 1256 η

280 1269 445 1327 curavimus
469 1275 498 1327 et
520 1277 700 1340 annotamus,
731 1265 838 1343 figuras
866 1270 896 1326 in
919 1267 1059 1327 lateribus
1084 1269 1101 1326 5
1131 1267 1307 1343 regularium
1334 1284 1485 1344 corporum
1508 1269 1620 1345 Pytha·
1715 1273 1716 1286 ¹

279 1355 392 1429 gericus
414 1354 562 1432 symbolos
591 1355 705 1426 relerre,
737 1355 981 1430 quemadmodum
1003 1355 1059 1415 hoc
1080 1372 1099 1414 a
1120 1354 1247 1431 Keplero
1270 1354 1346 1414 thesi
1369 1358 1420 1415 25.
1443 1355 1619 1432 explicatum

279 1448 333 1501 est.
378 1442 423 1500 De
451 1443 526 1501 thesi
549 1445 599 1510 tl.
623 1441 768 1517 Keplerus
797 1442 834 1500 ad
866 1441 1051 1519 inquirendas
1074 1441 1291 1517 semhagulares
1318 1443 1424 1502 lormar
1450 1459 1620 1520 progressus

242 1541 246 1548 ¹
278 1529 416 1588 tredecim
439 1545 560 1606 corpora
583 1527 770 1588 Achimedica
792 1529 926 1606 explicat.
978 1529 1205 1606 Quaestionibus
1227 1530 1283 1588 hoc
1305 1529 1377 1588 libro
1401 1529 1486 1590 lactis
1509 1547 1545 1590 eo
1569 1528 1620 1592 de-

278 1614 405 1689 ducitur,
439 1624 471 1675 ut
494 1617 586 1690 dicat,
619 1633 760 1692 congruas
784 1633 847 1676 esse
870 1617 978 1693 ligures
1002 1613 1169 1690 duodecim,
1199 1635 1239 1675 su.
1262 1616 1369 1692 figuras
1398 1617 1621 1694 comprehensas

277 1703 416 1763 lateribus
441 1707 469 1776 3,
490 1707 519 1778 4,
542 1705 569 1776 5,
593 1705 620 1778 6,
644 1705 672 1777 8,
697 1703 743 1777 10,
769 1707 804 1762 12
823 1712 851 1763 ιι
867 1704 907 1763 20
932 1705 1074 1782 („ligurae
1096 1704 1238 1767 radiculas
1260 1721 1312 1762 seu
1335 1698 1490 1787 primael‘),
1514 1706 1619 1780 quibus

278 1790 419 1850 accedant
451 1794 470 1848 4
500 1789 617 1851 stallae:
655 1795 863 1868 pentagonica,
900 1795 1084 1868 octogonica,
1125 1792 1302 1868 decagonica
1338 1799 1367 1851 et
1404 1791 1621 1868 dodecsgoniaa

193 1947 197 1954 .
277 1875 419 1958 (figures
443 1873 587 1957 auctae“).
1349 1872 1359 1890 ⁰

383 1963 491 2026 Liber
513 1967 645 2024 tertius
667 1965 752 2024 rclert
770 1965 863 2024 iactas
887 1965 921 2025 de
943 1967 1054 2024 musica
1078 1973 1107 2024 et
1128 1967 1207 2024 sonia
1230 1965 1403 2024 harmonicis
1427 1969 1618 2042 quaestiones.

276 2051 309 2110 In
334 2053 514 2127 praelatione
538 2041 777 2129 deprehendimus
801 2055 880 2111 varia
892 2052 936 2113 ‚de
951 2032 1084 2112 veterunl
1096 2055 1207 2112 musica
1219 2051 1336 2131 prodita
1351 2060 1381 2111 et
1393 2051 1619 2131 Pythagoricum

276 2141 402 2200 maxime
432 2147 574 2218 tetrastyn
605 2140 812 2200 examinatam?
853 2139 997 2217 chlerus
1026 2139 1188 2216 profitetur,
1221 2141 1276 2198 sibi
1306 2155 1401 2215 neque
1423 2137 1620 2217 Pythagorica

278 2243 372 2303 neque
407 2227 518 2288 meliori
552 2227 714 2288 Ptolemaei
747 2228 913 2302 harmonia,
946 2245 1011 2286 cum
1044 2236 1166 2311 utraque
1199 2227 1353 2303 disciplina
1389 2227 1507 2288 auditus
1538 2229 1618 2304 juste

276 2316 417 2375 minorem
440 2317 582 2378 rationem
605 2315 763 2390 habuisset,
789 2333 852 2376 esse
874 2314 1063 2374 satisfactum.
1094 2313 1190 2388 Quam
1213 2315 1250 2373 ob
1273 2333 1392 2375 causam
1411 2332 1442 2374 sc
1461 2334 1497 2376 ex
1517 2317 1619 2392 viginti

277 2404 361 2461 anuis
384 2401 413 2461 id
436 2405 541 2481 egisse,
564 2412 597 2462 ut
619 2421 656 2463 ea
678 2405 806 2462 musicae
828 2401 1015 2461 fundamenta
1037 2409 1166 2479 poneret,
1197 2417 1272 2478 quae
1293 2416 1351 2462 non
1375 2401 1468 2461 solurn
1492 2405 1619 2462 numeris

274 2491 432 2550 abstractis
459 2493 630 2566 niterentur,
661 2489 712 2549 sed
739 2491 769 2546 in
800 2489 865 2548 aliis
894 2506 1009 2565 quoque
1039 2489 1199 2548 rationibus
1230 2495 1259 2548 et
1288 2481 1501 2566 quantitatibus
1523 2489 1619 2549 locum

275 2577 417 2637 haberent
440 2584 469 2637 et
490 2577 604 2637 arrditui
626 2565 836 2636 satisla‘cerent.
881 2575 964 2637 Haec
987 2573 1175 2638 fundamenta
1196 2577 1225 2634 in
1248 2581 1408 2652 geometria
1434 2579 1532 2656 posita
1554 2565 1618 2638 esse

274 2670 368 2738 ratus,
399 2666 568 2742 primatium
597 2667 700 2723 statuit
727 2665 922 2740 propositum,
955 2663 1126 2723 diametrum
1156 2663 1254 2724 circuli
1286 2671 1314 2724 et
1342 2663 1433 2724 latera
1461 2665 1618 2741 figurarum

277 2751 466 2828 ,radicalium
490 2753 642 2812 terminare
665 2759 776 2828 partem
800 2751 899 2811 circuli
921 2758 1128 2816 consonantem
1144 2769 1209 2811 cum
1222 2759 1286 2811 toto
1303 2753 1428 2812 circulo“
1453 2755 1618 2829 pariterque

275 2838 391 2898 chordis
417 2838 456 2899 ad
485 2839 606 2899 eandem
636 2841 774 2898 rationem
804 2838 905 2898 divisis
933 2837 1014 2898 reddi
1042 2855 1130 2898 sonos
1158 2837 1351 2898 harmonicus.
1384 2839 1449 2899 ¹De
1471 2839 1517 2901 hia
1540 2839 1619 2899 divi-

275 2927 407 2986 sionibus
438 2913 612 2987 ha‘rmonibis
644 2935 705 2986 turn
727 2927 858 3002 pluribus
881 2927 977 3002 agitur
999 2933 1029 2986 et
1049 2926 1105 2986 hae
1128 2933 1211 2984 aunt:
1247 2921 1281 3006 1)
1306 2927 1437 3000 bisaccio,
1468 2924 1504 3008 2)
1527 2931 1619 2987 sectio

274 3015 439 3074 iuratione
465 3017 480 3072 1
505 3015 543 3074 ad
566 3015 594 3087 2,
620 3010 656 3094 3)
679 3017 709 3072 in
731 3003 843 3073 ratione
869 3017 882 3072 l
908 3012 946 3072 ad
970 3015 998 3088 3,
1024 3009 1059 3094 4)
1086 3013 1156 3072 lad
1180 3015 1209 3086 4,
1234 3011 1267 3087 t)
1294 3012 1363 3072 lad
1388 3017 1415 3087 5,
1441 3009 1476 3096 6)
1500 3014 1574 3074 2ad
1591 3015 1618 3088 3,

275 3109 304 3162 et
330 3097 365 3184 1)
388 3103 479 3162 sectio
501 3103 531 3159 in
553 3102 666 3161 ratione
690 3101 708 3159 5
729 3100 769 3159 ad
794 3103 822 3160 3.
876 3100 978 3160 Plures
1001 3117 1089 3176 quam
1111 3107 1223 3177 septem
1246 3102 1318 3158 istas
1346 3099 1518 3160 chordarum
1542 3103 1621 3160 divi-

273 3191 371 3249 siones
399 3206 457 3249 non
483 3207 547 3250 esse
577 3191 605 3246 in
638 3188 797 3248 harmonia.
850 3187 913 3270 Has
941 3203 1010 3246 vero
1040 3186 1210 3261 divisiones,
1242 3186 1387 3263 Keplerus
1416 3189 1516 3262 relert,
1546 3207 1618 3249 ase

272 3279 396 3355 primum
419 3275 520 3336 auditu
543 3276 637 3335 indice
659 3279 803 3348 inventas,
827 3285 856 3336 et
871 3275 1059 3334 fundamenta
1073 3293 1172 3334 earum
1188 3275 1279 3332 multo
1295 3274 1393 3335 labore
1409 3293 1444 3334 ox
1459 3279 1620 3351 geometria

275 3373 357 3426 erute
380 3381 452 3438 esse,
476 3366 708 3440 sententiamque
732 3381 815 3423 suam
837 3367 865 3420 in
889 3361 1048 3422 Prodromo
1072 3365 1184 3432 (1.139)
1209 3365 1393 3421 enunciatam
1416 3362 1530 3423 refellit

381 3451 451 3511 Jem
482 3453 517 3512 de
547 3453 691 3512 continuis
717 3451 953 3528 proportionibus
983 3445 1157 3509 harmonicis
1187 3465 1276 3524 agens
1306 3449 1490 3527 reprehendit
1512 3467 1619 3527 vagam

273 3538 515 3616 significationem
537 3549 567 3606 (a
580 3571 611 3580 —
624 3541 641 3596 b
655 3561 661 3596 :
675 3540 692 3595 b
707 3569 736 3581 -
752 3557 813 3596 c=
827 3555 862 3594 a:
878 3549 914 3610 c),
945 3553 999 3596 nec
1021 3540 1077 3596 nisi
1100 3553 1159 3610 eos,
1183 3539 1233 3609 ait,
1256 3553 1391 3596 numeros
1413 3538 1522 3597 habere
1544 3543 1619 3597 inter

272 3643 305 3686 se
334 3630 550 3703 proportionem
583 3627 795 3700 harmonicam,
829 3626 859 3680 in
891 3624 997 3699 quibus
1030 3624 1142 3684 medius
1176 3637 1241 3682 curn
1277 3625 1382 3683 exteris
1416 3627 1560 3686 ambobus
1590 3633 1619 3684 ιι

274 3713 451 3775 differentiae
474 3717 666 3774 membrorum
689 3714 763 3773 inter
784 3729 816 3771 se
837 3713 965 3771 rationes
988 3711 1119 3785 forment,
1145 3727 1219 3787 quae
1233 3713 1308 3770 inter
1323 3719 1435 3788 septem
1449 3712 1617 3787 divisiones,

273 3818 349 3877 quae
373 3801 561 3876 dictassent,
586 3808 739 3862 occurrant
760 3806 812 3858 aut
836 3798 1040 3875 comprehendi
1062 3801 1097 3858 iis
1118 3800 1241 3874 possint.
1272 3797 1350 3859 Vere
1365 3802 1532 3861 continuam
1548 3819 1573 3862 e.
1590 3817 1615 3860 c.

271 3888 449 3952 intercedere
471 3893 687 3967 proportionem
710 3889 785 3946 inter
806 3901 941 3945 numeros
964 3888 1015 3960 20,
1043 3887 1089 3957 15,
1119 3889 1172 3961 12,
1196 3901 1260 3944 esse
1284 3889 1359 3946 euim
1382 3892 1416 3947 20
1431 3919 1459 3931 -—
1476 3893 1508 3948 15
1522 3911 1528 3946 :
1541 3893 1614 3947 15-

272 3977 1322 4046 12:20:12=5:3et‘20:15=t:3ettnztt=5243
1353 3991 1488 4033 othmaros
1518 3981 1618 4035 tonna

274 4067 323 4140 35,
342 4067 392 4138 20,
412 4067 451 4123 14
473 4082 531 4124 non
546 4065 650 4124 referre
665 4065 881 4140 proportionem
904 4061 1110 4134 harmonicam,
1135 4061 1269 4136 quamvis
1286 4065 1318 4120 35
1332 4095 1364 4103 -
1376 4065 1410 4118 ‘20
1423 4085 1429 4118 ι
1443 4065 1477 4121 20
1489 4096 1522 4106 -
1539 4067 1571 4120 rt
1582 4085 1618 4110 =

273 4148 726 4228 35:14=5:2resp0ndeat
747 4147 874 4228 regrdae,
899 4155 999 4208 contra
1021 4149 1402 4208 35:20=7:ret20:
1423 4149 1618 4207 tt=10:7

273 4256 330 4298 non
354 4246 521 4298 consonent.

376 4323 487 4398 Quarto
519 4328 614 4403 capite
644 4325 711 4385 libri
740 4326 819 4384 tertii
847 4323 990 4401 chlerus
1021 4325 1115 4398 pergit
1144 4320 1182 4382 ad
1210 4321 1365 4382 discrimen
1394 4321 1469 4380 inter
1498 4327 1618 4380 acuurm

273 4417 419 4486 etgrave,
442 4412 532 4471 altum
556 4422 585 4474 et
606 4411 790 4490 profundum,
815 4413 888 4471 inter
910 4410 1065 4470 intervalla
1087 4413 1227 4470 concinna
1250 4417 1280 4469 et
1302 4423 1431 4468 consona
1453 4409 1483 4464 in
1505 4410 1618 4467 musica
1715 4421 1716 4460 i

273 4505 303 4558 et
324 4498 398 4558 haec
419 4503 544 4559 numeris
572 4516 624 4579 per
652 4500 777 4561 tabellas
805 4506 967 4575 comparat,
998 4496 1034 4557 ad
1064 4515 1139 4574 quac
1161 4496 1361 4556 annotandum
1383 4502 1440 4568 est,
1472 4495 1617 4555 hocloco
1715 4501 1716 4540 ἕ

273 4593 303 4646 ιι
317 4587 539 4661 insequentibus
554 4605 641 4648 voces
656 4589 795 4666 duplam
814 4586 984 4656 dimidium,
1000 4585 1172 4660 rudtrcctr'o,
1195 4585 1309 4643 additio
1335 4586 1364 4641 in
1381 4584 1619 4658 proportionibus

272 4675 389 4750 signare
411 4669 566 4748 quadrare,
589 4675 714 4736 radicem
739 4675 910 4752 quadratam
932 4673 1090 4745 extrahere,
1120 4669 1259 4744 dividere,
1289 4669 1492 4745 multiplicare.
1516 4703 1558 4714 -
1581 4671 1615 4728 In

274 4761 330 4820 hoc
358 4761 453 4837 capite
483 4759 642 4835 explicatas
669 4767 756 4823 etiam
783 4763 915 4824 videmus
939 4778 1043 4826 voces:
1073 4768 1170 4828 tonus,
1202 4764 1291 4817 mnus
1318 4759 1427 4831 major,
1457 4759 1616 4835 perfectus,

273 4852 383 4923 minor,
405 4849 606 4923 semitonium,
630 4849 724 4924 diem,
748 4869 873 4912 commu.
