3676 5536
292 305 356 366 234
699 299 741 356 De
761 295 1025 396 Condgrrationibus
1046 295 1224 354 Harmonicis.

225 531 226 537 ,
285 479 557 552 ,αοοοιυιιιοᾱαῐίιιε,
577 480 722 556 jactatum
744 476 840 538 febrili
861 493 1054 554 paroxysmo,
1086 479 1221 553 quamvis
1243 476 1369 539 facultas
1391 479 1507 540 animas
1529 478 1634 551 vitalis,

293 577 394 628 auctor
416 567 661 639 inflammationis,
684 584 702 627 a
724 571 828 628 conatu
852 583 906 625 suo
929 567 1070 638 remittat,
1100 568 1207 642 quippe
1231 564 1367 626 defuncta
1392 583 1445 626 suo
1468 584 1585 626 munere
1608 574 1636 626 et

292 657 413 716 materia
435 653 529 716 febrili
552 653 600 714 vel
622 655 781 731 colliquata
813 651 860 712 vel
883 652 978 730 ejecta
1010 671 1045 712 ex
1069 654 1179 712 intimis
1210 651 1329 713 sedibus
1360 671 1462 732 versus
1485 655 1635 728 exteriora,

292 760 350 803 uon
375 752 472 803 tamen
494 743 591 802 statim
616 744 694 802 omni
717 740 814 800 calore
837 739 991 816 liberatum
1020 739 1121 800 haeret
1150 743 1226 799 enim
1257 743 1281 800 is
1304 743 1333 798 in
1356 743 1479 801 materia
1501 743 1636 820 corporis,

294 847 394 902 earne,
419 831 549 904 ossibus,
572 833 669 888 nervis
692 828 758 904 diu,
783 828 880 904 quoad
903 829 965 904 ipse
989 845 1106 904 quoque
1130 835 1224 889 tractu
1245 830 1385 905 temporis
1408 831 1543 906 exspiret.

374 911 454 977 'Sunt
476 919 563 994 igitur
585 917 641 978 bae
664 916 834 976 harmoniae
862 933 897 975 ex
921 932 1019 974 esrum
1044 931 1177 994 numero,
1209 933 1282 992 quas
1309 934 1398 993 supra
1421 934 1484 994 cap.
1510 920 1538 974 2.
1562 915 1638 976 dixi-

292 1023 357 1064 mus
379 1022 437 1065 non
460 1004 611 1080 subjacere
634 1004 835 1081 providentiae
857 1003 983 1074 liberae,
1011 1001 1064 1062 sed
1086 1005 1259 1063 necessitate
1282 1011 1412 1064 motuum
1435 1007 1550 1063 misceri
1573 1022 1637 1064 cum

292 1093 411 1152 infinitis
434 1094 481 1151 sui
501 1093 615 1168 generis
638 1092 813 1166 incongruis,
837 1091 942 1167 quibus
965 1089 1048 1150 Deus
1071 1098 1182 1151 mentes
1205 1089 1359 1165 ordinavit,
1382 1109 1457 1168 quae
1476 1091 1550 1164 illas,
1574 1109 1639 1152 cunr

292 1179 432 1251 incidunt,
455 1186 656 1256 agnoscerent.
703 1179 793 1255 Atqui
816 1177 903 1254 longe
926 1175 1035 1236 felicior
1057 1186 1102 1236 est
1123 1185 1227 1236 natura
1242 1177 1408 1241 sublunaris
1430 1181 1459 1236 in
1472 1179 1529 1253 bis,
1551 1197 1638 1256 qnam

293 1285 378 1327 aures
407 1269 435 1324 in
464 1273 566 1340 cantu,
595 1264 808 1342 dignoscendis.
856 1263 981 1324 Auditus
1010 1266 1085 1348 enim
1109 1281 1166 1323 non
1190 1264 1276 1324 vaide
1307 1265 1468 1326 delectetur
1489 1267 1640 1327 harmonia

292 1355 425 1415 binarum
450 1371 572 1430 vocum,
604 1355 629 1412 si
653 1356 781 1430 quinque
804 1353 880 1412 aliae
910 1351 1093 1412 dissonantes
1124 1352 1309 1430 obstrepant,
1337 1361 1442 1414 natura
1463 1353 1638 1427 sublunaris,

292 1449 411 1502 maneta
434 1443 582 1519 perpetuis
605 1442 770 1517 incongruis
793 1439 1080 1516 configurationibus,
1104 1457 1155 1498 ens
1177 1457 1230 1516 pro
1245 1439 1334 1499 nullis
1356 1441 1454 1515 babet,
1478 1443 1548 1517 quia
1570 1445 1640 1502 novi

292 1529 363 1595 nibil
386 1527 599 1601 animadvertit,
623 1529 652 1586 in
675 1527 875 1588 harmonicum
897 1544 966 1588 vero
989 1525 1128 1603 angulum
1151 1527 1194 1586 sic
1209 1535 1253 1588 est
1269 1530 1389 1602 intenta,
1414 1546 1450 1589 ac
1471 1531 1497 1587 si
1518 1530 1543 1588 is
1558 1529 1639 1589 solus

293 1625 380 1680 esset.
424 1616 473 1678 Sic
497 1634 563 1677 cnm
585 1618 801 1695 prognosticum
825 1613 945 1691 aliquod
968 1613 1073 1674 millies
1096 1621 1189 1688 errat,
1213 1613 1369 1691 negligitur
1391 1623 1487 1676 tamen
1512 1616 1585 1690 buc,
1610 1623 1641 1676 at

290 1707 316 1764 si
338 1705 429 1766 semel
451 1720 573 1788 scopum
594 1705 721 1781 attingit,
746 1703 801 1764 hoc
824 1704 964 1763 memoria
986 1701 1106 1779 dignum
1129 1708 1276 1776 censetur,
1300 1702 1357 1764 hoc
1378 1707 1505 1764 omnium
1529 1721 1640 1766 sermo·

290 1791 376 1852 nibus
399 1791 571 1853 celebratur.
1516 1785 1521 1799 '

376 1880 421 1940 Ex
443 1879 490 1940 his
512 1881 599 1956 igitur
621 1876 743 1954 intelligi
766 1877 869 1952 datur,
893 1876 1060 1936 harmonias
1083 1878 1111 1934 in
1135 1867 1258 1937 vocibus
1282 1876 1399 1952 quidem
1426 1877 1546 1938 arbitrio
1569 1895 1642 1937 con-

292 1968 372 2027 stitui
396 1966 575 2043 corrsilioqne
599 1967 745 2039 canentis,
777 1968 805 2024 in
828 1963 943 2041 angulis
967 1982 1037 2024 vero
1068 1964 1193 2024 radiosis
1224 1963 1305 2023 nullo
1329 1973 1451 2025 naturae
1475 1965 1642 2025 sublunaris

292 2053 429 2128 oonsilio,
452 2054 506 2116 sed
528 2071 609 2115 mera
630 2055 803 2114 necessitate
826 2054 1004 2128 geometrica
1025 2059 1157 2111 motuum
1179 2054 1342 2128 provenire.
1386 2053 1462 2112 Nam
1491 2055 1562 2127 quia
1585 2054 1642 2112 dno

291 2141 428 2220 planetae
450 2143 580 2218 separari
603 2139 710 2202 debent
731 2158 782 2216 per
805 2142 895 2201 totius
910 2139 1082 2198 semicirculi
1106 2155 1160 2200 sen
1173 2137 1317 2215 graduum
1338 2140 1397 2199 180
1420 2131 1642 2216 longitudinem,
1729 2162 1735 2173 ·

291 2229 323 2288 fit
345 2231 528 2302 necessario,
557 2238 591 2290 ut
612 2229 673 2288 suis
696 2231 781 2287 certis
805 2229 958 2288 momentis
982 2229 1069 2286 etiam
1094 2225 1243 2304 particulis
1266 2227 1330 2304 ejus
1352 2227 1542 2301 harmonicis,
1576 2229 1641 2288 soil.

293 2318 343 2393 30,
369 2318 418 2390 60,
444 2319 501 2397 90,
526 2318 587 2377 120
610 2323 665 2376 eto.
688 2314 831 2392 gradrmm
853 2314 969 2373 distent.
1015 2313 1118 2390 Itaque
1141 2313 1311 2375 barmoniae
1334 2323 1435 2374 mutus
1465 2323 1645 2392 quaeruntur

292 2407 370 2464 intus
393 2423 412 2465 a
434 2406 572 2477 cadamo,
595 2403 764 2462 harmoniae
787 2401 932 2462 radiorum
956 2408 1160 2479 exspectantur
1184 2398 1290 2461 deforis
1311 2420 1331 2460 a
1354 2410 1458 2462 natura
1481 2403 1643 2476 sublunari,

293 2493 484 2553 observantur
507 2508 571 2551 cnm
594 2490 733 2564 incidunt,
758 2489 967 2566 dignoscuntur
989 2503 1086 2549 anon
1101 2489 1278 2548 harmonicis
1301 2484 1346 2570 (at
1365 2491 1407 2549 ric
1430 2490 1467 2550 ab
1483 2489 1535 2550 illa
1556 2508 1644 2552 snum

291 2597 350 2641 csse
373 2581 533 2657 accipiunt)
556 2579 796 2655 excipiunturque
820 2584 849 2638 et
871 2575 1064 2653 applicantur.
1111 2577 1257 2636 Breviter:
1289 2576 1531 2654 configurationes
1557 2597 1644 2658 prae·

293 2667 408 2738 cluunt,
432 2667 537 2726 natn'ra
559 2665 725 2725 sublunaris
748 2665 837 2724 saltat
860 2663 898 2722 ad
920 2661 1002 2740 leges
1024 2663 1111 2740 hcrjus
1135 2664 1307 2724 cantilenae.

378 2754 415 2812 V.
439 2752 580 2829 Quintum
603 2752 756 2812 discrimen
780 2759 824 2811 est
847 2749 1062 2828 quodammodo
1092 2750 1306 2810 annectendum
1328 2752 1433 2828 primo.
1476 2752 1539 2814 Neo
1563 2755 1643 2812 enim

292 2839 446 2902 latitudine
469 2846 581 2900 tanturn
604 2839 740 2900 differunt
760 2839 928 2899 harmonice
959 2838 1047 2915 hujus
1078 2847 1107 2898 et
1128 2837 1330 2916 praecedentis
1355 2838 1438 2910 libri,
1468 2840 1521 2900 sad
1554 2843 1644 2900 etiam

294 2928 394 2989 ordine
417 2934 600 3004 respectuum
624 2926 818 3000 diversorum,
853 2927 960 3003 utribus
989 2926 1100 3001 figurae
1121 2927 1316 3003 geometricae
1342 2927 1467 3002 gignunt
1489 2935 1645 3006 utrumque

293 3033 385 3092 genus
408 3015 640 3079 harmoniearnm
662 3018 894 3092 proportionum,
923 3015 1008 3072 tertio
1033 3031 1159 3090 namque
1182 3014 1256 3072 libro
1287 3015 1383 3091 potior
1409 3013 1463 3073 fuit
1493 3025 1645 3092 respectus

292 3103 466 3178 scibilitatis,
490 3109 594 3179 quarto
616 3104 673 3161 isto
696 3103 794 3179 potior
816 3103 870 3162 erit
891 3103 1106 3178 congruentiae.
1152 3098 1210 3162 Sed
1231 3097 1268 3160 da
1290 3100 1347 3160 hoc
1362 3103 1464 3177 quinto
1480 3102 1646 3163 discrimine

291 3191 353 3268 jam
376 3209 440 3268 cap.
465 3191 493 3254 5.
518 3208 554 3252 ex
576 3189 707 3267 professo
730 3207 867 3266 agemus,
890 3190 920 3246 in
943 3188 1139 3278 explicatione
1160 3189 1349 3248 axiomatum.

865 3421 1007 3493 CAPUT
1033 3422 1109 3538 Vs

293 3568 341 3623 De
364 3569 480 3625 causis
502 3567 705 3624 efficacium
733 3565 1065 3636 configurationem,
1098 3581 1283 3635 earumque
1308 3581 1445 3622 numero
1463 3573 1499 3620 st
1526 3569 1649 3624 ordina

885 3654 1053 3722 graduum.

380 3800 573 3860 Definitio
595 3798 621 3859 1.
667 3798 913 3874 configurationis
931 3815 988 3857 vox
1003 3802 1126 3858 sumitur
1148 3816 1201 3876 pro
1215 3798 1520 3874 binnrnmrsdiornm,
1544 3801 1648 3877 eujus·

294 3906 351 3965 qne
373 3907 392 3947 a
412 3887 531 3964 planeta
553 3904 607 3945 suo
631 3885 849 3960 descendentis,
879 3885 988 3961 angulo
1011 3887 1080 3960 illo,
1112 3905 1170 3963 qno
1193 3889 1302 3964 angulo
1325 3884 1399 3946 radii
1423 3887 1469 3945 hio
1499 3890 1528 3946 in
1554 3888 1647 3948 Terra

294 3970 389 4057 (quae
412 3978 511 4052 puncti
534 3977 676 4034 rationem
698 3973 802 4046 habet)
826 3977 947 4047 cedunt,
971 3972 1017 4033 rel
1041 3975 1120 4050 qnod
1143 3975 1247 4036 eodem
1261 3975 1345 4048 redit,
1368 3976 1491 4032 sumitur
1508 3993 1563 4052 pro
1578 3993 1648 4038 meu

294 4061 394 4123 circuli
416 4065 529 4140 magni,
561 4063 590 4118 iu
614 4060 735 4120 zodiaco
759 4061 912 4137 descripti,
944 4062 995 4136 qui
1021 4079 1105 4122 arcus
1128 4081 1264 4124 mensura
1285 4065 1323 4124 sit
1352 4060 1421 4120 dicti
1445 4063 1561 4139 anguli,
1594 4079 1647 4124 seu

294 4168 381 4229 quern
405 4167 503 4211 arcum
525 4149 587 4209 bini
609 4146 744 4226 planetae
769 4163 921 4225 corporum
943 4165 1061 4208 suorum
1086 4151 1204 4227 objectu
1226 4153 1379 4214 terminare
1403 4155 1433 4210 et
1449 4154 1535 4226 quasi
1557 4169 1646 4229 prac-

296 4237 392 4299 cidere
414 4240 500 4299 nobis
523 4236 666 4298 terricolis
688 4235 833 4297 videntur.

381 4371 537 4428 Notandum
555 4372 642 4441 primo
661 4371 695 4426 de
714 4369 834 4426 nornine:
858 4369 1031 4426 Ptolemaeus
1057 4370 1085 4425 in
1104 4371 1315 4443 quadripertito,
1339 4373 1366 4427 in
1384 4372 1472 4442 Opere
1490 4389 1589 4440 magno
1608 4371 1647 4427 iu.

296 4463 349 4518 que
362 4447 532 4506 Harmonieis
549 4467 736 4519 σχηματισμους
754 4448 888 4517 appellnt,
912 4448 985 4515 qnod
997 4448 1101 4503 Arabes
1120 4458 1247 4519 aspectus
1265 4457 1416 4520 verterunt3
1439 4451 1518 4519 quasi
1537 4451 1648 4505 schema

296 4525 332 4582 ait
349 4523 421 4580 idem
437 4528 509 4596 quod
528 4529 627 4597 vultus,
646 4528 743 4598 facies;
769 4527 841 4598 quod
861 4527 943 4582 etism
960 4532 1054 4585 noster
1072 4526 1263 4585 Teutonismus
1281 4527 1378 4596 habet,
1397 4529 1443 4598 qui
1460 4528 1558 4584 faciem
1576 4527 1648 4583 solet

296 4613 435 4668 nominare
450 4611 502 4670 bct
524 4613 823 4689 enuticusunus
841 4621 869 4670 et
880 4619 1086 4684 personaturum
1099 4615 1250 4685 schemata,
1269 4615 1348 4672 faciei
1360 4615 1481 4682 obtenta,
1508 4610 1647 4684 bleddftr,

296 4705 367 4762 quae
385 4689 447 4745 Itali
465 4693 612 4750 biascaras.
649 4695 787 4750 Invenitur
803 4701 895 4750 tamen
914 4702 941 4750 et
958 4709 1012 4756 vox
1029 4700 1217 4764 apaustaulus,
1245 4709 1313 4762 quas
1330 4707 1384 4748 non
1402 4700 1509 4750 tantum
1527 4709 1561 4748 er
1579 4694 1647 4748 Ara·

294 4769 361 4828 bicia
381 4777 508 4844 aspectus
525 4771 669 4843 vertimur,
687 4774 736 4836 sed
754 4774 836 4832 etiam
853 4773 918 4838 boui
935 4779 1061 4833 auctores
1079 4774 1162 4832 latine
1179 4771 1298 4844 intuitus·
1315 4779 1343 4828 et
1360 4772 1438 4844 signa
1455 4771 1591 4828 intuentia
1608 4771 1647 4826 di·
