3732 5528
311 329 374 390 354
564 305 572 316 “
826 315 976 377 Ptolemaei
993 315 1147 378 ilmmonia

311 508 456 570 torumque
474 498 597 568 species,
618 511 686 568 qnos
705 496 846 566 odoratus,
869 511 938 566 quas
955 495 1048 565 lingua
1070 507 1124 550 uon
1142 495 1266 566 percipit.
1301 495 1417 553 Puerilis
1435 498 1517 572 igitur
1539 505 1582 554 est
1599 514 1660 555 con·

310 577 422 644 tractio,
441 575 553 647 puerilis
572 575 783 630 accommodatio
801 575 904 630 numeri
918 591 1046 631 sensuum
1059 575 1093 630 ιιι
1107 591 1248 632 numerum
1261 576 1414 646 specierum
1429 577 1515 646 ipsias
1527 575 1661 648 diapente.

394 655 467 711 Nota
485 657 518 712 X.
555 655 616 710 Nou
640 652 774 710 absimilia
800 654 853 709 dici
876 663 990 726 possent
1015 655 1049 710 de
1075 663 1180 723 septem
1204 654 1302 712 muniis
1327 655 1482 710 intellectus
1505 656 1541 712 ad
1559 664 1662 726 septem

310 737 416 806 species
434 735 566 806 diapason
586 733 802 789 accommodatis.
838 734 958 789 Primum
971 735 1050 803 enim,
1069 733 1279 803 imaginativasi
1295 734 1409 803 eripitur
1421 735 1564 790 sensiliuae
1577 743 1661 790 trans·

311 813 450 884 ferturque
468 814 503 870 od
520 812 746 882 intellectualem,
775 829 870 870 seusus
889 830 945 870 non
963 820 1044 868 erunt
1059 811 1178 882 animae,
1197 813 1246 868 sed
1263 829 1354 869 merae
1372 813 1514 882 pactiones
1532 814 1661 882 corporis.
1684 878 1690 896 Ι

310 893 422 955 Deinde,
439 901 470 948 ut
488 895 609 948 omittam
627 891 692 962 alia,
711 890 781 946 duae
802 892 939 948 discursus
959 891 1065 961 species
1083 896 1160 961 sunt,
1180 890 1300 960 opinatio
1320 901 1347 948 ct
1364 892 1550 956 ratiocinatio,
1568 901 1596 946 ct
1615 909 1662 947 eae

309 972 418 1042 quidem
437 972 643 1040 emendicatae,
668 985 723 1026 non
748 973 884 1041 expressis
908 973 1051 1044 limitibus,
1077 970 1176 1030 nedum
1201 971 1409 1040 quantitatibus,
1437 979 1468 1028 ut
1491 971 1663 1028 harmonicae

308 1053 497 1123 proportiones
516 1051 673 1118 distinctae;
693 1047 761 1105 adeo
781 1057 808 1105 et
830 1051 950 1121 opinatio
968 1051 996 1106 in
1015 1051 1080 1107 vitio
1099 1055 1149 1119 est,
1169 1050 1237 1103 adeo
1257 1058 1284 1106 et
1296 1051 1427 1120 perfectio
1439 1050 1662 1120 ratiocinationis,

309 1139 340 1208 ut
357 1131 491 1202 opinionis
510 1129 630 1185 amentia.
666 1125 803 1183 Differunt
820 1129 873 1184 ista
894 1131 1042 1186 secundum
1060 1129 1145 1198 magis
1164 1134 1192 1185 et
1204 1129 1300 1199 minus,
1319 1128 1414 1204 logicis
1426 1128 1517 1198 potius
1536 1135 1563 1182 et
1576 1145 1662 1198 gram·

309 1211 414 1266 maticis
432 1208 625 1268 vocabulorum
644 1206 892 1282 significationibus,
912 1225 993 1277 quam
1011 1225 1102 1264 rerum
1119 1203 1239 1280 ipsarum
1256 1208 1356 1264 linibus
1370 1208 1524 1278 conspicuis
1536 1215 1564 1262 et
1576 1208 1661 1263 facul·

309 1289 410 1346 tatibus
428 1289 598 1346 naturalibus
616 1291 752 1348 distincta
788 1289 843 1343 Cur
865 1305 919 1344 non
943 1288 1013 1343 inter
1031 1285 1177 1344 facultates
1200 1295 1325 1344 recenset
1348 1288 1429 1343 etiam
1455 1287 1613 1350 stultitiam,
1637 1279 1660 1364 si

309 1369 348 1424 iia
365 1369 442 1424 ruli?

394 1447 468 1503 Nota
485 1447 532 1504 XI.
570 1447 640 1503 Dum
666 1463 729 1504 vero
753 1446 850 1501 transit
873 1445 908 1500 ιιι
927 1445 1094 1501 Platonicam
1121 1447 1226 1501 animae
1250 1443 1483 1512 distributionem,
1512 1462 1583 1515 quae
1607 1445 1663 1500 fere

308 1527 396 1597 possit
418 1527 512 1582 haberi
536 1525 585 1596 pro
610 1524 794 1581 subdivisione
818 1523 927 1578 moralis
952 1523 1090 1579 faortltatis
1113 1541 1161 1581 seu
1186 1522 1346 1593 voluntatis,
1374 1539 1409 1577 ex
1430 1523 1535 1580 intento
1555 1523 1663 1592 quidem

307 1603 444 1674 Platonis,
472 1605 523 1660 etsi
541 1603 715 1659 Ptolemaeus
733 1603 829 1657 miscet
851 1618 924 1658 mere
943 1600 1295 1674 intellectualia,·'primum
1319 1619 1352 1658 uc
1371 1618 1404 1658 ea
1427 1603 1535 1674 quidem
1554 1603 1662 1672 allegat,

296 1697 379 1752 *quae
396 1697 447 1739 nos
472 1697 556 1753 supra
579 1699 612 1738 ex
635 1682 763 1760 Platone,
788 1681 885 1738 deinde
909 1683 1028 1752 explicat
1050 1684 1078 1737 in
1095 1689 1186 1752 parte,
1216 1683 1289 1752 quod
1316 1689 1358 1736 est
1378 1683 1502 1738 omnibus
1522 1695 1663 1744 commotae

308 1761 546 1818 distributionibus
565 1761 659 1827 ammi,
687 1761 760 1829 quod
779 1761 893 1816 uirtutm
910 1761 1095 1831 respondeant
1119 1761 1271 1832 concinnis,
1299 1761 1364 1816 sitia
1382 1762 1564 1832 inconcinnis;
1595 1776 1662 1830 quae

309 1841 512 1912 generalissima
528 1841 661 1905 omnium,
679 1839 742 1894 boni
760 1855 798 1895 se.
818 1846 846 1894 ct
867 1839 930 1893 mali
949 1839 1128 1909 comparatio,
1148 1847 1190 1895 est
1208 1855 1243 1896 ex
1260 1847 1377 1909 utroque
1395 1858 1502 1910 genere.

394 1921 467 1976 uota
485 1918 546 1974 xli.
581 1917 656 1986 Quas
680 1933 744 1972 uero
771 1917 948 1974 facultatibus
974 1917 1103 1972 irascibili
1127 1927 1155 1974 ct
1177 1919 1380 1991 concupiscibili
1405 1921 1525 1990 assignat
1550 1923 1663 1998 species,

308 2015 370 2066 cae,
387 1999 416 2054 iu
434 2005 565 2067 qnantum
584 1995 618 2051 ad
636 1996 711 2068 ipsas
729 1997 874 2067 pertinent,
893 2003 982 2051 motus
1001 2003 1079 2067 sunt,
1099 1999 1248 2055 seeundum
1266 2017 1334 2068 quos
1353 2001 1509 2070 agnoscitur
1526 1999 1664 2076 quaelibet

308 2079 447 2148 facultas,
460 2083 491 2132 ut
508 2093 572 2131 vero
591 2074 635 2129 bic
654 2073 857 2144 describuntur,
884 2082 948 2131 sunt
971 2077 1062 2146 potius
1089 2080 1205 2136 virtutes
1226 2080 1333 2136 animae
1358 2080 1498 2135 rationalis
1521 2081 1595 2136 circa
1618 2080 1663 2136 do·

307 2159 420 2216 mancos
439 2165 467 2213 et
484 2155 617 2225 regendos
635 2154 686 2210 has
704 2163 807 2220 motus,
833 2171 894 2210 cum
912 2163 1003 2212 tamen
1026 2157 1054 2210 in
1076 2156 1130 2212 boc
1149 2159 1236 2228 capite
1254 2157 1426 2214 Ptolemaeus
1445 2157 1534 2214 adbuc
1557 2164 1661 2214 tantum

309 2239 342 2294 de
359 2237 426 2309 ipsis
445 2233 622 2291 facultatibus
640 2240 711 2302 agat.
749 2233 809 2288 Etsi
832 2235 903 2288 enim
920 2233 1006 2289 utitur
1024 2234 1127 2290 voculis
1146 2233 1238 2307 clpam,
1267 2259 1357 2308 ιακια,
1382 2235 1549 2305 intelligendi
1574 2245 1663 2292 mmen

308 2325 373 2374 sunt
390 2333 445 2372 uon
463 2315 572 2372 babitus
590 2311 785 2368 exercitatione
803 2311 960 2381 comparati,
980 2311 1028 2366 sed
1046 2313 1180 2388 principia
1198 2317 1290 2385 potius
1309 2316 1344 2371 ad
1362 2315 1437 2384 iilos,
1456 2314 1596 2372 naturales
1614 2316 1663 2368 sei·

310 2397 374 2452 licet
398 2391 538 2466 potentiae
560 2399 588 2447 et
609 2389 792 2460 impotentiae.
830 2389 906 2445 Haec
931 2391 971 2445 uis
999 2400 1042 2446 est
1066 2393 1223 2450 Graecismi.
1260 2395 1315 2451 Sed
1339 2402 1428 2451 tamen
1451 2395 1556 2450 ridetur
1574 2391 1663 2450 Ptole·

308 2488 401 2528 maens
419 2474 471 2528 bac
489 2469 711 2541 aequivocatione
730 2485 759 2523 se
777 2467 867 2537 ipsum
886 2469 1061 2526 confundere.
1099 2471 1323 2542 Concupiscibtlis
1340 2483 1413 2530 certe
1426 2491 1479 2528 uon
1492 2481 1594 2544 potest,
1611 2484 1664 2540 qna

308 2551 380 2621 talis,
399 2567 453 2607 non
470 2556 562 2621 potest
579 2547 631 2602 nisi
650 2547 726 2616 sequi
744 2547 915 2620 voluptatem
935 2551 1009 2620 quod
1028 2552 1050 2606 si
1069 2551 1177 2607 desinat
1195 2551 1298 2614 facere.
1322 2553 1559 2624 concupiscibilem
1579 2549 1662 2608 facul·

307 2637 391 2686 mtem
409 2630 507 2685 desinit
525 2641 660 2695 exercere,
680 2641 730 2680 nec
748 2625 830 2680 habet
846 2628 986 2698 judicium,
1006 2647 1061 2700 qua
1079 2629 1157 2701 talis,
1177 2631 1241 2700 quid
1260 2639 1341 2702 turpe
1358 2634 1407 2702 sit,
1425 2633 1490 2702 quid
1508 2631 1663 2704 honestum,

309 2707 358 2763 sed
375 2708 464 2763 solunt
483 2706 547 2775 quid
565 2721 656 2774 suave,
676 2703 740 2772 quid
758 2705 943 2775 injucundum.
980 2709 1018 2764 Et
1036 2709 1131 2778 virtus,
1151 2725 1222 2779 quae
1240 2712 1403 2768 verecundia
1419 2712 1461 2766 uel
1480 2727 1548 2782 quae
1561 2717 1662 2778 tempe-

308 2787 397 2842 rantia
414 2785 520 2855 dicitur,
539 2785 665 2840 delinitur
682 2799 711 2838 re
728 2791 843 2852 utroque
866 2794 894 2842 et
910 2788 1045 2856 positione
1064 2787 1220 2859 cupiditatis
1246 2789 1351 2859 atejus
1371 2790 1553 2845 dominatione
1578 2797 1606 2842 et
1624 2803 1662 2840 ro·

307 2866 406 2935 gimine
430 2863 578 2919 secundom
600 2869 703 2917 rectam
720 2861 861 2919 rationem.
896 2867 1017 2921 Laborat
1041 2874 1069 2921 ct
1094 2868 1228 2924 ternarius
1248 2869 1326 2932 vitio,
1348 2869 1421 2940 quod
1446 2868 1606 2938 plerumque
1624 2865 1660 2924 fit

266 2977 271 2982 -
298 2947 333 3018 Ιιι
358 2943 580 3000 constitutionem
607 2959 696 2997 rernm
717 2943 936 3012 comparabilium
960 2945 1021 3016 ipsa
1043 2945 1218 3014 comparandi
1239 2945 1373 3018 cupiditas
1391 2952 1550 3002 antevertat
1587 2946 1661 3000 uuae

308 3023 417 3095 qnidam
439 3030 503 3078 sunt
525 3022 628 3078 classes
652 3019 843 3090 cupiditatum,
866 3038 950 3077 renus
977 3031 1005 3078 ct
1028 3023 1099 3094 gula
1122 3031 1151 3078 et
1168 3025 1330 3080 uerecundia
1353 3025 1457 3094 veneri,
1484 3023 1661 3094 temperantia

308 3101 390 3173 gulae
411 3109 486 3157 recto
508 3099 675 3172 praeficitur,
699 3097 747 3152 sed
771 3098 795 3152 ei
817 3116 873 3154 non
896 3099 1015 3170 legitime
1041 3101 1198 3171 adjungitur
1220 3103 1353 3172 patientia
1376 3101 1419 3157 vel
1442 3103 1611 3158 continentia
1635 3102 1659 3156 ia

308 3180 485 3242 nesmtatibaa
507 3195 557 3235 seu
581 3179 652 3236 fame
676 3185 702 3234 et
725 3175 777 3232 siti.
813 3178 883 3232 Nam
898 3187 942 3236 'ex
964 3198 1019 3236 uua
1043 3182 1113 3236 duae
1137 3181 1206 3236 fiunt
1229 3183 1378 3238 secundum
1405 3183 1491 3251 magis
1514 3189 1542 3238 ct
1565 3183 1659 3252 minus,

308 3263 463 3329 temperans
481 3273 519 3313 sc.
536 3258 635 3313 fruitur
652 3261 770 3332 modice,
794 3261 916 3316 esuriens
934 3276 999 3316 uero
1022 3269 1049 3316 et
1068 3261 1163 3317 sitiens
1182 3277 1234 3316 non
1254 3263 1366 3333 fruitur,
1391 3268 1510 3317 autnon
1529 3266 1659 3328 qnantum

309 3351 378 3408 opas
396 3337 487 3393 babet.
523 3339 560 3392 Et
578 3344 642 3393 tuuc
666 3356 695 3396 se
719 3341 873 3409 despectam
896 3339 968 3396 dicet
985 3341 1080 3396 Venus
1096 3338 1315 3411 indignabunda,
1339 3341 1382 3396 eni
1405 3346 1515 3411 praeter
1532 3355 1659 3394 verecun-

310 3415 381 3472 diam
399 3415 494 3471 codem
509 3417 572 3485 jure
590 3415 684 3475 debuit
701 3418 811 3488 emungi
830 3419 979 3490 virginitas,
997 3419 1115 3490 casatas,
1135 3418 1300 3475 continentia
1318 3419 1447 3474 maritalis
1465 3425 1517 3474 etc.
1554 3419 1598 3472 Its
1615 3415 1659 3471 liet

308 3497 497 3566 quaternarius
515 3512 564 3565 pro
584 3499 709 3554 ternario.
745 3499 781 3555 Ut
799 3514 853 3554 non
872 3499 969 3567 dicam,
988 3499 1061 3571 qnod
1079 3514 1164 3568 genus
1191 3499 1414 3571 transscenditor,
1434 3497 1496 3553 dum
1514 3496 1548 3551 de
1568 3496 1659 3564 uolup-

308 3574 409 3630 tatibus
428 3575 592 3644 specialibus
608 3577 720 3648 agimus‚
739 3586 767 3634 et
783 3579 890 3636 iuterim
905 3581 939 3635 ad
953 3580 1073 3634 dolorem
1087 3579 1247 3650 generalem,
1267 3580 1314 3647 qni
1325 3578 1534 3635 destructionem
1547 3583 1659 3633 naturae

309 3653 439 3724 continet,
464 3655 620 3710 transimus.
657 3657 780 3726 Denique
808 3674 862 3713 non
886 3661 947 3714 tria
958 3659 1127 3714 diatessaron
1151 3657 1294 3715 intervalla
1316 3659 1421 3714 faciunt
1444 3673 1543 3726 genera
1562 3656 1654 3726 volup·

309 3733 375 3788 tatis
393 3739 421 3790 et
438 3734 555 3804 doloris,
581 3735 629 3790 sed
652 3736 713 3805 ipsa
732 3745 832 3792 natura
850 3738 981 3808 corporis.
1017 3736 1086 3792 Nam
1110 3738 1145 3794 ad
1168 3739 1374 3800 sustentandum
1408 3736 1436 3792 id
1459 3736 1522 3806 gula
1543 3741 1600 3804 est,
1623 3731 1656 3787 ad

308 3815 427 3886 speeiem
444 3814 504 3882 ejus
521 3814 723 3883 pmpagandam
742 3831 835 3871 venus.
872 3819 934 3872 Duo
955 3817 1009 3874 ista
1036 3834 1196 3875 conservare
1214 3834 1314 3890 corpus
1338 3825 1366 3874 et
1384 3815 1501 3888 speciem
1520 3815 1579 3884 ejus
1597 3827 1655 3882 pro-

308 3911 410 3967 pagare
427 3909 483 3949 non
501 3894 631 3949 desumsit
647 3901 753 3950 creator
771 3911 805 3950 ex
824 3897 978 3965 hamtoniis,
997 3904 1089 3952 essent
1107 3898 1178 3955 enim
1195 3897 1274 3968 plura
1291 3911 1417 3965 numero,
1436 3901 1467 3949 ut
1485 3902 1549 3949 sunt
1566 3891 1656 3962 plures

308 3973 474 4041 barmoniae,
488 3971 536 4028 scd
549 3987 583 4025 ex
595 3970 655 4040 ipsa
666 3987 755 4027 rerum
768 3975 923 4029 conditione
931 3975 1157 4046 mortalitatisque
1170 3975 1369 4031 consociatione
1378 3989 1438 4030 cum
1447 3971 1655 4028 immortalitate.

395 4055 470 4110 Nota
487 4049 560 4107 xlii.
596 4051 627 4106 ln
646 4059 762 4121 quatuor
779 4051 920 4108 irascibilis
939 4051 1083 4108 virtutibus
1096 4071 1145 4112 seu
1157 4055 1306 4110 secundum
1318 4069 1361 4108 me
1373 4051 1558 4120 facultatibus,
1579 4063 1654 4119 prae-

308 4143 433 4204 terquam
454 4131 528 4202 quod
547 4129 641 4185 eadent
659 4129 712 4186 dici
730 4137 847 4200 possunt
864 4129 898 4184 de
915 4129 968 4198 ira,
987 4137 1069 4200 metu,
1087 4133 1196 4203 timore,
1219 4132 1327 4200 dolore,
1352 4129 1422 4186 adde
1447 4136 1475 4184 et
1496 4125 1654 4184 verecundia

308 4229 358 4270 seu
374 4212 480 4284 pudore
497 4225 643 4279 eorumque
661 4209 774 4264 metrice
792 4207 905 4276 mdone,
923 4205 990 4262 illud
1008 4224 1116 4264 rursum
1134 4213 1267 4276 occurrit,
1287 4210 1373 4282 quod,
1393 4225 1463 4278 quae
1481 4215 1545 4264 sunt
1563 4221 1651 4272 unum,

310 4289 395 4347 ιιιιιιι
412 4291 458 4346 bic
475 4297 622 4360 apparent.
655 4285 837 4342 Tolerantiam
855 4285 926 4341 euim
944 4283 1068 4341 laborum
1091 4287 1136 4343 bic
1153 4290 1235 4346 infert
1257 4299 1284 4346 et
1302 4305 1385 4360 supra
1401 4289 1560 4359 patientiam
1583 4285 1653 4342 dolo-

309 4385 382 4438 rum,
405 4386 466 4425 cnm
482 4367 631 4423 ιιιοιιιιοιι
649 4366 729 4424 aliana
747 4366 783 4421 ob
800 4381 858 4422 rem
876 4363 1033 4420 tolerandus
1052 4365 1169 4438 dicatur,
1192 4385 1273 4439 qnam
1295 4370 1360 4439 quia
1382 4365 1464 4422 dolet.
1500 4367 1539 4422 Et
1555 4383 1608 4438 qna
1625 4379 1652 4420 rs

312 4445 402 4502 differt
418 4445 550 4503 fortitudo
569 4447 604 4503 ab
622 4446 799 4516 animositate,
818 4445 871 4503 nisi
889 4459 931 4513 eo,
949 4443 1021 4513 quod
1039 4443 1139 4500 malum
1156 4447 1298 4502 imminens
1316 4447 1360 4502 bic
1377 4445 1510 4500 incertum
1528 4453 1582 4512 est,
1599 4442 1652 4498 illic

311 4529 427 4594 comum3
446 4525 674 4596 adderetaliquis
691 4525 735 4581 hic
753 4526 874 4581 futurum
892 4523 948 4578 illic
965 4535 1101 4594 praesens,
1120 4524 1164 4581 hie
1181 4525 1297 4581 militare
1313 4525 1370 4581 illic
1382 4523 1467 4595 urile,
1486 4540 1556 4594 quae
1566 4521 1652 4577 omnia

311 4601 547 4662 distinctiunculaa
565 4613 641 4664 sunt.
664 4605 781 4674 speciem
799 4605 886 4675 ipsam
904 4617 953 4658 seu
971 4601 1128 4659 facultatem
1151 4621 1204 4660 nou
1227 4606 1388 4675 alterantes,
1411 4611 1513 4661 utnon
1531 4603 1651 4658 invemat

310 4681 457 4738 uenustas
476 4689 614 4753 comparet
630 4691 738 4750 auctor,
761 4683 810 4740 sed
829 4689 942 4752 quaerat
959 4682 1050 4751 potius
1068 4681 1183 4741 sollicite
1195 4693 1223 4741 et
1239 4685 1321 4756 plane
1334 4684 1559 4750 comminiscetur,
1580 4675 1650 4750 quod

311 4772 468 4834 comparare
484 4761 579 4834 possit.
615 4763 653 4818 Et
668 4761 801 4820 metemus
818 4761 961 4818 facultates
978 4761 1050 4833 illae,
1067 4778 1137 4832 quae
1153 4773 1296 4822 vomantur
1314 4765 1386 4822 circa
1403 4764 1519 4820 morales
1530 4761 1649 4817 virtutes.
