3698 5534
789 347 934 408 Liberlll.
954 350 1043 420 (lapnt
1053 345 1106 406 111.
1210 423 1215 441 ὓ
1471 340 1476 348 ’
1557 353 1620 418 839

270 521 314 578 hic
331 529 427 580 amtor
445 525 509 594 agit,
529 541 671 582 comune
690 525 829 596 quippiam
846 531 888 581 eat
908 531 964 592 tam
981 523 1150 580 naturalibus
1167 523 1362 596 ataidentarie,
1381 533 1436 585 tam
1455 542 1504 597 pro
1522 531 1620 584 namra

270 601 427 658 mobilitatis
440 618 514 662 suae.
532 621 613 674 quam
631 605 728 661 divinis
745 611 879 673 perpetuo
899 609 926 657 et
944 601 1132 671 essentialiter,
1152 602 1253 672 qnippe
1270 619 1340 673 quae
1358 612 1423 660 snut
1434 605 1595 662 immobilia.

355 679 429 755 bleta
446 681 521 738 XIIl.
557 683 636 752 Quod
648 723 649 729 .
663 688 754 762 autem
784 681 881 736 statuit
905 679 934 735 iu
961 679 1059 737 dielnis
1078 681 1196 750 aliquam
1215 697 1324 738 causam
1341 683 1463 752 ipsorum
1481 685 1619 755 perpetui·

269 758 333 814 tatia
352 758 430 826 quasi
447 775 498 828 per
515 769 618 819 motum
643 765 714 830 (nam
740 759 822 815 etiam
841 759 986 814 redivina
1011 761 1131 829 pertiuet
1148 761 1174 818 ri
1192 761 1391 820 cousecntIouia
1408 763 1481 835 quod
1500 763 1621 832 babeant

239 873 242 882 .
268 835 445 907 principium,
464 839 539 906 qnod
556 839 592 894 ait
608 844 714 908 motus,
741 853 790 892 seu
808 853 825 892 a
843 838 923 906 quo),
949 837 977 894 id
995 837 1136 894 ArIstoteli
1148 839 1261 896 uidetur
1277 837 1367 902 nieme
1383 841 1511 912 bspyrm:
1536 848 1567 897 nt
1583 842 1623 898 sit

159 905 161 928 '
268 913 320 968 hoc
337 921 417 984 pacto
437 916 597 972 vocabulum
615 923 705 975 motus
724 915 802 970 valde
820 917 1005 986 aequivocnm.

354 987 445 1052 Porro
474 991 624 1051 rationalis
654 991 813 1054 causmitaa
843 991 902 1052 alia
934 998 979 1050 est
1007 996 1040 1050 ut
1071 1009 1153 1052 mena
1184 1001 1213 1052 et
1251 995 1345 1070 vergit
1361 1009 1364 1018 ’
1381 992 1419 1052 ad
1442 991 1617 1054 diviniorem

268 1079 410 1154 speciem,
443 1077 504 1139 alla
525 1088 557 1138 ut
579 1098 627 1140 urs
650 1089 680 1139 et
702 1086 815 1156 spectat
838 1079 931 1154 ipsam
953 1081 1216 1151 rectaratiouem,
1244 1077 1304 1140 alis
1326 1087 1359 1140 nt
1381 1099 1445 1140 mon
1470 1087 1498 1140 ct
1522 1085 1618 1158 vergit

268 1163 306 1226 ad
328 1173 462 1226 naturam
486 1161 567 1249 ΧΠ’).
612 1166 669 1226 Per
691 1183 792 1226 omnes
824 1175 882 1225 tres
904 1167 1017 1244 speclea
1047 1165 1117 1226 lieet
1139 1169 1271 1228 iuvenire
1304 1166 1506 1242 harmonicen,
1536 1185 1620 1230 assa-

268 1260 406 1329 queniam
434 1257 584 1333 proprium
611 1271 696 1314 suurn
723 1254 810 1330 finem
838 1249 899 1333 Ἠ).
944 1251 1019 1311 Nam
1042 1255 1168 1329 primum
1190 1256 1255 1332 ipsa
1278 1258 1367 1331 ratio,
1399 1254 1569 1333 simpliciter
1591 1264 1620 1317 et

267 1341 426 1400 universim
443 1351 561 1418 sumta,
594 1340 670 1402 solet
693 1341 802 1400 ordinis
833 1351 862 1400 et
891 1357 1074 1409 commensus
1102 1359 1166 1402 esse
1199 1359 1289 1405 causa
1321 1345 1350 1402 iu
1379 1343 1486 1424 rebus3¹
1515 1342 1620 1403 deinde

268 1427 436 1512 harmonica
459 1432 487 1488 iu
516 1431 613 1508 specie
634 1431 709 1488 retIo
733 1445 916 1488 commensus
946 1430 1041 1487 ostiu
1066 1427 1239 1489 audibilium
1262 1447 1369 1506 genere
1393 1441 1511 1503 auctor,
1544 1431 1619 1492 sieut

267 1517 341 1576 ratio
364 1517 558 1594 lmagipaiiva
581 1517 805 1590 invisibilium,
827 1515 1004 1592 Judicatoria
1026 1519 1054 1574 in
1079 1515 1330 1578 intellectibillum
1345 1535 1466 1596 genere,
1491 1517 1620 1596 disponit

266 1611 365 1664 autem
389 1604 519 1666 ordinem
541 1604 632 1679 illum,
657 1607 775 1682 quiesi
797 1607 827 1664 iu
850 1602 1041 1676 audibilibus,
1066 1605 1292 1684 quamproprie
1316 1606 1541 1667 concinnitatem
1564 1624 1620 1684 ap·

266 1689 409 1767 pellamus
428 1689 500 1772 m).
545 1691 639 1770 Igitur
668 1694 704 1753 ob
734 1691 947 1770 speculativam
972 1692 1171 1753 inventionem
1195 1696 1510 1755 commemorationum
1532 1711 1622 1772 spec·
1653 1686 1656 1695 '

266 1781 345 1838 tatur
366 1782 539 1858 apartibus
563 1782 676 1854 mentis,
701 1780 739 1840 ob
763 1781 944 1840 mannariam
966 1795 1036 1840 vero
1062 1797 1160 1844 earum
1184 1784 1485 1857 repraesentationem
1509 1799 1528 1842 a
1550 1798 1621 1858 par-

267 1867 345 1928 tibus
367 1875 413 1928 est
434 1871 520 1946 artis,
550 1868 676 1944 denique
705 1869 743 1928 ob
767 1869 1007 1931 cumulationem
1030 1869 1205 1928 imitativam
1228 1871 1400 1947 apartibus
1423 1871 1511 1929 moris
1535 1865 1620 1948 xv¹1),

267 1961 297 2013 st
318 1952 375 2014 boc
396 1953 472 2029 ideo,
496 1959 565 2033 quia
596 1958 625 2014 iu
650 1958 819 2016 universum
849 1957 925 2014 ratio
954 1955 1068 2015 iurauit
1095 1956 1214 2032 qnidam
1245 1957 1354 2017 bonum
1384 1955 1621 2033 contemplando,

266 2049 465 2118 repraesentat
496 2059 567 2104 vero
591 2043 835 2122 comprehensum
857 2041 1020 2121 operando,
1051 2043 1196 2104 assimilat
1228 2043 1354 2122 dentque
1377 2045 1434 2105 sIbi
1455 2045 1622 2122 subjectum

267 2131 484 2191 consuescendo
508 2127 604 2211 xv¹¹¹).
1626 2167 1630 2178 ·

352 2213 425 2268 Nota
443 2213 513 2268 xiv.
550 2215 621 2270 (lave
640 2211 844 2282 ambiguitatem
861 2227 896 2268 cx
913 2211 1128 2282 reduplications
1146 2213 1200 2267 iste
1218 2219 1408 2282 emergentem.
1445 2213 1533 2270 Erant
1551 2213 1623 2269 sulm

267 2290 361 2347 eadem
374 2291 434 2362 tria,
453 2305 523 2361 qnae
536 2291 581 2348 hic
594 2283 795 2360 commbiuorat,
811 2291 893 2346 etiam
905 2292 932 2345 iu
950 2291 1094 2362 prioribus,
1113 2297 1169 2346 tres
1181 2291 1275 2348 itidem
1288 2293 1435 2350 secundum
1448 2294 1495 2349 illa
1510 2307 1622 2348 cansaer

218 2393 220 2398 ·
267 2371 349 2436 Deus,
368 2372 446 2439 ratio,
465 2379 571 2428 natura.
590 2371 626 2426 At
644 2385 714 2426 nnuc
733 2369 850 2437 mediam
869 2385 969 2441 eaerum,
989 2371 1123 2426 rationem
1141 2377 1218 2441 puta,
1238 2371 1397 2444 subdividit,
1417 2372 1573 2430 constitutis
1591 2387 1624 2427 ac

266 2451 391 2520 repetitis
408 2452 505 2509 iisdem
523 2449 684 2508 differentiis
702 2449 798 2516 tribus,
817 2449 951 2504 rationem
970 2449 1057 2519 ipsam
1076 2455 1124 2504 aut
1141 2449 1259 2504 diviuam
1278 2465 1340 2506 esse
1368 2449 1497 2510 scribens.
1516 2457 1564 2505 aut
1580 2463 1625 2505 ra-

266 2529 403 2599 tionalem,
422 2539 470 2586 aut
488 2531 648 2586 naturalem.
674 2526 792 2583 Scholae
808 2527 1016 2597 philosophicae
1034 2528 1117 2596 paulo
1136 2527 1216 2583 aliter
1233 2531 1390 2588 incedentes
1419 2531 1513 2586 eodem
1531 2539 1623 2584 tamen

267 2608 385 2664 veniunt.
420 2609 490 2664 Nuus
517 2609 655 2679 pn‘uoIpes
673 2607 790 2667 animae,
806 2606 952 2662 facultates
976 2607 1048 2661 dnae
1072 2614 1150 2661 sunta
1179 2609 1331 2665 theoretica
1357 2619 1385 2666 et
1408 2609 1534 2680 practica
1571 2613 1624 2668 illa

266 2689 376 2756 proprie
394 2709 456 2750 vave
483 2688 581 2744 dIcitur
607 2701 657 2743 sen
684 2686 856 2753 intellectus,
883 2686 911 2740 in
938 2686 991 2740 bac
1018 2693 1147 2742 censetur
1173 2687 1307 2742 voluntas.
1345 2687 1399 2743 Sed
1425 2689 1459 2746 de
1483 2691 1627 2748 voluntate

267 2765 442 2821 Ptolemaeus
466 2766 597 2836 jamnon
624 2765 770 2836 praecipue
798 2765 871 2834 affl't,
900 2765 966 2835 ann
994 2767 1087 2834 potlns
1106 2765 1140 2820 de
1158 2767 1240 2821 varlis
1258 2766 1371 2821 reticula
1391 2766 1623 2840 dispositionibus,

267 2859 381 2912 qunrrnm
402 2845 510 2914 aliquae
528 2848 555 2900 in
583 2845 690 2901 theoria
716 2854 899 2915 occupantur,
927 2845 1034 2915 aliquae
1053 2845 1088 2901 ad
1114 2847 1211 2915 praxin
1239 2861 1299 2900 sese
1327 2855 1464 2901 exserunt.
1501 2847 1544 2903 Ad
1561 2847 1625 2904 illas

267 2923 385 2990 pertiuet
403 2925 524 2992 scientia,
544 2924 579 2980 ad
598 2924 648 2980 bas
665 2923 786 2980 actiones
806 2931 833 2978 et
850 2924 968 2980 babitus.
995 2926 1061 2981 Cum
1080 2924 1151 2980 enim
1169 2925 1289 2980 actiones
1309 2925 1421 2982 crebrae
1438 2931 1580 2983 transeant
1596 2927 1625 2982 iu

266 2999 390 3072 babitus,
404 3004 450 3058 sic
468 3009 499 3057 ut
517 3003 633 3074 denique
652 3019 707 3058 uou
725 3003 881 3075 consilinm,
907 3004 958 3060 sed
976 3006 1037 3073 ipsa
1054 3005 1240 3068 cousuetudo,
1259 3002 1376 3060 subnixa
1392 3007 1535 3073 memoria,
1554 3022 1625 3076 quae

267 3078 360 3134 intima
376 3083 483 3137 animas
503 3082 619 3138 facultas
637 3089 695 3154 est,
724 3084 859 3148 sentiente
879 3091 1009 3153 excepta,
1034 3083 1181 3139 multarum
1206 3084 1343 3140 actionum
1361 3097 1445 3139 cansa
1461 3083 1523 3138 flat:
1551 3089 1626 3140 reete

267 3158 350 3226 igitur
377 3160 499 3229 practica
526 3162 608 3226 animi
634 3161 751 3218 facultas
778 3163 806 3218 in
819 3162 902 3218 duas
930 3161 1127 3228 subdividitur,
1153 3177 1235 3218 uuam
1253 3177 1324 3232 qnae
1344 3177 1377 3218 ex
1395 3162 1462 3218 artis
1481 3161 1626 3218 dlctamiue

268 3248 414 3308 operatur,
442 3241 557 3297 alteram
576 3255 645 3312 qnae
663 3257 697 3297 ex
715 3257 790 3298 more
817 3257 865 3298 seu
883 3241 1086 3298 consuetudIue.
1123 3241 1183 3298 Hoc
1208 3241 1292 3312 igitur
1309 3249 1390 3311 pacto
1409 3249 1465 3296 tres
1482 3245 1626 3310 emergunt
1703 3305 1710 3320 Ι

268 3319 434 3387 priucipales
453 3320 579 3388 taepyswa
599 3322 737 3378 facultatis
755 3322 861 3378 animae
879 3322 1024 3391 principis:
1055 3321 1222 3390 intellectio,
1248 3317 1407 3375 exercitatio
1424 3319 1453 3374 in
1470 3317 1624 3388 Intellectis,

269 3405 296 3450 et
314 3398 512 3454 exercitatione
530 3408 688 3470 comparata
705 3402 821 3459 facilitas
841 3401 1021 3472 operationis;
1040 3407 1096 3457 tres
1115 3404 1188 3458 modi
1207 3398 1337 3456 causandi
1355 3399 1467 3466 aliquid.
1485 3399 1536 3454 iit
1554 3405 1626 3465 uota

269 3475 340 3542 quod
358 3475 531 3534 Ptolemaeus
548 3495 603 3534 non
623 3479 703 3547 dicit,
730 3482 800 3550 tris,
829 3495 899 3550 quae
917 3482 961 3536 hic
979 3487 1183 3546 commemorat,
1211 3493 1272 3534 esee
1294 3478 1503 3546 manentem,
1531 3482 1626 3546 artem,

205 3623 209 3628 ,
269 3555 1058 3629 m⁰ri³¹¹1=saddicit,‹esseillautmeutenn,ntartem,
1084 3565 1242 3613 utmorem.
1279 3557 1350 3612 Nam
1367 3570 1426 3610 moe
1445 3569 1494 3609 seu
1512 3567 1628 3609 musne-

269 3631 336 3687 tndc
354 3633 545 3704 complectitur
563 3638 673 3694 babitus
701 3655 813 3708 omnes,
840 3648 868 3693 et
894 3638 975 3693 etiarn
993 3653 1038 3693 ars
1065 3638 1135 3692 inter
1162 3635 1271 3690 babitus
1290 3641 1332 3689 est
1350 3635 1486 3701 etiamque
1504 3630 1626 3696 scientia,
1662 3685 1668 3700 κ

269 3715 368 3768 mentis
387 3718 498 3784 propria
516 3718 667 3787 dispositio.
703 3719 765 3772 Nou
784 3724 977 3772 commemorat
994 3717 1079 3784 igitur
1095 3714 1271 3770 Ptolemaeus
1288 3719 1345 3766 tres
1362 3711 1482 3781 babitus,
1501 3709 1551 3764 sed
1568 3717 1626 3764 tues

270 3791 356 3848 dictas
375 3794 455 3848 animi
473 3794 619 3851 facultates
632 3809 779 3864 earumque
792 3795 923 3863 energias,
943 3809 1057 3862 quarum
1070 3792 1208 3863 quaelibet
1226 3793 1274 3848 nui
1291 3791 1425 3848 dictarum
1436 3791 1518 3845 triam
1534 3804 1626 3846 rerum
1668 3817 1675 3828 ι

269 3873 435 3928 assimilatur
453 3873 495 3929 rel
513 3883 632 3946 cognata
649 3883 699 3931 est.
735 3872 889 3930 Intellectio
908 3874 979 3929 enim
998 3889 1047 3928 seu
1064 3873 1151 3943 magis
1169 3871 1288 3927 inventio
1307 3872 1336 3926 lu
1354 3869 1493 3941 praesenti
1511 3867 1624 3923 msmria

266 3951 338 4006 intra
355 3953 454 4008 mentm
480 3957 632 4024 penetralia
649 3956 778 4021 vertitur,
805 3954 963 4012 exercitatio
992 3969 1053 4010 sese
1072 3953 1146 4008 foras
1165 3952 1200 4008 ad
1219 3951 1331 4008 sensilia
1348 3949 1465 4020 profert,
1493 3946 1625 4018 aquibus

266 4028 429 4086 documenta
447 4035 568 4103 capimus
596 4036 677 4103 artis.
702 4049 757 4103 qna
782 4033 885 4103 polleat
909 4047 1043 4102 operans,
1071 4031 1194 4101 operatio
1222 4047 1256 4085 ex
1284 4029 1380 4086 habitu
1399 4028 1506 4096 seipsa
1525 4024 1623 4080 iutelli-

266 4109 355 4179 gitur,
383 4111 472 4179 qualis
490 4113 532 4168 sit
569 4113 669 4168 Differt
686 4114 756 4168 enirn
776 4113 827 4167 hoc
845 4105 906 4168 locb
924 4112 952 4166 iu
968 4111 1127 4168 Ptolemaeo
1147 4110 1306 4166 exercitatio
1324 4107 1475 4166 secundnm
1491 4113 1578 4160 artem
1596 4112 1624 4162 et

267 4188 388 4256 operatio
407 4205 442 4245 ex
460 4191 567 4260 habitu;
596 4209 650 4260 qno
668 4191 735 4247 artis
753 4191 885 4246 vocabulo
909 4190 965 4260 jam
984 4189 1104 4245 noudum
1131 4189 1362 4258 praesupponitur
1387 4185 1497 4242 babitus
1514 4183 1544 4238 iu
1561 4185 1622 4254 ipsc

267 4273 423 4336 exercente,
450 4269 478 4324 in
497 4280 626 4342 quantum
645 4287 674 4326 se
693 4277 820 4339 exercet,
849 4270 897 4326 sed
921 4269 1109 4325 tantummodo
1137 4268 1272 4323 dictamen
1299 4267 1426 4331 reticula,
1444 4265 1528 4320 ¹velut
1544 4273 1624 4320 extra

267 4347 377 4402 emetis:
405 4355 433 4403 at
450 4351 533 4406 moris
552 4365 601 4406 seu
619 4349 729 4406 habitus
748 4349 879 4407 vocabulo
897 4349 1059 4417 intelligitur
1077 4347 1183 4402 allectio
1201 4347 1288 4416 ipsius
1306 4345 1460 4416 operantis,
1487 4352 1621 4415 quatenns

267 4433 402 4493 operatur.
439 4429 544 4484 Morem
572 4443 621 4482 seu
639 4431 864 4485 consuetudinem
892 4428 927 4482 ad
945 4435 1061 4482 naturae
1079 4431 1171 4494 partes
1189 4425 1320 4481 iudicare
1338 4425 1419 4492 dicit,
1447 4423 1568 4492 quamvis
1585 4425 1622 4480 sit

267 4505 378 4561 rationis
397 4509 515 4575 species:
541 4507 606 4578 quia
624 4508 695 4563 sicut
712 4523 810 4564 musae
827 4505 967 4562 naturales
992 4512 1078 4573 agunt
1096 4504 1154 4559 sine
1172 4503 1307 4574 discursu,
1327 4503 1429 4575 quippe
1447 4519 1501 4572 quo
1519 4511 1620 4574 carsut,

269 4591 297 4639 st
313 4591 399 4654 agam
416 4601 524 4656 semper
540 4587 636 4643 eodem
654 4587 743 4656 modo,
762 4602 818 4643 non
835 4583 989 4654 impeditae,
1007 4583 1158 4650 alsatiam,
1178 4582 1251 4655 quod
1269 4599 1304 4639 ex
1322 4597 1398 4638 more
1415 4581 1455 4652 iit,
1471 4581 1500 4640 id
1518 4583 1620 4653 simpli-

267 4661 335 4717 citer
352 4671 380 4718 et
397 4663 557 4735 plerumque
574 4682 629 4723 nou
649 4681 682 4721 ex
695 4661 851 4720 deliberato
868 4662 910 4717 rit.¹

353 4739 428 4798 Nota
444 4743 502 4797 XV.
537 4745 598 4800 Isau
624 4743 811 4800 accommodat
836 4740 972 4812 triplicem
998 4738 1069 4793 baur
1095 4739 1233 4809 energiam
1251 4739 1363 4794 rationis
1390 4738 1426 4794 ad
1450 4741 1619 4809 propositum
1728 4721 1737 4737 ⁸

207 4809 214 4824 ⁸
266 4819 417 4891 abiectum,
437 4819 544 4877 seilicet.
556 4825 591 4879 ad
609 4819 774 4880 hermonim.
809 4819 942 4888 Primum,
960 4833 1030 4890 quaa
1048 4835 1099 4890 ego
1114 4817 1173 4888 jam
1190 4819 1314 4889 energia
1330 4818 1402 4888 dixi,
1420 4813 1542 4888 appellit
1559 4818 1619 4890 ipsc

1391 4914 1431 4972 22
1442 4911 1461 4948 ⁴*
