3668 5526
720 353 723 360 ·
831 305 975 384 troicus
1341 390 1392 420 Ι,
1507 323 1569 382 rer

229 487 371 566 lichene,
401 513 477 570 quae
505 495 581 554 banc
602 494 688 554 nobis
717 493 928 567 contessionem
956 499 1120 571 extorquet.
1160 485 1245 568 Quod
1267 505 1421 574 corporum
1444 497 1572 572 quinque

229 581 379 658 quodlibet
399 591 542 644 summm
564 601 600 642 ee
621 583 699 654 clio,
729 589 879 657 tauquam
899 582 978 657 filim
1001 599 1036 640 etc
1058 590 1158 658 putre,
1187 584 1234 642 cel
1256 587 1359 642 miuus
1390 601 1427 643 cc
1448 586 1571 657 majori,

229 687 283 730 nec
313 673 490 746 geometriae
514 670 653 747 figuratas
676 678 901 730 cousentaneum
932 677 990 741 est,
1022 686 1077 728 nec
1106 671 1178 730 meis
1208 671 1451 730 enarrationibus.
1496 670 1573 730 Nam

229 757 393 816 tetruiidron
417 775 453 817 ex
476 759 552 817 cubo
574 757 649 816 sumi
673 757 732 815 dixi
755 758 944 832 geometrice,
976 765 1116 831 tanquam
1141 757 1233 817 liram
1262 775 1298 817 eu
1323 757 1455 832 Adamo;
1485 759 1573 818 intel-

229 844 296 920 ligit
317 843 549 925 similitudinem,
571 849 621 922 qui
643 845 787 926 ratipnem
810 844 1005 918 inscriptionis
1021 842 1100 902 illius
1123 844 1152 902 in
1177 844 1233 902 hoc
1249 845 1397 920 intelligit.
1434 845 1574 907 Dedece-

230 931 318 991 iidron
349 948 420 992 vero
448 951 485 994 ex
513 932 571 992 illis
595 931 727 1005 dnobus,
760 930 908 990 attilium
930 947 966 990 ex
990 939 1113 1005 utroque
1144 939 1265 1008 parente
1295 935 1363 990 oriri
1385 933 1509 1008 largior,
1543 942 1574 994 at

229 1036 287 1078 uon
320 1026 352 1077 nt
379 1022 483 1079 minua
513 1038 549 1080 ec
575 1021 699 1092 mqiori.
742 1017 816 1076 Nam
846 1019 958 1076 ratione
981 1008 1178 1092 tipurationis,
1207 1018 1265 1078 boc
1295 1029 1339 1078 est
1369 1022 1573 1096 inscriptionis,

229 1105 324 1181 majus
353 1114 397 1166 est
429 1105 630 1167 dodecaiidrou
662 1106 757 1179 cubo,
790 1107 939 1182 quantitas
970 1121 1038 1164 vcro
1061 1104 1219 1180 figurarum
1250 1107 1281 1162 in
1304 1107 1412 1166 mundo
1441 1124 1500 1166 non
1530 1118 1574 1168 est

229 1211 264 1252 ex
293 1191 480 1268 figuratione,
511 1194 562 1254 sed
593 1211 629 1253 ax
651 1195 826 1254 necessitate
856 1193 951 1267 spatii.
997 1190 1124 1250 Rursum
1157 1191 1315 1252 octaidron
1345 1199 1374 1252 et
1404 1183 1587 1255 ieosaidron'

229 1281 344 1340 lerninis
366 1285 460 1358 magis
482 1279 680 1342 assimilantur.
702 1279 767 1341 cubi
792 1289 820 1340 et
842 1277 1035 1352 dodeca'e'dri,
1065 1295 1154 1354 quem
1175 1279 1254 1339 liliis.
1300 1280 1362 1340 Nec
1391 1286 1573 1356 propositum
1624 1311 1627 1318 v

229 1385 326 1431 meum
357 1368 413 1426 luit
443 1387 620 1444 comportare
649 1369 845 1428 harmoniam
872 1385 893 1424 u
918 1368 1166 1441 proportionibus
1194 1384 1359 1442 corporum
1385 1373 1575 1445 repulericm

231 1454 433 1514 adinvicem.
478 1455 670 1517 Harmoniam
693 1457 770 1516 enim
794 1463 984 1529 componunt,
1013 1452 1070 1514 boc
1092 1461 1137 1514 est
1165 1457 1348 1515 constituunt
1378 1456 1439 1514 bini
1462 1459 1575 1517 termini

204 1583 208 1592 .
230 1544 429 1618 proportionis
452 1545 604 1619 probatae.
650 1543 692 1602 At
714 1543 915 1618 proportiones
938 1557 1090 1616 corpomm
1110 1539 1353 1616 geometricorum
1376 1545 1502 1605 invicem
1518 1563 1575 1604 non

230 1629 304 1690 iiurrt
325 1631 396 1689 mibi
421 1635 533 1690 termini
556 1631 701 1691 ulterioris
724 1629 863 1704 alicujus,
893 1630 1027 1686 nimirum
1049 1627 1237 1688 harmonicae
1258 1633 1474 1706 proportionis,
1506 1623 1576 1709 quia

231 1719 303 1800 inter
326 1718 465 1777 terminos
487 1717 575 1778 hosce
598 1735 656 1776 non
678 1718 788 1792 recipio
812 1719 866 1774 nisi
888 1723 999 1775 motus
1016 1714 1110 1775 reales
1132 1717 1317 1792 planetarum
1340 1721 1470 1799 ipsorum
1493 1719 1575 1780 diur·
1611 1723 1619 1736 '

232 1821 295 1863 nos.
342 1803 401 1864 Sed
424 1805 480 1864 boc
501 1805 597 1866 solum
620 1808 648 1864 in
671 1823 702 1864 rc
724 1807 807 1872 inest,
831 1801 909 1878 quod
927 1803 990 1877 jam
1005 1798 1093 1878 supra
1109 1805 1217 1877 monui,
1242 1804 1404 1879 quodcum
1420 1807 1575 1884 etiigurae

231 1889 344 1950 aolidae
367 1892 501 1968 singulae
523 1895 662 1952 interesse
685 1891 838 1951 debuerint
865 1893 939 1948 inter
961 1891 1044 1948 binos
1067 1891 1152 1951 orbes
1181 1903 1210 1950 et
1232 1890 1421 1954 harmonicae
1451 1913 1575 1972 propor-
1606 1935 1611 1940 -
1674 1950 1677 1959 ,

232 1979 328 2038 nones
350 1979 483 2056 singulae
506 1983 580 2040 inter
603 1979 687 2040 binos
709 1987 806 2038 motus
829 1981 858 2034 in
882 1977 940 2036 illis
962 1978 1095 2050 orbibus,
1128 1986 1269 2053 utraeque
1298 1983 1361 2038 suis
1380 1981 1512 2056 juribus,
1542 1992 1574 2044 ut

234 2067 322 2142 igitur
347 2066 421 2128 bene
445 2067 502 2126 illis
525 2085 584 2126 uua
606 2066 806 2134 habitantibus
825 2067 903 2124 inter
924 2081 956 2122 se
979 2067 1157 2138 conveniret,
1181 2069 1324 2143 principio
1345 2067 1410 2136 libri
1428 2068 1465 2130 V.
1488 2072 1575 2130 iami-

235 2152 347 2210 liaritas
371 2153 472 2231 aliqua
494 2155 650 2215 conciliata
677 2155 733 2213 luit
755 2157 828 2212 inter
850 2151 1079 2212 cohabitaturus.
1125 2150 1161 2213 Et
1189 2152 1266 2214 cubo
1296 2153 1414 2229 quidem
1446 2169 1575 2220 assertae

235 2249 303 2298 sunt
330 2237 367 2324 Ἄ
390 2248 421 2300 et
448 2237 501 2325 ¹s,‚
532 2260 590 2303 nou
614 2240 694 2318 quod
716 2241 809 2300 cubus
838 2238 903 2298 illas
926 2247 955 2296 et
977 2240 1074 2314 pariat
1104 2249 1133 2300 et
1155 2240 1340 2302 harmonicas
1368 2243 1490 2318 eificiut,
1523 2247 1576 2306 sed

232 2329 301 2402 quia
324 2329 371 2386 vel
396 2331 478 2404 origo
503 2333 633 2406 utrisque
657 2337 792 2405 cognata,
817 2326 864 2384 uel
879 2327 1035 2406 quantitas,
1051 2341 1103 2403 pro
1126 2345 1180 2386 usu
1195 2328 1292 2388 lutnro
1316 2335 1504 2405 conveniens,
1528 2335 1576 2394 vel

160 2437 163 2442 ·
232 2414 383 2491 dignitatis
412 2421 617 2493 praerogativa
645 2418 780 2492 utrinque
813 2429 887 2491 pene
915 2411 1026 2472 eadem.
1072 2413 1175 2490 Neque
1202 2418 1335 2478 varietus
1364 2426 1502 2483 motuum
1528 2440 1576 2481 cc-

192 2567 195 2571 ,
231 2505 432 2564 emtricorum
453 2505 723 2580 proportionaliter
744 2503 844 2562 oritur
866 2518 902 2560 ec
920 2501 1171 2574 proportionibus
1188 2504 1381 2579 repulerimus
1396 2523 1574 2586 corporum

232 2589 398 2648 distinctius
427 2591 574 2652 istasunt
605 2590 765 2651 efferenda:
798 2588 887 2648 oritur
917 2603 988 2645 sane
1011 2591 1140 2648 varietas
1167 2589 1268 2667 aliqua
1294 2601 1426 2652 motuum
1450 2613 1575 2672 propor-

233 2677 381 2736 tionaliter
411 2695 446 2740 cx
476 2681 663 2755 proportione
692 2693 845 2753 corporum
870 2673 1046 2749 regularium
1074 2672 1146 2755 (non
1174 2677 1253 2750 sola,
1286 2678 1339 2738 sed
1369 2684 1482 2742 sociata
1509 2699 1575 2743 cum

234 2764 300 2824 aliis
324 2765 438 2838 causis,
469 2767 635 2842 dequibus
662 2769 690 2827 in
715 2765 842 2840 Physica
865 2760 994 2822 Caelesti
1022 2780 1074 2822 scu
1098 2765 1175 2840 Epit.
1200 2765 1320 2826 Astron.
1346 2766 1410 2828 libr.
1433 2769 1513 2850 lV.)‚
1546 2782 1603 2836 atr

231 2852 305 2912 hacc
333 2853 462 2912 varietas
491 2857 597 2916 attinet
625 2863 722 2916 motus
751 2854 884 2910 binorum
912 2849 1096 2928 planetarum
1127 2854 1201 2912 inter
1223 2869 1256 2912 ae
1286 2867 1486 2932 comparatos,
1518 2876 1576 2918 nou

232 2941 335 2997 attinet
357 2948 454 2998 motus
479 2940 611 3001 diversos
635 2943 719 3000 unius
743 2938 877 3016 planetae
900 2939 1085 3008 eccentricos,
1110 2941 1139 2996 in
1162 2950 1303 3015 quantum
1326 2947 1489 3007 eecentrici.

318 3025 455 3086 Vicissim
479 3028 531 3088 illa
554 3021 695 3104 serietas,
726 3043 801 3102 quae
826 3032 869 3084 est
891 3026 921 3082 in
943 3026 1071 3083 motibus
1095 3025 1218 3086 dirersis
1242 3030 1328 3087 unius
1351 3031 1498 3108 planetae,
1522 3051 1576 3093 nc·
1638 3037 1641 3045 ⁴

234 3130 382 3191 quaquam
404 3119 494 3174 oritur
516 3134 551 3176 ex
575 3117 761 3193 proportione
783 3128 936 3190 corporum
957 3113 1143 3188 regularium,
1167 3113 1220 3176 sed
1234 3119 1325 3176 oritur
1344 3135 1379 3176 err
1394 3121 1459 3196 ipsa
1474 3123 1577 3198 cujus·

234 3219 291 3276 que
311 3201 460 3278 planetae
494 3207 715 3264 eccentricitutc.
769 3200 831 3260 Nec
861 3216 1007 3275 compono
1038 3201 1217 3262 harmonius
1244 3211 1373 3278 propter·
1402 3207 1578 3277 huiuamodi

233 3291 428 3363 uarietatem,
451 3290 502 3350 sed
526 3309 562 3352 ex
585 3291 641 3351 bac
664 3291 820 3358 varietate,
844 3286 874 3344 id
898 3295 944 3346 eat
964 3304 1001 3346 ex
1023 3291 1165 3360 motibus,
1199 3296 1322 3365 utraque
1346 3291 1381 3352 de
1405 3307 1496 3354 causa
1515 3296 1576 3354 dii·
1632 3283 1638 3290 ’

232 3375 392 3435 serentibus
416 3379 444 3433 in
468 3377 631 3452 celeritate,
660 3387 801 3453 tanquam
823 3391 859 3433 ex
881 3375 1011 3432 terminis
1035 3369 1249 3434 constituuntur
1273 3376 1318 3434 rel
1342 3381 1485 3439 resultant
1506 3400 1577 3458 pro-

132 3475 136 3480 '
232 3463 383 3538 portiones
406 3465 534 3539 eaedem,
559 3473 725 3542 quaesunt
748 3469 777 3522 et
799 3461 1056 3520 consonantiarum
1079 3464 1108 3516 iu
1131 3461 1260 3522 bumana
1275 3466 1395 3524 musica.
1442 3469 1578 3545 Denique

232 3552 320 3610 etiam
349 3549 398 3609 iric
429 3552 557 3624 inlleris,
588 3550 667 3628 quod
700 3549 834 3626 quamvis
866 3544 939 3603 libro
961 3545 1015 3604 IV.
1048 3551 1248 3624 proportiones
1279 3551 1348 3610 illae
1378 3553 1575 3628 harmonicae,

231 3655 308 3714 qnae
339 3637 453 3713 angulis
483 3640 630 3700 radiorum
663 3636 822 3696 conciliant
851 3631 1028 3704 elliceciam,
1059 3635 1176 3692 omnino
1207 3634 1396 3698 desumuntur
1427 3661 1446 3700 a
1474 3643 1576 3718 liguris

231 3725 342 3801 planis,
367 3741 424 3782 non
448 3734 544 3787 tamen
568 3729 632 3802 pari
655 3742 744 3800 passu
769 3720 982 3798 proportiones,
1008 3737 1082 3796 quus
1105 3723 1180 3782 inber
1203 3723 1385 3800 planetarum
1407 3737 1504 3790 motus
1527 3733 1576 3790 in.

233 3813 312 3884 veni,
332 3811 486 3898 ‘desumtae
508 3822 577 3872 srrut
599 3831 618 3872 a
639 3811 738 3886 liguris
762 3806 882 3879 solidis3
912 3820 1010 3868 essent
1032 3811 1108 3868 euim
1131 3808 1207 3870 eliae
1237 3813 1301 3888 ipso
1325 3821 1390 3874 ortu
1414 3827 1443 3875 et
1465 3818 1576 3893 figura-

231 3901 326 3969 tione,
357 3914 422 3956 cum
451 3908 548 3961 tamen
579 3900 716 3960 omnibus
745 3897 838 3955 tribus
861 3893 895 3964 3,
927 3895 999 3956 let
1023 3897 1041 3954 b
1065 3900 1266 3972 proportiones
1299 3900 1485 3964 harmonicae
1517 3911 1575 3966 sint

231 3985 353 4048 eaedem
376 3995 439 4044 ortu
463 3997 493 4047 et
515 3989 702 4058 formatione,
734 3985 790 4042 nisi
813 3977 892 4058 quod
921 3981 981 4042 alia
1009 3983 1114 4043 deinde
1137 3986 1175 4044 sit
1205 3986 1338 4062 supellex
1369 3995 1577 4055 concinnerunt

233 4077 263 4132 in
288 4075 324 4146 t,
359 4073 418 4132 alia
441 4077 469 4132 in
494 4077 511 4134 3
537 4086 566 4136 et
590 4077 617 4134 5.
664 4073 762 4148 Atque
790 4070 836 4127 his
866 4068 969 4129 iisdem
999 4073 1226 4132 correctionibus
1258 4079 1331 4134 meis
1361 4083 1509 4140 summarii
1533 4086 1577 4142 tui

232 4159 324 4220 multa
346 4163 465 4237 insuper
492 4161 558 4222 loca
580 4159 805 4238 comparationis
826 4164 909 4230 tuae,
942 4175 1018 4234 quae
1048 4161 1180 4234 seqnitur
1210 4179 1276 4238 pag.
1302 4165 1360 4238 38,
1393 4167 1488 4227 diluta
1510 4174 1574 4229 015.

232 4250 330 4311 stimo.
374 4248 450 4308 Nam
473 4267 538 4308 cum
561 4252 689 4327 epitome
711 4255 779 4306 tuae
794 4244 962 4306 harmoniae
977 4245 1151 4319 mundanae,
1175 4258 1378 4326 praeterquam
1400 4255 1479 4331 quod
1496 4258 1578 4318 illam

234 4353 300 4396 cum
323 4334 455 4394 doctrina
478 4355 544 4396 mea
567 4337 748 4412 comparavi,
771 4330 844 4392 nihil
867 4334 937 4392 milri
961 4350 1046 4409 porro
1069 4343 1203 4411 superest
1223 4341 1342 4414 negotii.

320 4422 376 4482 Ad
399 4427 728 4500 comparationem.
746 4430 809 4482 etc.
835 4435 912 4495 pag.
937 4416 1036 4500 38.⁵⁶)
1144 4463 1148 4472 .

321 4511 440 4572 Praeter
459 4512 521 4587 jam
546 4511 701 4588 dissipatas
723 4517 790 4570 tuas
814 4504 1016 4568 oblocutiones
1038 4508 1087 4568 bic
1109 4507 1196 4569 etiarn
1219 4511 1477 4576 contradictionem
1501 4519 1574 4578 mibi
1630 4569 1634 4583 ,

234 4599 401 4676 exprobras,
426 4599 504 4675 quod
529 4616 586 4658 uno
609 4599 675 4658 loco
698 4597 765 4656 libri
787 4601 844 4655 mei
863 4599 916 4666 (inl.
934 4600 978 4668 82)
1006 4612 1142 4656 recenseo
1157 4601 1333 4660 sententiam
1351 4601 1574 4681 Pythagoraeo·

233 4703 297 4744 rum
321 4684 356 4746 dc
380 4688 583 4765 benrporibus
606 4704 642 4748 ex
658 4686 771 4762 vulgari
788 4685 952 4759 traditione,
975 4683 1034 4742 alio
1059 4684 1124 4744 loco
1147 4689 1200 4758 (tol.
1222 4689 1281 4758 121)
1309 4688 1400 4750 dubia
1421 4709 1492 4752 usus
1506 4710 1576 4756 ora.
