3676 5536
295 407 355 466 190
480 377 483 382 Ι
823 397 863 453 De
881 397 1102 467 Propontionihus

290 581 432 656 superins,
458 580 601 639 excitatur
622 579 710 637 ctiam
733 585 762 636 et
783 577 914 636 elevatur
937 587 1051 651 cantus,
1071 581 1240 655 praesertim
1262 579 1287 635 si
1311 576 1348 637 ad
1370 585 1504 638 octavam
1526 595 1631 639 excur-

290 675 350 740 rat,
383 666 477 743 qualis
502 665 590 724 inisse
607 665 725 724 xvidetur
756 687 839 739 rrrpoe
861 663 962 742 ὀρθιος
985 675 1131 738 veterum;
1161 668 1185 722 si
1209 663 1334 740 denique
1364 669 1439 725 cirea
1462 667 1577 726 tertiam
1601 674 1630 726 et

203 815 206 826 ,
290 765 417 828 sextam,
450 761 481 812 ut
504 753 683 812 diatessaron
710 752 858 811 redactum
887 755 925 811 sit
947 755 977 810 in
998 753 1141 826 medium,
1171 751 1249 828 quod
1278 756 1307 810 in
1330 757 1421 829 primo
1449 762 1478 812 et
1500 753 1629 814 seeundo

289 841 466 917 frequentius
489 841 522 899 lit
544 857 631 916 quam
653 842 682 896 in
697 842 820 917 septimo
837 850 866 899 at
881 849 1003 914 octavo,
1028 841 1141 898 medius
1157 842 1246 898 etiam
1262 843 1477 918 promovebitur
1498 843 1628 903 allectus.

290 928 399 989 Crebro
421 938 519 988 autem
542 931 614 985 inter
635 945 667 985 sc
690 931 896 1004 permiscentur
918 928 974 987 hac
997 929 1126 988 aceleton
1149 928 1376 1000 articulationes,
1401 938 1432 987 ut
1455 931 1483 986 in
1507 929 1631 988 diversis

290 1019 420 1094 partibus
444 1023 546 1075 cantus
568 1017 626 1073 sint
647 1013 779 1076 diversae
802 1033 853 1092 pro
878 1019 1019 1074 varietate
1042 1025 1138 1074 textus
1161 1023 1190 1074 et
1212 1017 1328 1091 ingenio
1351 1015 1484 1090 artificis,
1520 1024 1630 1075 textum
1705 1052 1707 1065 ·

291 1113 378 1164 cantu
402 1106 556 1182 pingentis.

375 1191 417 1249 X.
441 1189 553 1264 Quodsi
576 1205 677 1247 verum
699 1197 751 1258 est,
775 1191 853 1264 quod
877 1189 997 1264 quidam
1019 1191 1137 1267 imparis
1153 1192 1263 1248 numeri
1287 1197 1372 1248 tonos
1387 1189 1411 1262 I,
1434 1189 1487 1262 III,
1513 1190 1547 1262 V,
1573 1190 1631 1247 VII
1719 1231 1720 1242 ,

208 1273 212 1284 ’
290 1279 398 1338 iaciunt
420 1278 547 1347 altiores,
572 1279 650 1354 paris
671 1275 710 1348 ΙΙ,
734 1275 786 1349 IV,
810 1277 861 1346 VI,
886 1275 961 1335 VIII
984 1277 1161 1350 humiliores,
1186 1280 1274 1336 etiam
1296 1287 1427 1355 respectu
1450 1277 1554 1335 radicis
1578 1295 1629 1335 oc-

290 1377 394 1434 tavae,
417 1374 494 1424 certe
517 1362 642 1423 altitudo
665 1363 820 1442 respondet
842 1367 1010 1422 excitationi
1033 1367 1131 1436 animi,
1157 1364 1337 1442 profunditas
1359 1365 1539 1422 demissionis
1564 1371 1630 1423 tuno

289 1471 359 1511 sene
383 1453 553 1511 distribuere
575 1453 733 1529 poterimus
757 1462 882 1526 quatuor
904 1452 1041 1510 classium
1064 1453 1185 1510 allectus
1208 1457 1236 1509 in
1261 1449 1368 1511 classes
1387 1461 1451 1511 octo
1476 1453 1632 1512 secundum

293 1548 377 1599 tonos
400 1540 539 1615 totidem,
571 1547 603 1597 ut
632 1538 739 1597 haheat
761 1542 901 1616 septimus
933 1542 1019 1612 iram,
1053 1540 1238 1614 violentiam,
1267 1539 1479 1612 fortitudinem,
1512 1548 1632 1598 octavus

290 1627 484 1701 hilaritatem,
507 1627 698 1700 alacritatem,
722 1627 901 1704 voluptatem
925 1641 1056 1700 acutam,
1080 1629 1181 1686 tertius
1205 1627 1334 1686 dolorem
1357 1637 1490 1699 acutum,
1516 1626 1630 1686 deside-

287 1717 376 1790 rium,
407 1724 528 1792 quartus
551 1716 664 1787 fletum,
694 1731 835 1788 amorem,
860 1719 968 1791 primus
991 1715 1197 1788 festivitatem,
1228 1717 1360 1793 nuptias,
1392 1717 1628 1788 comessationes,

289 1803 435 1862 secundus
457 1803 619 1862 modestam
641 1800 826 1875 hilaritatem,
849 1788 1005 1877 colloquid,
1031 1805 1230 1881 narrationes,
1252 1805 1369 1878 quintus
1386 1819 1554 1879 panegyres,
1578 1821 1630 1861 ex-

290 1890 495 1964 clamationes,
520 1891 672 1963 fiduciam,
695 1907 788 1966 spem,
813 1901 911 1949 sextus
936 1890 1139 1963 devotionem,
1165 1890 1294 1949 dolorem
1316 1908 1452 1966 magnum
1475 1900 1529 1949 cte.

376 1977 413 2036 Et
431 1979 494 2053 jam
517 1986 631 2054 tempus
654 1983 710 2050 est,
741 1987 774 2036 ut
796 1977 832 2035 ad
856 1979 1028 2054 principIum
1050 1986 1213 2037 revertatur
1236 1980 1339 2037 oratio.
1384 1978 1458 2036 Nam
1482 1977 1551 2053 illud
1576 1976 1630 2036 ad-

289 2065 451 2124 monendus
475 2075 519 2126 est
540 2066 632 2126 lector
653 2064 853 2141 philosophus,
878 2065 957 2140 quod
973 2067 1074 2124 musici
1090 2069 1180 2124 nostri
1208 2082 1307 2124 omnes
1330 2068 1492 2141 promiscue
1508 2065 1629 2124 affectus

290 2155 320 2210 in
348 2155 483 2214 omnihus
511 2156 588 2212 tonis
616 2155 790 2227 exprimunt,
819 2153 849 2209 id
878 2155 957 2228 ipsos
987 2156 1029 2211 ita
1057 2159 1085 2212 st
1106 2154 1215 2226 lacere,
1250 2156 1319 2229 quia
1350 2156 1442 2212 omnis
1465 2155 1629 2229 promiscue

273 2237 393 2300 'cautus
420 2241 601 2320 voluptatem
629 2241 704 2316 parit
731 2240 872 2311 auditori,
904 2240 1084 2298 alacritatem
1114 2243 1233 2316 requirit
1265 2243 1293 2297 in
1322 2250 1455 2313 auctore,
1489 2249 1518 2298 et
1544 2257 1630 2316 possa

287 2328 399 2402 iacere,
423 2333 493 2405 quia
515 2332 706 2388 instrumenta
728 2327 837 2387 ciendis
860 2327 1011 2386 affectibus
1034 2327 1117 2402 plura
1139 2337 1221 2400 sunt,
1245 2329 1351 2404 partim
1375 2331 1455 2386 initio
1478 2330 1629 2400 recensita,

289 2429 365 2492 qnae
387 2420 497 2492 passini
519 2433 571 2494 per
593 2433 692 2474 omnes
715 2418 877 2492 promiscue
907 2423 991 2474 tonos
1014 2415 1145 2474 adhiberi
1172 2425 1304 2491 possunt.
1351 2414 1382 2473 Si
1404 2426 1500 2474 tamen
1532 2418 1628 2475 omnia

288 2503 435 2579 praesidia
458 2503 621 2563 studuerim
642 2502 789 2575 adhihere,
812 2502 850 2560 ad
872 2501 948 2561 idem
971 2506 1113 2561 intentum
1136 2503 1283 2582 iaetantia,
1305 2519 1362 2562 uon
1385 2502 1467 2561 facilc
1483 2503 1630 2580 negligent

287 2599 421 2649 tonorum
445 2591 574 2651 delectus
596 2589 634 2649 ad
656 2589 812 2649 affectuum
834 2589 1010 2666 hypothesin
1038 2590 1167 2649 idoneos.
1212 2590 1324 2648 Verum
1346 2593 1367 2646 ii
1385 2589 1508 2648 uiderint
1531 2590 1566 2649 de
1582 2607 1627 2662 eo,

288 2677 367 2753 qnod
385 2687 428 2738 est
443 2679 559 2753 illorum
574 2680 657 2754 praxi
670 2679 858 2753 permissum,
881 2677 952 2735 mihi
968 2677 1108 2738 haetenus
1124 2677 1282 2738 theoretice
1304 2681 1479 2754 processisse
1497 2677 1628 2736 sufficiat.

838 2911 978 2982 CAPUT
1006 2909 1087 2981 xvi.

504 3057 591 3126 Quid
610 3059 656 3113 sit
675 3064 797 3114 cantus
815 3073 874 3126 per
891 3057 1115 3122 harmoniam,
1142 3071 1200 3110 seu
1218 3057 1409 3126 figuratus.

375 3204 437 3262 Etsi
461 3221 520 3263 vox
542 3204 694 3262 harmonia
716 3204 864 3262 veteribus
888 3210 1044 3278 usurpatur
1066 3219 1118 3278 pro
1143 3209 1246 3273 cantu,
1279 3219 1336 3260 non
1360 3207 1522 3261 esttamen
1547 3204 1630 3262 intel-

287 3291 407 3368 ligenda
428 3293 483 3351 suh
505 3291 562 3351 hoc
584 3294 700 3351 nomine
724 3289 883 3350 modulatio
907 3289 1077 3366 perplures
1101 3307 1202 3360 voees,
1237 3287 1404 3348 harmonice
1428 3301 1627 3349 consonantes.

287 3378 440 3439 Novitium
463 3382 540 3440 enirn
562 3381 711 3438 inventurn
736 3395 799 3437 esse
824 3379 1028 3452 veteribusque
1061 3377 1147 3453 plane
1176 3379 1355 3452 incognitum
1385 3384 1540 3437 concentus
1563 3379 1628 3455 pln-

233 3449 238 3474 '
287 3470 363 3526 rium
387 3485 492 3527 vocum
514 3469 544 3525 in
567 3475 707 3546 perpetua
729 3466 944 3526 harmoniarum
967 3463 1180 3530 vicissitudine,
1210 3464 1240 3521 id
1264 3465 1435 3540 probatione
1457 3465 1549 3523 multa
1572 3483 1627 3524 non

289 3556 408 3632 indiget.
454 3555 597 3614 Videatur
626 3554 682 3613 hac
710 3553 746 3614 de
769 3571 799 3612 re
823 3553 994 3612 Vincentius
1018 3550 1168 3610 Galilaeae
1199 3553 1228 3607 in
1252 3569 1339 3628 opere
1362 3551 1490 3612 Musicae
1516 3553 1627 3612 Italico.

286 3643 371 3704 Solet
398 3641 517 3719 quidem
546 3643 632 3718 objici
663 3642 804 3718 relegatio
836 3651 938 3699 cantus
968 3656 1023 3716 per
1049 3639 1229 3697 harmonian
1252 3659 1270 3698 a
1292 3639 1443 3715 republica
1465 3639 1628 3717 Platonica,

288 3734 372 3807 quasi
391 3732 454 3808 jam
476 3724 545 3790 tunc
567 3729 616 3789 ille
639 3731 741 3788 luisset
763 3731 792 3786 in
815 3745 884 3802 usu,
908 3736 938 3786 at
961 3726 1131 3800 intelligitur
1147 3726 1228 3785 locus
1246 3726 1281 3785 dc
1303 3729 1427 3803 organis,
1452 3726 1487 3786 de
1502 3729 1628 3804 syringa,

288 3818 422 3894 utriculo,
446 3817 607 3890 testadIne,
632 3833 697 3876 cum
720 3833 778 3874 una
802 3833 859 3874 vox
882 3826 933 3874 aut
954 3823 1095 3889 perpetuo
1118 3816 1231 3872 intonat
1254 3822 1305 3873 aut
1328 3816 1505 3888 intermittit,
1532 3815 1628 3874 locum

287 3907 391 3965 cedens
414 3906 658 3983 appropinquanti
684 3903 826 3962 dissonae.
872 3903 905 3962 In
929 3901 981 3960 illo
1004 3919 1083 3960 more
1106 3901 1218 3960 nullum
1242 3909 1303 3961 orat
1328 3901 1404 3980 apud
1429 3911 1541 3960 veteres
1565 3921 1629 3963 nra-

283 3993 332 4069 jus
356 3994 524 4067 artifiqum,
542 4010 628 4068 quam
652 3991 729 4068 apud
753 3999 867 4049 nostros
890 3989 1082 4048 utricularios.
1127 3989 1182 4047 His
1204 3987 1311 4048 ultiniis
1328 3990 1433 4048 seculis
1457 3990 1530 4050 haec
1553 3995 1626 4050 ratio

288 4081 411 4140 canendi
433 4081 559 4158 figurata
585 4079 650 4139 ideo
681 4078 736 4138 dici
760 4079 870 4155 coepit,
901 4079 971 4153 qula
1002 4079 1086 4152 primi
1110 4087 1242 4135 auctores
1272 4077 1482 4152 diagrammata
1505 4093 1563 4135 non
1587 4081 1628 4138 ita

285 4169 430 4242 simplicia
458 4168 601 4238 lecerunt,
632 4175 664 4226 ut
694 4175 761 4225 sunt
791 4168 819 4223 in
847 4163 957 4223 chorali
989 4172 1091 4235 earrtn,
1122 4163 1172 4222 sed
1197 4167 1286 4223 variis
1316 4167 1361 4222 usi
1387 4172 1453 4223 sunt
1474 4163 1576 4240 liguris
1599 4175 1627 4224 et

289 4253 433 4314 coloribus
457 4263 486 4314 et
508 4257 638 4332 punctis,
664 4271 786 4330 quornm
807 4255 954 4328 signorum
976 4251 1075 4326 aliqua
1098 4250 1259 4318 silentium,
1284 4252 1386 4328 aliqua
1407 4269 1510 4311 sonum
1533 4255 1626 4331 impe-

288 4344 362 4416 rant,
384 4343 529 4415 quaedam
550 4342 679 4419 longum,
702 4341 760 4400 alta
783 4341 914 4413 brevem3
938 4337 1037 4413 aliqua
1060 4338 1097 4396 ad
1121 4347 1214 4411 tonos,
1239 4339 1338 4414 aliqua
1362 4339 1400 4398 ad
1421 4339 1522 4399 modos
1545 4359 1627 4400 men-

288 4425 400 4483 surales
423 4429 680 4502 discriminandos,
704 4427 741 4488 ad
764 4429 864 4503 sugas,
888 4425 933 4501 ad,
948 4429 1135 4502 repetitiones
1159 4433 1187 4484 et
1209 4426 1316 4484 similia
1340 4427 1479 4486 adhibita.

374 4509 468 4572 Nobis
491 4519 577 4590 igitur
600 4527 756 4577 concentus
779 4515 963 4575 harmonicus
986 4516 1028 4572 sic
1051 4512 1222 4591 definiatur,
1253 4513 1333 4588 quod
1357 4517 1414 4573 sint
1437 4515 1530 4584 duae,
1560 4525 1624 4583 tres,

288 4603 414 4671 quatuor
437 4599 483 4656 rel
505 4603 602 4676 plures
625 4623 712 4664 voces
735 4619 785 4664 seu
809 4603 953 4663 melodiae
977 4605 1135 4660 concinnae
1159 4609 1187 4660 et
1210 4611 1306 4676 aptae,
1332 4601 1434 4678 quales
1456 4605 1551 4678 capite
1578 4605 1624 4660 13.

289 4683 507 4758 descripsimus,
536 4705 634 4749 omnes
663 4693 793 4768 eiusdem
815 4693 927 4766 generis
959 4689 1147 4764 ejusdemque
1177 4695 1228 4746 aut
1250 4697 1439 4764 cognatorum
1463 4687 1625 4768 modorum,

289 4771 332 4827 sic
354 4770 440 4828 simul
463 4771 637 4848 incedentes,
660 4787 692 4836 ut
714 4777 933 4838 concordantias
956 4783 1122 4838 autmarus
1145 4783 1196 4834 aut
1219 4775 1392 4834 brevissimo
1422 4781 1625 4836 concinnatum

291 4852 535 4916 dissonantiamm
556 4861 740 4937 interpuncta
761 4865 945 4926 fermentatas
966 4865 1083 4936 iaciant,
1106 4879 1164 4920 non
1188 4859 1237 4922 'eas
1253 4867 1350 4924 umen
1366 4873 1505 4939 perpetuo
1527 4875 1625 4926 tenore
