3732 5528
716 353 800 412 Liber
817 353 865 409 lll.
886 354 973 426 Caput
991 351 1038 408 lx.
1193 403 1198 413 .
1221 401 1223 408 ,
1491 345 1555 410 377
1581 433 1585 440 .
1630 429 1634 438 ι

205 543 289 584 εεεεε
307 527 384 585 nulla
402 536 452 597 ast,
471 529 611 598 cladeque
629 529 849 585 ratiocinationes
867 530 894 584 in
913 528 1055 599 disciplina
1073 523 1382 594 harmonicainjnrioaaa
1400 519 1428 577 in
1446 535 1559 576 sensura

204 607 320 664 auditus.
358 612 394 664 ht
411 607 509 678 barole,
528 613 584 683 tpm
604 608 635 664 12
653 607 689 664 ει
705 609 720 662 1
740 623 821 678 qnam
841 609 873 663 12
892 607 955 664 ad5
974 623 1029 662 nou
1041 613 1147 664 tanturn
1158 607 1228 660 inter
1240 603 1395 676 concinnas,
1413 599 1461 656 sed
1474 599 1556 670 plane

204 688 275 742 inter
293 703 427 744 consonas
445 687 636 758 proportiones
655 693 734 754 sunt,
758 685 859 757 quippe
878 703 938 742 cum
957 697 985 742 et
1002 685 1072 742 latus
1092 685 1258 754 dodecagoni
1282 693 1309 738 et
1330 681 1460 736 auhtenaa
1479 677 1555 748 qnin-

204 781 257 836 que
275 765 359 836 signis
377 767 432 822 sint
450 764 690 834 demonstrabiles;
715 772 743 820 et
760 765 883 820 abutitur
898 765 1003 820 ratione
1021 764 1206 832 Ptolemaeus,
1231 763 1253 818 ai
1273 765 1366 830 negat,
1385 759 1457 828 quod
1476 771 1555 812 anrcs

204 843 347 913 affirmant,
366 861 404 900 sc.
423 843 623 913 semiditonum,
641 845 687 914 qui
706 843 909 914 proportionem
928 845 947 899 6
963 843 997 898 ει
1016 845 1031 900 5
1051 843 1179 912 continet,
1201 847 1230 898 ει
1247 839 1379 909 diapason
1398 855 1459 894 cunr
1477 836 1555 892 sami·

207 921 308 990 ditono,
333 923 379 992 qui
401 921 432 978 12
450 921 484 976 ad
503 924 532 986 ι,
550 923 741 978 consonantias
759 937 827 978 esse.

294 1001 366 1056 Nota
385 1000 455 1053 Vlll.
492 999 623 1067 Superest
642 1000 736 1056 ultima
754 1001 836 1069 hnjus
855 1001 951 1070 eapitis
970 999 1150 1069 comparatio.
1171 996 1244 1066 quod
1263 1011 1323 1051 curn
1342 997 1418 1064 signa
1440 993 1495 1050 sint
1515 993 1554 1060 la,

203 1081 274 1136 sicut
292 1084 347 1135 tres
366 1087 431 1136 sunt
449 1077 554 1146 species
574 1077 752 1148 diatessaron,
773 1081 811 1135 sic
831 1082 912 1135 etiarn
931 1087 987 1133 tres
1006 1079 1062 1135 sint
1079 1079 1216 1146 signorum
1235 1073 1424 1144 quadranguli,
1442 1077 1470 1127 ει
1486 1071 1556 1126 sicut

201 1163 321 1226 quatuor
338 1157 477 1226 diapente,
505 1157 543 1210 sic
563 1157 642 1211 etiam
662 1167 780 1227 quatuor
797 1175 858 1216 esse
876 1157 1014 1228 signorum
1033 1154 1182 1225 triangula,
1207 1152 1252 1210 ubi
1271 1152 1339 1208 nihil
1356 1152 1458 1219 haheo,
1482 1147 1555 1220 quod
1612 1199 1615 1206 .

106 1285 116 1294 ,
205 1234 361 1290 Ptolemaeo
381 1250 414 1289 ex
433 1233 490 1289 suis
508 1235 647 1304 principiis
667 1247 816 1306 opponam
835 1236 950 1306 pulcher
967 1253 1034 1293 sane
1052 1250 1202 1307 responsus
1215 1243 1266 1290 est.
1285 1233 1308 1288 si
1325 1245 1387 1286 eum
1399 1230 1493 1284 rhetor
1509 1231 1556 1281 aut
1648 1269 1653 1280 ,

203 1319 285 1382 poeta
302 1311 401 1383 aliquis
418 1313 569 1383 intueatur,
592 1317 643 1370 etsi
662 1317 889 1386 comparationem
907 1319 966 1387 ipse
988 1319 1015 1372 in
1034 1317 1100 1371 ursis
1122 1309 1376 1370 ratiocinationibus
1400 1323 1453 1362 nou
1480 1305 1557 1361 adhi-
1637 1350 1639 1363 .

202 1393 391 1468 berem„quia
408 1393 473 1448 mibi
493 1394 608 1450 circulus
627 1413 680 1450 non
700 1405 802 1452 tantum
821 1397 849 1451 in
868 1395 995 1464 dodoau,
1021 1391 1168 1450 sedetiam
1187 1392 1214 1446 in
1233 1387 1428 1454 decatemcria,
1448 1393 1476 1440 ει
1493 1383 1551 1454 qni·

202 1472 265 1528 dem
284 1488 300 1526 a
318 1471 440 1541 quolibet
457 1473 533 1529 initio
553 1475 678 1530 dividuus
697 1485 752 1532 est.
772 1479 859 1546 eoque
877 1476 990 1532 fortuita
1009 1474 1115 1530 videtur
1132 1471 1178 1526 ille
1196 1469 1374 1541 conspiratio,
1393 1465 1556 1521 necessitate
1584 1529 1589 1537 ,

203 1551 321 1620 quadam
338 1551 451 1606 allorum
470 1554 689 1622 praecedentium
708 1569 888 1626 consequens,
915 1569 965 1611 nec
990 1552 1061 1610 ultra
1079 1553 1180 1623 primas
1198 1549 1390 1606 consonantias
1414 1559 1475 1600 sese
1493 1557 1556 1612 pro·

202 1630 301 1698 ferens,
319 1629 353 1684 ad
372 1630 445 1700 ipsas
465 1633 544 1686 etiarn
564 1642 668 1704 septem
689 1635 793 1704 species
812 1633 954 1705 disputem
980 1649 1041 1692 nam
1068 1647 1117 1689 sex
1135 1631 1223 1686 solum
1246 1627 1433 1700 oppositiones
1457 1624 1484 1678 in
1504 1620 1556 1676 cir·

201 1710 264 1764 cralo
282 1709 334 1764 hoc
352 1717 431 1780 pacto
457 1712 525 1765 sumi
544 1721 680 1781 poterunt.
717 1715 889 1770 Ptolemaeus
913 1713 1020 1784 quidem
1041 1717 1153 1766 excusat
1176 1709 1241 1766 boc.
1269 1705 1341 1776 qdod
1366 1705 1469 1776 primae
1492 1715 1555 1757 con·

99 1817 105 1822 ·
203 1789 346 1843 sonantius
365 1788 439 1844 solae
458 1789 512 1843 sint
529 1791 737 1861 incompositae,
765 1795 894 1864 diapason
919 1792 1071 1862 composita
1094 1807 1128 1844 ex
1147 1789 1208 1844 illie.
1246 1788 1328 1858 Atqui
1354 1787 1406 1841 hoc
1429 1780 1495 1838 nihil
1519 1778 1553 1833 ad

202 1867 362 1932 rhombum,
388 1877 429 1923 εει
450 1869 520 1924 enirn
538 1873 687 1927 communis
706 1873 859 1937 excusatio,
882 1887 937 1943 qua
954 1871 1000 1942 qui
1019 1871 1081 1925 velit
1099 1869 1152 1932 uri,
1178 1871 1201 1924 is
1220 1883 1268 1938 per
1287 1879 1380 1921 omnes
1399 1859 1554 1948 considera·
1582 1911 1586 1925 ,

201 1945 291 2000 ιιοεεε
310 1956 338 2000 ει
356 1950 572 2017 comparationes
589 1949 719 2020 diapason
739 1967 753 2006 e
772 1967 883 2006 narmero
902 1957 995 2021 posset
1014 1949 1142 2006 exinrere.
1168 1956 1263 2003 eontra
1282 1953 1373 2000 votnm
1390 1939 1553 2002 Ptolemaer;

202 2023 278 2080 nulla
297 2025 367 2080 enirn
385 2027 518 2081 connexio
537 2037 579 2083 εει
598 2030 678 2084 rnedii
696 2030 740 2083 hic
759 2029 868 2100 allegati
888 2047 949 2086 cum
967 2029 1149 2095 conclusione,
1176 2037 1204 2084 et
1221 2034 1315 2098 posset
1333 2021 1430 2091 aliquis
1448 2021 1554 2074 contra·

204 2102 273 2156 rium
292 2103 403 2158 inferre:
428 2106 450 2159 si
475 2113 518 2162 est
535 2111 715 2178 compositum
740 2111 870 2180 diapason
896 2125 930 2162 er
949 2109 1076 2178 diapente
1101 2115 1129 2162 et
1147 2107 1331 2170 diatessaron,
1356 2099 1450 2155 debuit
1474 2094 1554 2150 etiam

202 2196 344 2236 numerum
363 2181 464 2237 hahere
482 2188 661 2256 compositum
680 2205 713 2244 err
734 2189 852 2244 premeris
871 2188 1065 2243 elementorum
1084 2191 1100 2242 3
1119 2196 1146 2242 et
1163 2187 1186 2254 4,
1207 2192 1238 2240 ut
1256 2183 1356 2238 habeat
1373 2176 1482 2249 quidem
1499 2172 1555 2229 dia·

204 2273 292 2326 pason
311 2259 417 2328 species
426 2263 451 2332 7,
471 2272 610 2320 nrrmerum
630 2259 807 2336 compositum
826 2270 860 2322 ex'
878 2268 895 2324 3
914 2267 1084 2322 diatesseron
1107 2274 1135 2321 et
1153 2269 1170 2322 d
1189 2265 1327 2334 diapente,
1353 2275 1402 2316 our
1418 2271 1484 2326 arto
1501 2269 1556 2310 1¹⁰⁰

203 2338 285 2394 etiam
304 2338 483 2408 oppositionis
501 2355 565 2400 sunt
583 2347 599 2402 7
618 2347 780 2410 sanniones,
804 2351 917 2416 propter
933 2347 949 2400 l
968 2346 1030 2400 trini
1055 2357 1083 2400 ει
1100 2346 1117 2402 3
1136 2343 1260 2414 quadrati
1282 2335 1450 2397 sumtionoe?
1484 2331 1554 2388 ldibi

202 2415 313 2484 qnidam
335 2421 378 2470 εει
401 2415 429 2469 in
455 2430 561 2486 promtu
585 2425 741 2495 responsio,
769 2425 817 2480 εει
840 2439 910 2494 qnae
934 2439 988 2478 non
1006 2430 1049 2479 εει
1071 2431 1255 2480 consentanea
1276 2421 1340 2476 hnic
1361 2411 1556 2486 comparationi

202 2493 392 2563 ptolemaicae,
411 2509 448 2550 tc.
468 2501 603 2567 quianon
622 2503 661 2558 sic
680 2505 821 2573 oppositus
841 2519 873 2558 ex
892 2505 962 2558 trino
981 2511 1009 2557 et
1026 2504 1158 2572 quadrato
1178 2501 1356 2572 componitur,
1376 2501 1407 2550 ut
1425 2493 1555 2562 diapason

202 2587 236 2650 ex
254 2572 383 2642 diapente
401 2579 429 2627 et
447 2573 623 2650 diatessaron,
643 2580 691 2636 sed
710 2583 882 2652 componitur
899 2584 1042 2652 oppositus
1061 2599 1094 2637 ex
1113 2583 1185 2638 trino
1204 2589 1232 2637 ει
1250 2578 1352 2646 sextili,
1373 2575 1416 2629 rel
1436 2589 1471 2628 ax
1488 2572 1554 2628 dno·

201 2650 254 2706 bus
279 2652 432 2721 quadratie;
458 2661 485 2708 et
509 2673 572 2713 vero
597 2660 747 2722 sexangula
764 2661 901 2730 signoruni
926 2662 978 2716 drro
998 2671 1072 2733 sunt,
1100 2662 1154 2718 duo
1177 2677 1240 2717 vero
1264 2667 1291 2714 et
1316 2663 1432 2727 quatuor
1449 2651 1554 2708 tsclnnt

201 2743 264 2799 sex,
283 2732 322 2786 sic
341 2740 368 2788 et
386 2736 428 2792 bis
446 2738 506 2791 trin.

288 2813 476 2882 Quod-autem
495 2817 622 2887 diapente
640 2835 694 2874 non
713 2820 749 2874 sit
767 2785 918 2889 compositi
936 2820 1125 2888 consonantia,
1145 2825 1211 2888 puta
1229 2832 1262 2871 ex
1281 2813 1467 2872 consonantiis
1484 2811 1553 2870 aliis,

201 2889 272 2954 eive,
296 2891 369 2960 qnod
388 2893 459 2950 idem
477 2903 532 2963 est,
559 2895 631 2964 qnod
657 2913 712 2952 nou
731 2901 818 2968 possit
836 2899 918 2954 dividi
940 2901 966 2954 in
986 2899 1178 2955 consonantias
1196 2913 1226 2952 se
1245 2897 1376 2964 minores,
1400 2893 1427 2950 id
1454 2891 1552 2948 ialeurn
1647 2943 1649 2947 .

203 2985 374 3040 consequens
392 2982 434 3028 est
452 2974 487 3029 ad
504 2975 603 3031 falsum
621 2978 795 3032 antecedens:
816 2977 939 3034 ditonum
953 2985 980 3034 et
993 2977 1190 3044 semiditonum,
1210 2984 1301 3044 partes
1319 2973 1405 3044 ipsius
1417 2971 1556 3040 diapente,

200 3067 255 3113 non
275 3061 335 3105 esse
352 3055 556 3123 consonantiam
582 3053 647 3124 qnia
665 3071 701 3109 sc.
723 3055 896 3111 Ptolemaeus
915 3072 979 3112 suas
998 3056 1191 3112 consonantias
1215 3053 1274 3108 aliis
1297 3049 1436 3122 principiis
1459 3054 1487 3103 ει
1504 3063 1553 3103 nu·

201 3143 336 3184 rnerorarn
358 3130 467 3187 familiis
494 3148 635 3202 perperam
658 3133 766 3200 delinit,
793 3134 844 3188 viro
870 3134 1000 3190 infereus·
1013 3137 1124 3192 auribus
1147 3142 1195 3191 aut
1219 3141 1292 3188 certe
1311 3131 1391 3186 modo
1410 3124 1553 3198 loquendi3

202 3205 310 3262 omnino
328 3209 399 3264 enim
417 3210 471 3266 duo
490 3211 625 3266 elementa
642 3212 728 3281 ipsius
746 3212 886 3282 diapente,
906 3214 1014 3270 ditonus
1027 3221 1056 3269 ct
1067 3215 1253 3270 semiditonus.
1272 3223 1336 3266 sunt
1350 3207 1552 3266 consonantiae.

291 3285 415 3356 Denique
433 3287 592 3355 ἇευροιογια
612 3289 700 3345 estin
719 3291 770 3345 hac
789 3291 978 3360 philosophiae
992 3305 1078 3362 parte,
1099 3292 1302 3348 consonantiam
1315 3291 1446 3357 diapason
1465 3285 1554 3342 dicere

207 3365 397 3434 compositam,
416 3383 466 3436 pro
485 3383 528 3436 eo,
554 3368 626 3435 quod
646 3369 698 3424 dici
717 3368 823 3431 debuit,
846 3369 921 3424 illarn
940 3389 1000 3424 esse
1020 3371 1046 3424 in
1066 3369 1256 3426 consonantias
1274 3371 1390 3424 minores
1409 3365 1552 3422 dividuam.

203 3441 272 3498 llam
298 3444 321 3498 si
345 3455 421 3501 onus
445 3445 626 3503 conditionem
644 3447 786 3516 respicias,
814 3448 880 3502 nihil
900 3449 950 3504 hac
969 3451 1145 3505 cornonentia
1163 3451 1317 3506 identisona
1334 3447 1483 3516 simplicius
1501 3451 1553 3512 est,

203 3535 253 3576 uec
270 3525 356 3592 magis
374 3539 407 3578 ex
427 3523 596 3580 diatessaron
618 3535 645 3580 et
663 3527 789 3596 diapente
813 3529 967 3598 cirrnposita·
980 3530 1032 3584 dici
1051 3539 1155 3598 potest,
1180 3547 1261 3598 quaro
1285 3544 1384 3598 eorpus
1403 3543 1437 3582 ex
1455 3523 1553 3594 capite,
1662 3589 1667 3594 ,

204 3611 232 3656 ει
249 3609 357 3672 nuncu,
384 3605 447 3672 quia
466 3621 504 3658 sc.
530 3606 557 3658 in
576 3606 629 3660 istu
652 3604 798 3660 dividuum,
837 3605 891 3662 Sed
915 3624 965 3664 neo
989 3608 1159 3664 diatessaron
1185 3617 1213 3662 et
1231 3607 1357 3678 diapente
1381 3606 1415 3660 ob
1437 3605 1464 3660 id
1490 3611 1554 3660 auut

202 3681 403 3751 consonantiae,
421 3682 485 3750 qnia
503 3681 673 3738 constituunt
687 3684 785 3752 juncta
797 3684 937 3754 diapason,
956 3685 1004 3741 sed
1017 3687 1082 3756 quia
1093 3684 1234 3755 quodlibet
1247 3701 1280 3739 ex
1293 3700 1343 3739 sua
1354 3683 1454 3740 idonea
1466 3681 1554 3750 ligura

203 3762 319 3820 seorsim
334 3760 431 3828 oritur,
452 3770 482 3816 ut
500 3759 633 3831 explicari
651 3761 721 3818 libro
740 3777 799 3817 meo
817 3763 866 3818 lII.
885 3779 944 3833 cap.
964 3767 988 3820 l.
1006 3764 1070 3819 lolio
1089 3767 1129 3818 34.
1149 3765 1251 3834 (15·2.’,ι’

290 3859 442 3931 Explicatis
461 3858 543 3928 igitur
561 3859 603 3914 his
623 3860 729 3916 duobus
748 3862 895 3918 Ptolemaei
914 3863 1049 3934 capitibus
1073 3870 1101 3917 et
1120 3871 1229 3918 ostensa
1253 3860 1392 3930 multiplici
1416 3873 1552 3930 compara·

202 3939 306 3996 donum
326 3940 422 3996 har-um
440 3937 623 4008 absurditate,
650 3949 756 4010 tempus
775 3948 830 4008 est,
850 3951 881 3996 nt
900 3941 965 4010 quid
983 3941 1009 3994 in
1029 3941 1061 3994 iis
1080 3957 1186 4005 verum,
1211 3949 1324 3996 naturae
1341 3945 1552 3994 consentaneum

202 4031 229 4074 et
247 4019 356 4076 causele
375 4019 418 4088 sit,
437 4018 551 4074 seorsim
570 4020 597 4073 in
616 4028 763 4089 conspecta
778 4019 908 4077 collocem
921 4037 1107 4090 summamque
1121 4020 1165 4075 hic
1175 4019 1293 4090 aliquam
1305 4035 1454 4090 proponam
1468 4017 1552 4073 totius

200 4101 254 4156 tnei
271 4098 332 4153 libri
350 4099 449 4168 quarti.
486 4097 539 4152 Est
556 4107 646 4153 autem
665 4099 730 4152 istra:
756 4099 828 4167 quod
847 4099 952 4154 animus
970 4099 1121 4154 formaliter
1139 4097 1188 4152 sibi
1208 4099 1291 4154 hahet
1311 4099 1471 4169 impressum
1490 4095 1551 4152 aba·

198 4187 335 4234 ‘racterem
354 4176 449 4231 circuli
464 4177 675 4246 dgnrnrumque,
694 4193 763 4246 qnae
778 4177 906 4233 cuculum
921 4177 1045 4233 dividunt
1060 4178 1278 4247 demonstrative,
1297 4185 1324 4232 et
1339 4177 1552 4248 proportionum,

203 4273 269 4327 quas
287 4257 431 4314 constitnit
454 4255 570 4310 circulus
588 4264 663 4311 tutus
682 4273 742 4312 cum
760 4257 889 4324 arcubus,
913 4273 981 4327 quos
999 4258 1121 4326 singulae
1147 4259 1291 4327 figurarum
1315 4257 1403 4313 lineae
1429 4255 1552 4310 determi-

203 4345 274 4392 nant.
312 4339 378 4392 Cum
396 4337 479 4403 igitrn
496 4335 599 4404 ligures
616 4333 679 4390 lllae
697 4351 750 4390 nou
768 4345 873 4392 autum
892 4338 966 4392 entia
982 4337 1036 4392 sint
1053 4336 1210 4404 scientialia,
1230 4345 1262 4391 ut
1280 4337 1490 4393 demonstratum
1510 4341 1552 4390 est

203 4415 271 4472 libro
291 4419 310 4472 l.
331 4417 478 4473 sedetiam
497 4415 690 4484 proprietatem
709 4417 828 4472 habeant
846 4415 970 4474 eximiam
989 4417 1182 4486 congruentiae
1204 4425 1314 4472 mutuae
1333 4413 1501 4482 multiplicia,
1522 4422 1551 4468 ut

204 4507 341 4552 ostensum
360 4495 430 4551 libro
449 4496 485 4562 ll,
505 4511 538 4548 ex
558 4509 591 4550 eo
608 4495 711 4552 babent
727 4495 781 4550 hoc
792 4497 909 4559 animae,
929 4503 1031 4550 utnon
1050 4505 1155 4551 tmrtrnn
1173 4498 1325 4564 observent,
1347 4493 1549 4564 deprehendant

205 4577 401 4644 aestimentque
419 4572 610 4642 proportiones
628 4573 737 4628 εεειεεε
754 4589 845 4628 rerum
863 4575 1012 4636 sensilium.
1031 4575 1184 4644 quantitate
1201 4574 1418 4646 participantium
1438 4573 1549 4642 (specie-

203 4651 253 4706 hua
271 4667 365 4708 εεεεει
382 4667 546 4720 persensus
564 4651 710 4708 introrsum
729 4653 762 4707 ad
782 4652 887 4708 animae
906 4655 998 4710 limina
1017 4655 1143 4711 exhibitis
1162 4655 1252 4722 ibique
1270 4654 1341 4710 inter
1360 4667 1389 4708 se
1407 4653 1442 4708 ab
1461 4652 1550 4708 anima

203 4729 388 4800 comparatis),
416 4729 464 4786 εει
488 4730 568 4786 etiam
593 4746 622 4785 se
649 4732 722 4802 ipsas
746 4729 916 4789 coniorment
938 4731 965 4787 iu
991 4734 1047 4789 suis
1072 4731 1275 4802 operationibus
1302 4731 1336 4789 ad
1354 4731 1549 4802 praescriptum

202 4807 298 4866 talium
316 4809 533 4880 proportionum,
559 4818 588 4866 nt
606 4826 660 4882 qno
678 4808 818 4880 pulchrior
840 4817 882 4868 εει
904 4809 1097 4884 maumites
1113 4825 1206 4868 earum
1232 4819 1260 4868 et
1276 4827 1330 4882 qno
1348 4809 1548 4882 congruentior,
