3676 5536
201 403 205 412 ξ
308 321 370 384 906
540 393 543 404 ,
736 318 779 374 De
795 313 1020 387 Propertiouibus
1036 315 1213 374 Ηιιιιιιὶιιι.

308 495 385 558 burae
400 514 469 575 -ego
500 503 671 558 concentum
697 495 897 560 bameuicmu
927 498 1038 556 auctori
1061 495 1175 556 Bodino
1190 494 1288 556 'Gallo
1315 500 1448 574 remitto;
1477 515 1567 574 panes
1597 515 1652 558 nos

309 583 470 646 Germanos
495 585 609 662 iudicia
636 587 665 642 in
694 586 858 662 praecipuis
888 585 1055 644 civitatibus
1086 594 1115 644 et
1133 586 1301 661 provincis
1328 585 1430 662 procul
1452 594 1586 646 arcentur
1612 588 1652 645 ab

264 703 267 715 ·
308 673 475 750 hujusmodi
506 674 641 739 sordibus
659 689 726 732 ‘uec
758 670 834 732 nltrs
865 670 963 747 legum
996 674 1203 750 praescriptum
1223 673 1390 748 quicquam
1424 673 1493 733 licet
1526 675 1652 750 exigere.

309 755 344 841 8)
367 759 588 823 Haereditstum
618 759 781 820 distributio
814 758 978 834 aequabilis
1015 761 1045 816 in
1077 763 1175 837 capite
1208 777 1306 818 ιιιιι-
1328 763 1479 837 utriusque
1512 761 1652 821 erithone-

307 851 372 908 tiois
404 848 520 925 legibus
548 849 710 925 peragitur,
739 854 772 906 ut
794 847 905 922 origine
931 845 1069 922 aequales
1097 847 1331 925 proportionibus
1359 851 1447 908 etism
1470 850 1651 908 substantiae

307 937 344 997 ab
368 936 471 996 codem
491 944 573 1014 petre
596 933 712 995 relictae
734 942 904 1010 aequentur.
951 935 991 992 At
1014 935 1081 993 tium
1096 937 1166 1012 reip.
1190 935 1358 1010 consulitur,
1379 935 1503 1012 praedia
1518 936 1556 996 ad
1571 954 1652 995 mas·

308 1022 398 1098 culos,
423 1025 473 1100 qni
495 1023 615 1084 militiae
637 1024 820 1082 necessariae
843 1024 901 1081 sint
923 1024 1000 1100 apti,
1031 1023 1172 1098 pecuniae
1196 1021 1233 1082 sd
1256 1023 1379 1083 laminas
1402 1030 1431 1082 et
1453 1023 1490 1082 ed
1513 1040 1651 1100 personas

198 1169 202 1180 ,
306 1111 371 1172 Deo
393 1119 577 1172 comcmates
607 1109 803 1170 devolvuntur
825 1109 951 1185 dumque
978 1110 1163 1186 primogeniti
1185 1112 1288 1170 ceteris
1311 1111 1358 1170 vel
1380 1111 1483 1186 majori
1506 1114 1649 1187 portione,

307 1199 354 1260 vel
376 1201 464 1258 totins
478 1201 555 1258 essu
568 1200 753 1275 possessione
768 1197 976 1274 praeferuntur,
999 1197 1118 1272 reliquis
1136 1198 1183 1257 vel
1197 1199 1381 1274 portionibus
1400 1203 1475 1258 inter
1490 1215 1522 1258 se
1537 1216 1650 1274 aequa·

305 1285 388 1360 libus,
413 1286 458 1346 rel
481 1287 581 1362 legato
604 1285 650 1345 vel
673 1286 823 1346 usuiructn
845 1282 907 1343 solo
931 1284 1108 1361 providetur,
1132 1293 1164 1344 ut
1179 1287 1277 1361 imago
1292 1283 1437 1362 quaedam
1460 1288 1649 1364 principatus,

225 1376 227 1382 ’
305 1373 384 1434 utilis
405 1377 476 1450 reip.
501 1377 531 1432 in
552 1372 687 1447 familiis,
711 1377 870 1448 statuatur3
901 1370 930 1429 id
952 1371 986 1430 fit
1008 1373 1169 1432 rationibus
1192 1373 1381 1446 harmonicis,
1406 1391 1484 1450 quae
1507 1373 1649 1433 interdurn

306 1459 394 1522 durae
416 1467 485 1520 sunt
506 1460 663 1522 admodum
685 1467 715 1520 et
738 1459 928 1532 dissonantes,
953 1459 1050 1536 quoad
1072 1459 1212 1536 singulos,
1240 1462 1350 1537 quippe
1372 1462 1489 1520 turbata
1511 1462 1650 1527 aritbrne-

306 1549 364 1608 tica
386 1548 575 1627 esqualitate,
598 1547 636 1608 ad
658 1549 908 1608 conservationem
932 1556 1028 1606 tamen
1052 1549 1205 1608 universae
1228 1550 1356 1610 civitatis
1380 1551 1554 1626 conspirant.

391 1634 497 1696 XXII.
519 1635 554 1696 ln
577 1634 710 1714 populari
740 1637 876 1711 imperio,
906 1633 986 1710 quod
1009 1653 1044 1694 ex
1073 1635 1255 1695 arithmetica
1283 1635 1461 1712 aequalitate
1485 1639 1650 1696 conforma·

304 1730 366 1783 tum
389 1731 442 1799 est,
466 1730 495 1784 et
517 1725 557 1784 in
570 1725 752 1800 optimatum,
776 1721 855 1800 quod
877 1738 913 1782 ex
934 1723 1111 1799 geometrica
1132 1720 1336 1797 similitudine,
1359 1739 1472 1810 saepe
1471 1733 1568 1784 ιιιιιιιι
1592 1725 1650 1784 ali-

305 1827 380 1888 qua
386 1812 661 1889 contemperationis
681 1813 756 1874 ratio
779 1809 910 1870 babetur.
955 1807 996 1869 Ut
1017 1827 1082 1869 cum
1097 1810 1247 1890 populus
1239 1828 1301 1887 rpse
1317 1827 1411 1871 rerum
1425 1819 1530 1888 potens
1545 1797 1648 1889 sponte

304 1915 359 1960 sua
381 1901 509 1976 patriciis
538 1901 721 1976 potissimum
752 1897 892 1970 bonores,
923 1900 1125 1974 magistratus,
1154 1897 1317 1959 sacerdotia
1342 1897 1479 1974 mandat,
1511 1906 1563 1959 aut
1585 1916 1649 1959 cnm

305 1987 460 2064 optimates
482 1987 597 2064 plcbmu
619 1986 761 2046 bonorum
783 1983 986 2045 nonnullorum
1002 1987 1171 2062 participem
1190 1987 1311 2061 iaciunt,
1333 1986 1563 2046 fructuosissima
1583 2003 1649 2046 mu·

217 2081 219 2087 '
303 2091 374 2134 uera
402 2075 472 2134 solis
498 2069 623 2153 plebeiis
646 2072 824 2144 concedunt,
855 2072 976 2148 injurius
1005 2074 1046 2132 eis
1074 2075 1113 2133 ab
1136 2073 1325 2150 optimatibus
1348 2072 1445 2134 illatas
1474 2072 1646 2152 gravissime

304 2161 498 2236 nlcbeuutur,
525 2161 691 2224 libertatem
720 2162 851 2222 tribuunt
870 2159 1055 2219 fruendarum
1078 2160 1279 2238 voluptatum,
1307 2177 1384 2238 quae
1413 2178 1464 2238 per
1480 2179 1518 2238 ¹se
1541 2169 1647 2222 ιιιιιιιι

303 2247 474 2326 popularem
495 2253 581 2327 sepit,
603 2248 733 2326 suffragii
756 2246 903 2325 quoddam
922 2249 973 2324 jus
988 2247 1068 2324 plebi
1091 2251 1260 2325 permittunt
1283 2251 1311 2307 in
1329 2248 1492 2310 candidatis
1511 2267 1546 2309 ex
1562 2261 1648 2327 gente

304 2338 478 2416 optimatum
500 2345 579 2398 certo
602 2353 721 2398 numero
743 2334 960 2414 nuncupandis,
990 2353 1025 2394 ex
1048 2352 1108 2412 quo
1130 2353 1249 2396 numero
1280 2338 1336 2413 ipsi
1358 2345 1462 2412 postea
1485 2340 1647 2416 optimates,

303 2426 411 2500 quibus
438 2423 555 2500 volunt,
585 2416 772 2502 magistratus
803 2422 932 2482 credunt.
977 2421 1060 2498 Quae
1091 2426 1253 2484 communio
1284 2424 1424 2501 quamdiu
1453 2434 1558 2502 sponte
1586 2427 1648 2502 ejus

304 2511 422 2586 ordinis,
444 2529 534 2590 penes
556 2529 644 2589 quem
666 2527 809 2580 summum
832 2518 877 2570 est
899 2513 1064 2587 imperium,
1089 2514 1235 2586 consistit,
1260 2514 1453 2572 suavissimus
1476 2513 1647 2573 concordiae

305 2601 414 2660 civium
443 2607 601 2660 concentus
628 2599 728 2674 durat3
760 2606 791 2658 at
819 2601 845 2656 si
875 2605 1042 2670 revocetur,
1074 2600 1197 2674 primum
1219 2599 1356 2677 querelae
1384 2608 1534 2676 emergunt
1557 2603 1646 2676 partis

303 2686 456 2762 multatae,
489 2685 594 2746 deinde
616 2685 797 2770 discordiae,
822 2688 907 2762 quasi
929 2685 1046 2746 turbato
1070 2693 1223 2761 concentu,
1255 2686 1379 2765 denique
1410 2687 1457 2746 rel
1480 2688 1648 2748 transfertur

214 2839 215 2844 γ
302 2775 456 2850 imperium
479 2773 527 2834 rel
549 2781 612 2834 tota
634 2776 738 2836 civitas
760 2773 894 2833 hostibus
916 2773 1086 2832 succumbit
1132 2773 1212 2836 Idem
1237 2775 1272 2834 de
1291 2776 1371 2851 regio
1387 2781 1476 2858 stetu,
1499 2778 1545 2834 cui
1562 2776 1646 2835 lami·

303 2861 384 2920 liaris
407 2871 452 2922 cst
472 2859 640 2921 barmoniae
661 2863 744 2935 ratio,
768 2858 924 2921 tenendum
946 2863 1008 2933 erit,
1032 2863 1060 2918 in
1085 2879 1143 2938 quo
1167 2879 1241 2920 unus
1263 2869 1404 2938 quantum
1428 2865 1532 2923 ceteris
1553 2865 1646 2922 omni-

305 2949 359 3007 bus
381 2955 524 3025 praestat,
553 2957 665 3009 tantum
693 2951 780 3009 etism
808 2948 889 3008 solus
911 2965 1055 3007 summum
1082 2949 1130 3023 jus
1154 2950 1265 3026 imperii
1294 2949 1441 3026 possidet3
1473 2953 1565 3010 ceteri·
1594 2949 1646 3010 sub

305 3035 355 3098 illo
378 3036 488 3112 degunt
509 3037 691 3097 arithmetica
712 3035 899 3112 aequalitate.
944 3035 1008 3095 Hae
1031 3039 1118 3112 igitur
1147 3039 1176 3094 in
1199 3037 1318 3114 politiae
1343 3038 1436 3097 forma
1464 3045 1561 3112 potest
1577 3055 1646 3098 esse

303 3122 486 3198 gubernandi
507 3126 582 3185 ratio
605 3128 692 3184 trium
712 3140 859 3200 generum,
884 3122 963 3200 quod
985 3141 1073 3200 supra
1096 3125 1184 3184 etiem
1206 3123 1261 3184 No.
1285 3124 1341 3184 IX.
1366 3125 1573 3201 tangebamus,
1596 3123 1646 3184 sed

305 3208 364 3269 illic
392 3209 429 3271 de
452 3229 496 3284 re,
506 3212 573 3301 bio
594 3212 630 3272 ds
652 3214 783 3288 personis
814 3229 881 3271 ιιι
888 3209 1052 3285 ordinibus,
1082 3213 1150 3289 reip.
1175 3212 1326 3288 membris,
1357 3217 1481 3289 egimus
1525 3213 1601 3272 Nam
1623 3214 1647 3272 si

305 3299 403 3358 emnia
424 3261 524 3358 mucia
545 3317 595 3360 rex
618 3316 654 3360 ex
676 3316 771 3375 aequo
795 3300 994 3372 communicet,
1018 3254 1099 3357 ndlla
1121 3295 1307 3360 distinctione
1328 3300 1490 3360 nobi-litatis
1513 3319 1532 3360 a
1553 3300 1646 3380 plebe,

304 3385 455 3461 popularia
476 3390 530 3446 erit
551 3395 581 3447 et
602 3387 801 3446 arithmeticae
824 3385 925 3446 similis
947 3385 1118 3459 moderatio,
1141 3402 1198 3447 uon
1222 3387 1328 3448 decors
1346 3388 1491 3465 majestati
1507 3405 1646 3459 summae,

305 3475 414 3550 quippe
435 3491 566 3534 summus
588 3476 651 3551 ipse
674 3491 738 3534 cum
761 3473 860 3533 infima
881 3473 963 3534 iaecs
985 3474 1179 3550 copulabitur,
1202 3475 1284 3534 nullo
1304 3475 1401 3536 medio
1424 3476 1577 3552 interjecto
1601 3493 1647 3534 or·

304 3559 379 3634 diere,
404 3561 483 3638 quod
505 3569 611 3622 nature
632 3571 728 3623 tamen
751 3569 840 3621 amat.
865 3559 959 3636 ·Quin
983 3563 1040 3620 imo
1064 3564 1142 3622 cives
1171 3579 1331 3638 generosae
1353 3562 1460 3622 indolis
1482 3581 1575 3638 regno
1598 3579 1648 3623 ex·

305 3649 417 3723 cedent,
440 3651 467 3707 si
489 3649 587 3710 nullus
609 3650 724 3726 generis
746 3655 903 3726 respectus.
949 3647 999 3708 Sin
1013 3650 1110 3708 omnia
1126 3649 1254 3710 conterat
1274 3653 1304 3708 in
1319 3649 1512 3725 nobilitatam,
1535 3651 1648 3710 seclusa

304 3737 422 3812 penitus
443 3735 544 3813 ριιιι,
572 3738 750 3813 geometrica
772 3737 846 3820 baec
867 3735 1027 3812 imperandi
1049 3735 1143 3795 forma
1165 3739 1233 3812 erit,
1263 3737 1315 3797 sed
1340 3737 1504 3815 periculosa
1529 3745 1558 3798 et
1581 3739 1647 3798 bar·
1692 3735 1697 3746 '

303 3824 419 3886 monice
440 3826 586 3884 suavitate
609 3841 728 3900 ιιιιιις
755 3823 881 3904 populus
910 3825 987 3882 enim
1016 3823 1129 3902 pollens
1152 3825 1351 3900 magnitudine
1379 3825 1497 3886 undem
1520 3825 1647 3887 offensus

302 3911 485 3973 nobilitatem
507 3912 726 3988 magistratibus
749 3921 778 3972 et
800 3911 969 3986 bonoribus,
992 3928 1089 3987 regem
1113 3913 1207 3990 ipsum
1238 3915 1360 3991 imperio
1384 3913 1568 3990 exspoliabit
1613 3913 1649 3972 Et

302 4001 438 4077 quamvis
461 4001 598 4078 argutius·
615 3997 773 4075 distinguat
795 3999 959 4060 moderator
982 3998 1097 4059 ordines
1121 4002 1150 4058 in
1171 3999 1269 4077 plnres
1292 4001 1413 4077 gradus,
1437 4001 1600 4078 distinguat
1621 4011 1648 4060 et

301 4083 416 4162 munis',
440 4089 466 4146 si
488 4095 585 4148 ιιιιιιι
609 4089 714 4163 cuique
737 4086 828 4146 ordini
850 4103 905 4146 ιιι
926 4085 983 4148 soli
1005 4093 1166 4160 conservet,
1190 4096 1222 4146 ιι
1237 4087 1349 4149 Romae
1364 4089 1529 4148 tribunatus
1550 4089 1646 4165 plebis

302 4176 394 4238 solius
416 4184 495 4249 erat,
524 4174 695 4236 consulatus
716 4176 902 4251 patriciorum
925 4179 1050 4248 tuntum,
1080 4174 1282 4235 alienabuntur
1307 4178 1345 4236 ab
1367 4177 1493 4236 invicem
1524 4176 1648 4244 ordines,

303 4278 357 4322 uec
377 4261 460 4348 iirms
488 4265 615 4324 interm
637 4261 826 4324 concordia
819 4279 848 4320 ιιι
876 4277 965 4320 unum
994 4278 1096 4340 corpus
1125 4263 1300 4324 coalescent.
1344 4263 1420 4324 Nam
1450 4267 1551 4324 munia
1573 4265 1647 4324 inie-

302 4351 411 4408 riorum
433 4353 584 4428 cumipse
609 4351 709 4410 ordina
732 4357 971 4423 contemnentur,
984 4348 1058 4409 adeo
1083 4358 1114 4408 ut
1138 4346 1247 4411 Romae
1270 4351 1448 4410 tribunatum
1470 4368 1571 4428 gerere
1592 4368 1647 4429 pc-

303 4435 401 4496 triclus
423 4454 480 4497 nou
503 4440 638 4518 potuerit,
661 4439 718 4496 nisi
740 4436 853 4532 ejurata
874 4436 1037 4510 nobilitate,
1062 4443 1091 4496 et
1114 4453 1178 4496 oum
1195 4440 1364 4499 extorsisset
1381 4438 1541 4516 aliquau'do
1566 4439 1645 4518 plebs

305 4523 509 4601 consulatum,
532 4533 630 4587 ιιιιιιι
662 4524 770 4604 plebeji
800 4511 969 4586 consules
961 4525 1017 4602 rpsi
1048 4525 1131 4603 pauci
1159 4542 1280 4585 numero
1311 4526 1426 4624 plebem
1450 4525 1555 4587 ιιὶιιᾱι
1578 4543 1648 4586 con-

303 4616 472 4672 temnerent.

391 4697 502 4760 Harum
525 4699 754 4777 disputationum
775 4699 872 4760 ideam
894 4698 1026 4760 Bodinus
1047 4700 1077 4758 in
1099 4703 1226 4760 numeris
1247 4702 1397 4779 proponit,
1422 4708 1451 4761 et
1472 4703 1596 4778 primurn
1618 4701 1646 4758 in

304 4781 350 4844 hia
372 4787 407 4863 4,
437 4787 472 4862 6,
505 4789 535 4871 i,
578 4787 636 4848 Hic
658 4789 677 4846 t
699 4805 795 4866 regem
824 4793 1037 4864 repraesentat,
1068 4787 1309 4864 (inobilitutem,
1338 4790 1470 4866 interque
1499 4789 1554 4849 bos
1583 4804 1647 4849 esse
