3732 5528
837 385 978 458 Apologia.
1516 381 1578 443 443

235 561 264 620 et
289 560 331 620 sic
354 555 389 621 de
413 565 525 624 ceteris.
572 561 603 645 3)
627 561 737 640 Quodsi
761 582 846 654 urges
869 566 1087 627 similitudinem
1110 569 1200 637 tuam,
1224 570 1255 621 ut
1272 558 1378 622 claudo
1400 559 1488 619 etiem
1504 557 1579 636 pede

233 655 376 724 properet,
400 647 446 710 dic
469 667 587 726 quaeso,
613 651 759 729 quodnam
783 672 819 713 ex
841 655 989 714 concinnis
1006 669 1155 758 compares
1180 649 1370 710 comunitate
1393 660 1483 707 cansa
1497 647 1579 722 ptio-

233 734 351 794 ritatis?
396 737 480 798 Anne
503 754 561 797 uou
592 757 680 799 unum
703 743 846 820 primurn,
876 742 927 802 sed
951 744 1048 801 omnia
1070 743 1126 801 tria
1149 735 1234 797 simul
1255 739 1383 796 existunt
1415 742 1483 794 ante
1507 751 1579 792 con-

233 823 406 882 sonantias?
452 825 488 884 Et
517 841 567 885 cur
593 843 652 886 non
678 827 778 904 plura,
811 845 870 888 nou
893 829 1057 906 pauciora?
1098 827 1138 886 Et
1161 841 1248 902 quam
1272 825 1309 884 ob
1333 837 1451 883 causam
1472 821 1578 899 quod

235 903 354 970 libet?
376 911 511 990 Denique
534 930 610 1018 quae
633 932 723 974 causa
745 915 920 994 triplicitatis
950 921 978 976 in
1002 919 1067 994 ipso
1090 913 1178 975 omui
1221 910 1311 972 Hisce
1338 911 1481 987 angustiis
1502 908 1578 969 libe

231 1005 313 1056 ratur
334 999 367 1071 is,
391 1001 440 1075 qui
464 1003 609 1066 concinna
629 1001 746 1077 singula
769 1003 870 1064 definit
885 1022 950 1065 esse
975 1004 1151 1064 differentias
1167 999 1421 1060 consonantiarum
1438 997 1578 1072 binarum,

206 1087 343 1164 ‘priores
366 1095 498 1149 statuens
521 1091 744 1164 consonantias,
777 1101 839 1151 tum
862 1091 977 1153 demum
1006 1093 1086 1170 ipsas
1110 1089 1222 1149 differre
1252 1087 1418 1162 intelligens
1444 1083 1579 1144 d'rti'eren
1657 1098 1660 1108 ¹

233 1175 362 1250 tiamque
390 1172 447 1234 hoc
474 1173 590 1236 nomine
619 1179 751 1236 concinni
783 1177 965 1258 indigetans,
996 1196 1062 1240 nam
1094 1195 1146 1256 pro
1176 1175 1345 1235 diversitate
1377 1174 1509 1248 bigarum
1532 1169 1581 1230 di

232 1275 320 1320 versa
349 1257 392 1318 ilii
414 1263 573 1338 gignuntur
595 1267 751 1340 concinna3
782 1267 908 1344 denique
931 1270 1059 1327 omnium
1089 1265 1286 1344 quaesitorum
1311 1277 1416 1322 causas
1445 1260 1581 1337 expediat

232 1367 268 1409 ex
292 1347 347 1407 hoo
371 1357 436 1408 ortu
459 1352 617 1428 assignato.
663 1351 720 1412 Hic
748 1361 780 1414 tu
802 1355 895 1414 multa
917 1355 1079 1428 interseris,
1110 1368 1186 1431 quae
1209 1349 1372 1427 dispeream
1404 1347 1429 1406 sl
1453 1346 1579 1424 videam,

233 1433 381 1512 quomodo
405 1453 518 1497 mecum
539 1448 688 1516 pugnent3
711 1457 787 1517 quae
810 1446 882 1520 quia
902 1461 949 1503 me
972 1458 1030 1503 non
1053 1443 1184 1512 attinent,
1208 1452 1303 1514 neque
1327 1433 1460 1509 deiende,
1484 1453 1579 1513 neque

232 1523 335 1583 refuto.

320 1611 497 1674 Aberrrdum
518 1613 611 1692 foret,
643 1615 755 1691 inquis,
784 1623 903 1692 puncto
931 1617 1067 1676 deriemi
1098 1636 1119 1674 a
1140 1615 1235 1674 lineis.
1281 1610 1367 1671 Nora
1388 1609 1580 1673 similitudine

232 1715 347 1776 pugnas
370 1703 498 1760 omnium
522 1700 725 1762 dissimillima
771 1702 915 1764 Punctum
945 1710 974 1764 et
995 1703 1074 1763 linea
1106 1709 1169 1762 toto
1191 1699 1296 1778 genere
1325 1698 1475 1773 differunt,
1505 1698 1579 1760 illud

231 1795 321 1863 negat
342 1779 543 1863 quantitatem,
567 1789 624 1850 hoe
646 1793 696 1848 ait
742 1790 892 1852 concinna
915 1801 943 1852 et
966 1808 1096 1852 consona
1118 1791 1172 1849 sub
1195 1783 1298 1848 eodem
1317 1787 1450 1864 proximo
1473 1803 1579 1864 genere

231 1877 451 1952 proportionum
474 1879 665 1936 continentur.
712 1877 748 1937 Et
771 1886 868 1939 tamen
892 1887 925 1939 ut
946 1877 1007 1937 heri
1030 1879 1106 1939 solet
1127 1877 1156 1935 in
1180 1875 1285 1954 plano,
1314 1880 1347 1933 ut
1369 1880 1477 1952 puncta
1500 1881 1579 1935 certa

233 1961 457 2022 determinentur
486 1979 627 2024 concursu
658 1964 815 2039 linearum,
849 1967 898 2026 ubi
928 1966 1024 2026 lineae
1054 1967 1140 2026 binae
1163 1965 1274 2042 priores
1297 1968 1364 2021 sunt
1394 1967 1504 2037 puncto
1526 1951 1579 2023 illo

233 2065 324 2108 causa
347 2052 392 2108 sui
417 2049 599 2111 determinati
622 2055 705 2126 situs,
729 2055 771 2112 sie
794 2055 883 2114 ctiam
906 2071 941 2114 ex
965 2055 1163 2114 consonantiis
1192 2051 1269 2110 binis
1292 2067 1387 2108 unum
1406 2053 1578 2110 concinnum

222 2136 449 2210 determinatur,
473 2138 503 2197 id
519 2139 597 2215 quod
614 2139 924 2201 declarationissoium
941 2159 1031 2202 caum
1043 2140 1151 2200 dictum
1163 2138 1241 2213 volo,
1266 2153 1324 2196 non
1339 2137 1531 2212 probationis.
1540 2133 1580 2218 ⁴⁹)

320 2223 487 2301 Sequuntur
511 2227 683 2286 Cimmerias
714 2229 868 2304 tenebrae;
898 2229 1018 2306 ignosce
1040 2227 1168 2287 Roberte
1201 2225 1354 2286 obtusitati
1384 2231 1487 2302 captus
1511 2227 1578 2290 mei.

234 2311 267 2370 ln
292 2311 391 2388 figuris
414 2313 510 2390 planis
534 2314 700 2374 consideras
722 2317 867 2390 trigonoe.
891 2324 926 2375 nt
948 2315 1124 2376 elementum
1147 2313 1304 2390 figurarum
1325 2310 1579 2388 simplicissimum,

232 2402 261 2456 in
275 2401 399 2477 ,trigono
423 2401 563 2460 observas
587 2401 688 2477 lineas,
712 2419 785 2478 quas
808 2412 904 2482 partes
928 2404 1034 2480 trigoni
1057 2401 1198 2481 appellas,
1220 2401 1250 2458 in
1266 2400 1352 2458 lineis
1370 2406 1488 2476 puncta,
1513 2404 1581 2476 qui-

231 2488 294 2546 bus'
310 2487 381 2546 ilias
403 2491 584 2549 concurrunt.
630 2487 699 2549 Jam
723 2493 928 2550 consonantias
952 2491 1052 2568 figuris
1068 2506 1228 2567 comparas,
1252 2493 1353 2547 tonum
1376 2485 1481 2548 lineae.
1519 2490 1581 2547 Es-

233 2576 418 2650 spectabam,
451 2585 484 2636 ut
518 2578 593 2636 sicut
624 2593 642 2634 a
671 2579 793 2652 trigonis
822 2579 948 2655 ligures,
980 2581 1023 2638 sic
1057 2597 1075 2638 a
1104 2579 1181 2636 tonis
1210 2575 1416 2636 consonantias
1445 2577 1581 2653 componi

232 2679 394 2736 assereres;
426 2659 482 2722 boc
498 2661 581 2724 ¹eninr
605 2662 759 2725 videbatur
780 2669 924 2741 requirere
954 2667 1088 2725 instituta
1114 2665 1188 2724 ratio
1212 2661 1427 2736 similitudinis,
1459 2664 1580 2740 Jamque

231 2749 377 2808 habebam
408 2751 436 2807 in
460 2768 526 2822 ore,
560 2749 708 2827 quidhoc
731 2751 837 2812 dicenti
864 2771 1041 2829 reponerem.
1089 2753 1128 2810 At
1158 2760 1263 2823 tonus,
1292 2757 1324 2807 ut
1347 2749 1454 2823 rideo,
1485 2750 1580 2810 lineae

232 2843 431 2913 comparatur,
463 2846 496 2897 ut
518 2840 593 2897 sicut
615 2841 644 2897 in
667 2839 767 2916 figuris
789 2839 1020 2918 multiplicantur
1041 2839 1150 2912 latera,
1181 2840 1224 2898 sic
1246 2839 1274 2898 in
1298 2840 1496 2898 consonantiis
1519 2841 1581 2898 toni

231 2923 432 3002 intelligantur
447 2929 587 2985 acervari.
632 2926 673 2984 At
688 2927 757 3001 qnid
773 2942 847 3005 opus
863 2935 915 3001 cst,
938 2927 1075 3000 Roberte,
1100 2935 1193 2986 ortum
1210 2925 1464 2986 consonantiarum
1481 2943 1581 2986 eruere

231 3011 267 3072 dc
289 3029 368 3072 noro
391 3027 426 3071 ca
448 3013 591 3073 similibus
613 3013 861 3086 claudicantibus,
893 3033 957 3094 cum
980 3017 1020 3074 sit
1042 3017 1071 3072 in
1093 3022 1209 3092 promtu
1239 3011 1383 3090 genuinus
1405 3019 1435 3074 et
1457 3015 1580 3074 verissi-

232 3117 297 3159 mus
322 3115 421 3158 earum
446 3109 525 3159 ortus
549 3119 584 3160 ax
608 3103 736 3161 sectione
760 3101 886 3163 chordae
909 3103 1070 3175 circularis,
1101 3119 1176 3179 quae
1199 3101 1231 3160 lit
1254 3117 1305 3178 per
1326 3099 1458 3176 figuras?
1503 3099 1580 3177 Quid

231 3203 306 3264 opus
329 3187 512 3264 transfugere
535 3187 573 3247 ad
595 3187 810 3248 multitudinem
833 3189 955 3250 latemur
979 3189 1098 3266 figurae,
1121 3193 1145 3248 si
1160 3187 1243 3248 locus
1260 3195 1304 3246 est
1322 3187 1397 3246 ortui
1415 3204 1581 3250 consonan-

231 3279 336 3334 tiarum
360 3275 389 3331 in
411 3273 851 3352 proportione'constiuttarnm
875 3279 1000 3355 partium
1031 3276 1151 3336 circuli?
1194 3275 1261 3336 Nou
1283 3274 1409 3348 babent,
1441 3275 1579 3350 Roberte,

231 3365 441 3422 consonantiae
464 3381 518 3422 sua
539 3362 733 3422 muitinrdinis
749 3367 867 3424 nomina
884 3379 1035 3423 enumero
1051 3363 1173 3422 laterum
1194 3363 1314 3438 ligurac,
1341 3379 1417 3438 quae
1433 3380 1580 3439 quamque

231 3451 335 3526 gignit.
380 3447 419 3508 Et
442 3445 511 3525 quia
534 3449 569 3510 de
592 3450 695 3511 iisdem
717 3451 817 3527 figuris
840 3458 871 3509 tu
895 3446 1033 3523 balbutia,
1058 3468 1132 3526 quas
1155 3457 1184 3508 et
1207 3465 1262 3528 ego
1286 3447 1405 3507 adhibui
1430 3449 1467 3508 ad
1490 3467 1579 3522 gene-

232 3539 375 3596 rationem
398 3541 667 3611 consonantiarum,
698 3556 768 3612 age,
799 3537 951 3596 discrimen
975 3537 1127 3596 ostendam
1151 3537 1226 3595 inter
1248 3535 1292 3607 id,
1325 3535 1402 3610 quod
1427 3553 1528 3595 verum
1552 3546 1581 3595 et

233 3623 352 3693 ciarum,
375 3631 403 3682 et
426 3623 464 3696 id,
489 3625 566 3699 quod
591 3632 621 3683 tu
645 3627 784 3687 somnias
830 3624 874 3684 sn
896 3625 977 3683 verbi
1002 3640 1091 3682 carisa
1120 3631 1319 3700 pentagonum
1349 3623 1426 3681 hunc
1455 3631 1485 3682 tu
1508 3640 1580 3701 pro-

233 3710 280 3770 cul
305 3711 392 3770 dnbio
416 3729 598 3789 comparares
621 3721 736 3784 sertae,
768 3713 837 3787 quia
863 3718 897 3771 ut
917 3717 1101 3787 pentagonus
1129 3709 1220 3769 habet
1250 3711 1379 3786 quinque
1401 3707 1509 3784 latera,
1538 3711 1581 3770 sic

233 3807 319 3857 sexta
342 3799 469 3876 quinque
492 3799 582 3859 habet
606 3807 690 3858 tonos
713 3799 902 3877 promiscuos
950 3799 990 3857 At
1019 3799 1099 3857 irrita
1129 3805 1173 3856 est
1196 3799 1392 3882 comparatio,
1421 3801 1581 3858 nonenim
1639 3823 1642 3828 ·

233 3885 389 3945 discrimen
411 3887 502 3946 nilum
525 3885 634 3945 indicat
656 3887 732 3945 inter
754 3893 861 3958 sexus,
884 3885 1024 3962 majorem
1049 3893 1077 3944 et
1092 3888 1240 3944 minorem.
1288 3884 1380 3944 Aliter
1403 3900 1467 3962 ego.
1505 3885 1580 3945 Nam

232 3975 465 4046 consonantiam,
499 3991 575 4051 quae
604 3975 690 4033 tertia
712 3973 807 4048 major
828 3971 946 4042 dicitur,
979 3973 1064 4033 elicto
1088 3989 1124 4031 ex
1146 3979 1330 4050 pentagono,
1361 3975 1410 4050 qui
1442 3972 1580 4032 circulum

232 4061 385 4138 distinguit
408 4064 436 4118 in
461 4079 545 4122 arcus
568 4060 707 4136 aequales
731 4063 870 4137 quinque.
916 4061 986 4121 Sine
1017 4063 1106 4136 igitur
1133 4066 1226 4119 totum
1250 4058 1387 4120 circulum
1415 4077 1581 4138 comparem

233 4167 298 4209 cum
322 4157 448 4225 quatuor
470 4151 531 4207 auis
554 4149 672 4225 quintis,
697 4149 761 4208 eive
784 4151 913 4224 quinque
929 4149 1086 4225 pentagoni
1110 4147 1204 4207 latera
1225 4149 1254 4206 in
1271 4164 1359 4207 unam
1374 4155 1482 4208 rectam
1499 4165 1581 4208 corn-

230 4237 329 4314 posita
357 4253 421 4296 eum
444 4236 584 4314 lateribus
613 4235 676 4312 ejus
705 4243 846 4310 quatuor,
877 4238 1013 4312 utrinque
1035 4235 1107 4294 mihi
1135 4236 1263 4312 gignitur
1291 4237 1439 4312 proportio
1465 4231 1521 4320 7„
1553 4242 1582 4295 et

231 4327 384 4384 inveniunt
407 4341 506 4398 aures,
540 4335 699 4382 consonare
723 4321 845 4382 chordas
875 4322 1007 4400 ejusdem
1031 4325 1171 4382 tensionis
1201 4325 1243 4383 sic
1266 4331 1459 4399 comparatas.
1505 4323 1580 4383 Mihi

233 4414 319 4488 igitur
346 4413 475 4488 gignitur
502 4411 602 4486 aliqua
633 4412 823 4469 consonantia
852 4419 1073 4488 apentagono,
1103 4419 1134 4470 at
1160 4425 1217 4468 non
1241 4411 1347 4487 accipit
1368 4427 1490 4485 nornen,
1522 4429 1580 4470 non

232 4516 382 4558 numerum
411 4507 548 4559 tonorum
577 4514 596 4555 a
617 4506 796 4572 pentagono.
843 4497 926 4556 Etsi
957 4497 1039 4556 nulla
1060 4496 1120 4556 alia
1143 4503 1221 4556 essct
1244 4501 1435 4557 consonantia
1464 4506 1582 4574 praeter

232 4585 316 4658 hano,
340 4595 445 4645 natura
468 4586 545 4645 hanc
568 4587 682 4643 unicam
706 4601 764 4643 uon
788 4583 905 4643 doceret
927 4585 963 4641 'in
987 4593 1073 4644 tonos
1097 4583 1245 4657 dividere,
1278 4582 1329 4645 sed
1354 4583 1386 4642 fit
1411 4585 1474 4660 jam
1498 4601 1588 4662 com„

183 4671 187 4679 ’
231 4673 383 4750 paratione
406 4673 533 4749 plurium
557 4673 814 4732 consonantiarum
837 4673 999 4747 quantitate
1015 4671 1222 4748 inaequalium,
1244 4677 1279 4730 ut
1297 4670 1457 4731 secuudum
1481 4689 1580 4732 aarum

232 4777 369 4823 excessus
399 4763 548 4835 minimos,
581 4777 655 4837 qnos
685 4760 828 4818 concinna
858 4757 995 4836 dicimus,
1027 4765 1056 4854 et
1077 4759 1152 4822 haee
1183 4767 1211 4818 et
1241 4760 1317 4818 stiae
1340 4775 1441 4820 omnes
1474 4763 1502 4820 in
1526 4777 1581 4822 sua

1627 256 1633 287 l
