<?xml version="1.0" encoding="UTF-8"?>
<!DOCTYPE html PUBLIC "-//W3C//DTD XHTML 1.0 Transitional//EN"
    "http://www.w3.org/TR/xhtml1/DTD/xhtml1-transitional.dtd">
<html xmlns="http://www.w3.org/1999/xhtml" xml:lang="en" lang="en">
 <head>
  <title>
</title>
<meta http-equiv="Content-Type" content="text/html;charset=utf-8" />
  <meta name='ocr-system' content='tesseract 3.04.00' />
  <meta name='ocr-capabilities' content='ocr_page ocr_carea ocr_par ocr_line ocrx_word'/>
</head>
<body>
  <div class='ocr_page' id='page_1' title='image "./joanniskepleria26frisgoog_0278.png"; bbox 0 0 3676 5536; ppageno 0'>
   <div class='ocr_carea' id='block_1_1' title="bbox 729 363 1556 434">
    <p class='ocr_par' dir='ltr' id='par_1_1' title="bbox 729 363 1556 434">
     <span class='ocr_line' id='line_1_1' title="bbox 729 363 1556 434; baseline 0.017 -16"><span class='ocrx_word' id='word_1_1' title='bbox 729 363 811 420; x_wconf 85' lang='lat' dir='ltr'><strong>Liber</strong></span> <span class='ocrx_word' id='word_1_2' title='bbox 827 363 867 420; x_wconf 83' lang='lat' dir='ltr'><strong>IV</strong></span> <span class='ocrx_word' id='word_1_3' title='bbox 868 407 873 418; x_wconf 94' lang='lat'>.</span> <span class='ocrx_word' id='word_1_4' title='bbox 893 364 983 432; x_wconf 76' lang='lat' dir='ltr'><strong>caput</strong></span> <span class='ocrx_word' id='word_1_5' title='bbox 999 363 1031 420; x_wconf 80' lang='lat' dir='ltr'><strong>V.</strong></span> <span class='ocrx_word' id='word_1_6' title='bbox 1494 373 1556 434; x_wconf 77' lang='lat'><strong>243</strong></span> 
     </span>
    </p>
   </div>
   <div class='ocr_carea' id='block_1_2' title="bbox 198 538 1609 2342">
    <p class='ocr_par' dir='ltr' id='par_1_2' title="bbox 198 538 1609 2342">
     <span class='ocr_line' id='line_1_2' title="bbox 204 538 1556 611; baseline 0.002 -19"><span class='ocrx_word' id='word_1_7' title='bbox 204 538 259 593; x_wconf 83' lang='lat' dir='ltr'><strong>cies</strong></span> <span class='ocrx_word' id='word_1_8' title='bbox 281 547 446 606; x_wconf 66' lang='lat' dir='ltr'><strong>congressu</strong></span> <span class='ocrx_word' id='word_1_9' title='bbox 470 540 613 610; x_wconf 89' lang='lat' dir='ltr'><strong>praecellit</strong></span> <span class='ocrx_word' id='word_1_10' title='bbox 634 541 740 608; x_wconf 86' lang='lat' dir='ltr'><strong>trigono</strong></span> <span class='ocrx_word' id='word_1_11' title='bbox 765 541 937 608; x_wconf 79' lang='lat' dir='ltr'><strong>hexagonus,</strong></span> <span class='ocrx_word' id='word_1_12' title='bbox 962 541 1026 610; x_wconf 90' lang='lat' dir='ltr'><strong>qnia</strong></span> <span class='ocrx_word' id='word_1_13' title='bbox 1047 539 1271 608; x_wconf 67' lang='lat' dir='ltr'><strong>perfectissimam</strong></span> <span class='ocrx_word' id='word_1_14' title='bbox 1294 541 1400 597; x_wconf 79' lang='lat' dir='ltr'><strong>othnet</strong></span> <span class='ocrx_word' id='word_1_15' title='bbox 1422 542 1451 596; x_wconf 91' lang='lat' dir='ltr'><strong>in</strong></span> <span class='ocrx_word' id='word_1_16' title='bbox 1475 541 1556 611; x_wconf 89' lang='lat' dir='ltr'><strong>plano</strong></span> 
     </span>
     <span class='ocr_line' id='line_1_3' title="bbox 205 617 1558 691; baseline 0.004 -21"><span class='ocrx_word' id='word_1_17' title='bbox 205 618 421 686; x_wconf 78' lang='lat' dir='ltr'>congruentiam,</span> <span class='ocrx_word' id='word_1_18' title='bbox 451 619 516 674; x_wconf 89' lang='lat' dir='ltr'><strong>solis</strong></span> <span class='ocrx_word' id='word_1_19' title='bbox 536 635 574 674; x_wconf 92' lang='lat' dir='ltr'><strong>sc.</strong></span> <span class='ocrx_word' id='word_1_20' title='bbox 592 618 677 673; x_wconf 88' lang='lat' dir='ltr'><strong>ternis</strong></span> <span class='ocrx_word' id='word_1_21' title='bbox 695 618 813 686; x_wconf 85' lang='lat' dir='ltr'><strong>angulis3</strong></span> <span class='ocrx_word' id='word_1_22' title='bbox 839 618 1012 686; x_wconf 88' lang='lat' dir='ltr'><strong>praecellunt</strong></span> <span class='ocrx_word' id='word_1_23' title='bbox 1037 618 1115 671; x_wconf 87' lang='lat' dir='ltr'><strong>ambo</strong></span> <span class='ocrx_word' id='word_1_24' title='bbox 1135 617 1322 688; x_wconf 84' lang='lat' dir='ltr'><strong>dodeeagono,</strong></span> <span class='ocrx_word' id='word_1_25' title='bbox 1350 621 1413 691; x_wconf 83' lang='lat' dir='ltr'><strong>ana</strong></span> <span class='ocrx_word' id='word_1_26' title='bbox 1431 622 1512 676; x_wconf 76' lang='lat' dir='ltr'><strong>edam</strong></span> <span class='ocrx_word' id='word_1_27' title='bbox 1528 623 1558 676; x_wconf 91' lang='lat' dir='ltr'><strong>in</strong></span> 
     </span>
     <span class='ocr_line' id='line_1_4' title="bbox 205 694 1557 770; baseline 0.004 -22"><span class='ocrx_word' id='word_1_28' title='bbox 205 695 292 764; x_wconf 88' lang='lat' dir='ltr'><strong>solido</strong></span> <span class='ocrx_word' id='word_1_29' title='bbox 310 698 469 764; x_wconf 77' lang='lat' dir='ltr'><strong>congruunt</strong></span> <span class='ocrx_word' id='word_1_30' title='bbox 486 699 526 752; x_wconf 90' lang='lat' dir='ltr'><strong>illi</strong></span> <span class='ocrx_word' id='word_1_31' title='bbox 551 715 613 753; x_wconf 90' lang='lat' dir='ltr'><strong>cnm</strong></span> <span class='ocrx_word' id='word_1_32' title='bbox 636 696 730 764; x_wconf 86' lang='lat' dir='ltr'><strong>figuris</strong></span> <span class='ocrx_word' id='word_1_33' title='bbox 754 696 829 766; x_wconf 87' lang='lat' dir='ltr'><strong>aliis,</strong></span> <span class='ocrx_word' id='word_1_34' title='bbox 857 694 930 765; x_wconf 87' lang='lat' dir='ltr'><strong>quod</strong></span> <span class='ocrx_word' id='word_1_35' title='bbox 955 712 1010 751; x_wconf 92' lang='lat' dir='ltr'><strong>non</strong></span> <span class='ocrx_word' id='word_1_36' title='bbox 1034 704 1126 764; x_wconf 88' lang='lat' dir='ltr'><strong>potest</strong></span> <span class='ocrx_word' id='word_1_37' title='bbox 1150 696 1349 765; x_wconf 86' lang='lat' dir='ltr'><strong>dodecagonus.</strong></span> <span class='ocrx_word' id='word_1_38' title='bbox 1385 701 1422 754; x_wconf 81' lang='lat' dir='ltr'><strong>At</strong></span> <span class='ocrx_word' id='word_1_39' title='bbox 1440 699 1557 770; x_wconf 73' lang='lat' dir='ltr'><strong>dcissirn</strong></span> 
     </span>
     <span class='ocr_line' id='line_1_5' title="bbox 204 767 1558 844; baseline 0.003 -16"><span class='ocrx_word' id='word_1_40' title='bbox 204 774 344 843; x_wconf 88' lang='lat' dir='ltr'><strong>praecellit</strong></span> <span class='ocrx_word' id='word_1_41' title='bbox 361 774 473 844; x_wconf 90' lang='lat' dir='ltr'><strong>reliquis</strong></span> <span class='ocrx_word' id='word_1_42' title='bbox 492 775 684 844; x_wconf 87' lang='lat' dir='ltr'><strong>dodecagonus</strong></span> <span class='ocrx_word' id='word_1_43' title='bbox 703 775 863 830; x_wconf 81' lang='lat' dir='ltr'><strong>affabilitate</strong></span> <span class='ocrx_word' id='word_1_44' title='bbox 881 789 977 840; x_wconf 88' lang='lat' dir='ltr'><strong>areae,</strong></span> <span class='ocrx_word' id='word_1_45' title='bbox 1002 773 1189 828; x_wconf 85' lang='lat' dir='ltr'><strong>camillorum</strong></span> <span class='ocrx_word' id='word_1_46' title='bbox 1208 767 1290 830; x_wconf 86' lang='lat' dir='ltr'><strong>areae&#39;</strong></span> <span class='ocrx_word' id='word_1_47' title='bbox 1309 777 1364 831; x_wconf 87' lang='lat' dir='ltr'><strong>siut</strong></span> <span class='ocrx_word' id='word_1_48' title='bbox 1382 777 1511 834; x_wconf 76' lang='lat' dir='ltr'><strong>mediales</strong></span> <span class='ocrx_word' id='word_1_49' title='bbox 1530 786 1558 832; x_wconf 90' lang='lat' dir='ltr'><strong>et</strong></span> 
     </span>
     <span class='ocr_line' id='line_1_6' title="bbox 205 847 1556 926; baseline 0.004 -18"><span class='ocrx_word' id='word_1_50' title='bbox 205 853 245 908; x_wconf 88' lang='lat' dir='ltr'><strong>sic</strong></span> <span class='ocrx_word' id='word_1_51' title='bbox 262 847 450 921; x_wconf 66' lang='lat' dir='ltr'><strong>ignobiliorem</strong></span> <span class='ocrx_word' id='word_1_52' title='bbox 468 871 538 926; x_wconf 89' lang='lat' dir='ltr'><strong>quae</strong></span> <span class='ocrx_word' id='word_1_53' title='bbox 557 871 681 910; x_wconf 84' lang='lat' dir='ltr'><strong>arearum</strong></span> <span class='ocrx_word' id='word_1_54' title='bbox 699 854 860 923; x_wconf 75' lang='lat' dir='ltr'><strong>diberentia,</strong></span> <span class='ocrx_word' id='word_1_55' title='bbox 879 861 910 908; x_wconf 92' lang='lat' dir='ltr'><strong>nt</strong></span> <span class='ocrx_word' id='word_1_56' title='bbox 924 853 983 921; x_wconf 87' lang='lat' dir='ltr'><strong>jam</strong></span> <span class='ocrx_word' id='word_1_57' title='bbox 1000 853 1079 907; x_wconf 91' lang='lat' dir='ltr'><strong>modo</strong></span> <span class='ocrx_word' id='word_1_58' title='bbox 1094 853 1203 921; x_wconf 88' lang='lat' dir='ltr'><strong>dictum,</strong></span> <span class='ocrx_word' id='word_1_59' title='bbox 1221 853 1354 910; x_wconf 81' lang='lat' dir='ltr'><strong>redundat</strong></span> <span class='ocrx_word' id='word_1_60' title='bbox 1368 857 1396 910; x_wconf 91' lang='lat' dir='ltr'><strong>in</strong></span> <span class='ocrx_word' id='word_1_61' title='bbox 1408 873 1556 926; x_wconf 89' lang='lat' dir='ltr'><strong>congruen-</strong></span> 
     </span>
     <span class='ocr_line' id='line_1_7' title="bbox 204 931 1557 1003; baseline 0.004 -18"><span class='ocrx_word' id='word_1_62' title='bbox 204 932 258 986; x_wconf 85' lang='lat' dir='ltr'><strong>tiae</strong></span> <span class='ocrx_word' id='word_1_63' title='bbox 277 931 485 1001; x_wconf 86' lang='lat' dir='ltr'><strong>perfectionem.</strong></span> <span class='ocrx_word' id='word_1_64' title='bbox 523 935 567 990; x_wconf 88' lang='lat' dir='ltr'><strong>Sic</strong></span> <span class='ocrx_word' id='word_1_65' title='bbox 592 935 672 990; x_wconf 76' lang='lat' dir='ltr'><strong>edam</strong></span> <span class='ocrx_word' id='word_1_66' title='bbox 699 933 823 1003; x_wconf 80' lang='lat' dir='ltr'>trigonus</span> <span class='ocrx_word' id='word_1_67' title='bbox 847 933 989 1003; x_wconf 84' lang='lat' dir='ltr'><strong>praecellit</strong></span> <span class='ocrx_word' id='word_1_68' title='bbox 1015 948 1122 988; x_wconf 88' lang='lat' dir='ltr'><strong>rursum</strong></span> <span class='ocrx_word' id='word_1_69' title='bbox 1140 933 1295 1002; x_wconf 86' lang='lat' dir='ltr'><strong>hexagono,</strong></span> <span class='ocrx_word' id='word_1_70' title='bbox 1323 949 1354 988; x_wconf 92' lang='lat' dir='ltr'><strong>eo</strong></span> <span class='ocrx_word' id='word_1_71' title='bbox 1373 935 1447 1003; x_wconf 92' lang='lat' dir='ltr'><strong>quod</strong></span> <span class='ocrx_word' id='word_1_72' title='bbox 1465 951 1557 992; x_wconf 87' lang='lat' dir='ltr'><strong>secum</strong></span> 
     </span>
     <span class='ocr_line' id='line_1_8' title="bbox 203 1011 1556 1084; baseline 0.003 -20"><span class='ocrx_word' id='word_1_73' title='bbox 203 1011 263 1079; x_wconf 88' lang='lat' dir='ltr'><strong>ipsa</strong></span> <span class='ocrx_word' id='word_1_74' title='bbox 281 1011 412 1079; x_wconf 84' lang='lat' dir='ltr'><strong>trigonius</strong></span> <span class='ocrx_word' id='word_1_75' title='bbox 431 1013 537 1080; x_wconf 88' lang='lat' dir='ltr'><strong>species</strong></span> <span class='ocrx_word' id='word_1_76' title='bbox 556 1014 585 1066; x_wconf 91' lang='lat' dir='ltr'><strong>in</strong></span> <span class='ocrx_word' id='word_1_77' title='bbox 604 1013 690 1068; x_wconf 89' lang='lat' dir='ltr'><strong>solido</strong></span> <span class='ocrx_word' id='word_1_78' title='bbox 709 1013 835 1082; x_wconf 84' lang='lat' dir='ltr'><strong>congruit</strong></span> <span class='ocrx_word' id='word_1_79' title='bbox 852 1011 924 1065; x_wconf 83' lang='lat' dir='ltr'><strong>sarie</strong></span> <span class='ocrx_word' id='word_1_80' title='bbox 943 1011 1081 1080; x_wconf 88' lang='lat' dir='ltr'><strong>gignitque</strong></span> <span class='ocrx_word' id='word_1_81' title='bbox 1103 1013 1156 1064; x_wconf 88' lang='lat' dir='ltr'><strong>tria</strong></span> <span class='ocrx_word' id='word_1_82' title='bbox 1174 1027 1288 1080; x_wconf 89' lang='lat' dir='ltr'><strong>corpora</strong></span> <span class='ocrx_word' id='word_1_83' title='bbox 1306 1013 1455 1084; x_wconf 81' lang='lat' dir='ltr'><strong>regularis3</strong></span> <span class='ocrx_word' id='word_1_84' title='bbox 1474 1015 1556 1068; x_wconf 84' lang='lat' dir='ltr'><strong>hexa-</strong></span> 
     </span>
     <span class='ocr_line' id='line_1_9' title="bbox 203 1086 1556 1162; baseline 0.004 -19"><span class='ocrx_word' id='word_1_85' title='bbox 203 1106 290 1158; x_wconf 88' lang='lat' dir='ltr'><strong>gonus</strong></span> <span class='ocrx_word' id='word_1_86' title='bbox 308 1099 413 1145; x_wconf 86' lang='lat' dir='ltr'><strong>tantum</strong></span> <span class='ocrx_word' id='word_1_87' title='bbox 432 1108 493 1148; x_wconf 88' lang='lat' dir='ltr'><strong>cum</strong></span> <span class='ocrx_word' id='word_1_88' title='bbox 510 1086 604 1160; x_wconf 84' lang='lat' dir='ltr'><strong>figuris</strong></span> <span class='ocrx_word' id='word_1_89' title='bbox 623 1091 684 1148; x_wconf 86' lang='lat' dir='ltr'><strong>aliis</strong></span> <span class='ocrx_word' id='word_1_90' title='bbox 704 1093 836 1160; x_wconf 90' lang='lat' dir='ltr'><strong>congruit.</strong></span> <span class='ocrx_word' id='word_1_91' title='bbox 872 1091 916 1144; x_wconf 88' lang='lat' dir='ltr'><strong>Ita</strong></span> <span class='ocrx_word' id='word_1_92' title='bbox 939 1091 1059 1160; x_wconf 88' lang='lat' dir='ltr'><strong>pensatis</strong></span> <span class='ocrx_word' id='word_1_93' title='bbox 1081 1091 1151 1148; x_wconf 89' lang='lat' dir='ltr'><strong>inter</strong></span> <span class='ocrx_word' id='word_1_94' title='bbox 1169 1105 1199 1146; x_wconf 90' lang='lat' dir='ltr'><strong>sa</strong></span> <span class='ocrx_word' id='word_1_95' title='bbox 1222 1090 1388 1146; x_wconf 82' lang='lat' dir='ltr'><strong>diversarum</strong></span> <span class='ocrx_word' id='word_1_96' title='bbox 1406 1094 1556 1162; x_wconf 90' lang='lat' dir='ltr'><strong>proprieta-</strong></span> 
     </span>
     <span class='ocr_line' id='line_1_10' title="bbox 204 1167 1555 1242; baseline 0.005 -19"><span class='ocrx_word' id='word_1_97' title='bbox 204 1176 261 1223; x_wconf 90' lang='lat' dir='ltr'><strong>tum</strong></span> <span class='ocrx_word' id='word_1_98' title='bbox 279 1170 459 1238; x_wconf 84' lang='lat' dir='ltr'><strong>ponderibus,</strong></span> <span class='ocrx_word' id='word_1_99' title='bbox 483 1171 673 1240; x_wconf 87' lang='lat' dir='ltr'><strong>congruentia,</strong></span> <span class='ocrx_word' id='word_1_100' title='bbox 699 1187 768 1240; x_wconf 89' lang='lat' dir='ltr'><strong>quae</strong></span> <span class='ocrx_word' id='word_1_101' title='bbox 786 1171 901 1239; x_wconf 90' lang='lat' dir='ltr'><strong>primurn</strong></span> <span class='ocrx_word' id='word_1_102' title='bbox 929 1177 956 1222; x_wconf 87' lang='lat' dir='ltr'><strong>et</strong></span> <span class='ocrx_word' id='word_1_103' title='bbox 975 1170 1151 1239; x_wconf 86' lang='lat' dir='ltr'><strong>praecipuum</strong></span> <span class='ocrx_word' id='word_1_104' title='bbox 1168 1167 1330 1223; x_wconf 87' lang='lat' dir='ltr'><strong>elementum</strong></span> <span class='ocrx_word' id='word_1_105' title='bbox 1349 1179 1391 1226; x_wconf 92' lang='lat' dir='ltr'><strong>est</strong></span> <span class='ocrx_word' id='word_1_106' title='bbox 1409 1173 1555 1242; x_wconf 86' lang='lat' dir='ltr'><strong>efficaciae,</strong></span> 
     </span>
     <span class='ocr_line' id='line_1_11' title="bbox 203 1248 1557 1319; baseline 0.005 -17"><span class='ocrx_word' id='word_1_107' title='bbox 203 1264 288 1316; x_wconf 88' lang='lat' dir='ltr'><strong>penes</strong></span> <span class='ocrx_word' id='word_1_108' title='bbox 311 1249 362 1303; x_wconf 90' lang='lat' dir='ltr'><strong>bos</strong></span> <span class='ocrx_word' id='word_1_109' title='bbox 380 1258 436 1304; x_wconf 91' lang='lat' dir='ltr'><strong>tres</strong></span> <span class='ocrx_word' id='word_1_110' title='bbox 454 1250 650 1318; x_wconf 85' lang='lat' dir='ltr'><strong>propemodum</strong></span> <span class='ocrx_word' id='word_1_111' title='bbox 676 1249 710 1304; x_wconf 88' lang='lat' dir='ltr'><strong>ad</strong></span> <span class='ocrx_word' id='word_1_112' title='bbox 729 1248 916 1319; x_wconf 78' lang='lat' dir='ltr'><strong>aequilibrium</strong></span> <span class='ocrx_word' id='word_1_113' title='bbox 939 1251 1106 1319; x_wconf 76' lang='lat' dir='ltr'><strong>perducitur.</strong></span> <span class='ocrx_word' id='word_1_114' title='bbox 1143 1249 1174 1302; x_wconf 93' lang='lat' dir='ltr'><strong>In</strong></span> <span class='ocrx_word' id='word_1_115' title='bbox 1200 1249 1344 1304; x_wconf 88' lang='lat' dir='ltr'><strong>scibilitate</strong></span> <span class='ocrx_word' id='word_1_116' title='bbox 1361 1251 1461 1319; x_wconf 89' lang='lat' dir='ltr'><strong>primas</strong></span> <span class='ocrx_word' id='word_1_117' title='bbox 1482 1261 1557 1309; x_wconf 87' lang='lat' dir='ltr'><strong>tenet</strong></span> 
     </span>
     <span class='ocr_line' id='line_1_12' title="bbox 203 1327 1609 1398; baseline 0.003 -18"><span class='ocrx_word' id='word_1_118' title='bbox 203 1328 392 1396; x_wconf 87' lang='lat' dir='ltr'><strong>sexangulum,</strong></span> <span class='ocrx_word' id='word_1_119' title='bbox 411 1329 491 1396; x_wconf 84' lang='lat' dir='ltr'><strong>cujus</strong></span> <span class='ocrx_word' id='word_1_120' title='bbox 508 1329 581 1383; x_wconf 88' lang='lat' dir='ltr'><strong>latus</strong></span> <span class='ocrx_word' id='word_1_121' title='bbox 599 1328 725 1396; x_wconf 89' lang='lat' dir='ltr'><strong>effabile,</strong></span> <span class='ocrx_word' id='word_1_122' title='bbox 745 1327 877 1384; x_wconf 87' lang='lat' dir='ltr'><strong>secundas</strong></span> <span class='ocrx_word' id='word_1_123' title='bbox 894 1330 1026 1398; x_wconf 78' lang='lat' dir='ltr'><strong>trigonus,</strong></span> <span class='ocrx_word' id='word_1_124' title='bbox 1045 1336 1161 1398; x_wconf 87' lang='lat' dir='ltr'><strong>occupat</strong></span> <span class='ocrx_word' id='word_1_125' title='bbox 1172 1328 1243 1382; x_wconf 87' lang='lat' dir='ltr'><strong>enirn</strong></span> <span class='ocrx_word' id='word_1_126' title='bbox 1260 1328 1375 1382; x_wconf 87' lang='lat' dir='ltr'><strong>eundem</strong></span> <span class='ocrx_word' id='word_1_127' title='bbox 1394 1346 1455 1384; x_wconf 85' lang='lat' dir='ltr'><strong>eum</strong></span> <span class='ocrx_word' id='word_1_128' title='bbox 1471 1338 1556 1388; x_wconf 85' lang='lat' dir='ltr'><strong>tetra·</strong></span> <span class='ocrx_word' id='word_1_129' title='bbox 1603 1379 1609 1384; x_wconf 94' lang='lat'>.</span> 
     </span>
     <span class='ocr_line' id='line_1_13' title="bbox 203 1407 1556 1478; baseline 0.005 -18"><span class='ocrx_word' id='word_1_130' title='bbox 203 1423 273 1474; x_wconf 91' lang='lat' dir='ltr'><strong>gono</strong></span> <span class='ocrx_word' id='word_1_131' title='bbox 292 1407 417 1477; x_wconf 87' lang='lat' dir='ltr'><strong>gradum,</strong></span> <span class='ocrx_word' id='word_1_132' title='bbox 440 1408 544 1463; x_wconf 89' lang='lat' dir='ltr'><strong>babens</strong></span> <span class='ocrx_word' id='word_1_133' title='bbox 563 1407 635 1462; x_wconf 89' lang='lat' dir='ltr'><strong>latus</strong></span> <span class='ocrx_word' id='word_1_134' title='bbox 655 1407 761 1464; x_wconf 85' lang='lat' dir='ltr'><strong>effabile</strong></span> <span class='ocrx_word' id='word_1_135' title='bbox 779 1409 917 1477; x_wconf 89' lang='lat' dir='ltr'><strong>potentia,</strong></span> <span class='ocrx_word' id='word_1_136' title='bbox 942 1409 1030 1464; x_wconf 83' lang='lat' dir='ltr'><strong>viliori</strong></span> <span class='ocrx_word' id='word_1_137' title='bbox 1052 1417 1143 1464; x_wconf 72' lang='lat' dir='ltr'><strong>minen</strong></span> <span class='ocrx_word' id='word_1_138' title='bbox 1167 1409 1357 1478; x_wconf 88' lang='lat' dir='ltr'><strong>proportiona;</strong></span> <span class='ocrx_word' id='word_1_139' title='bbox 1381 1409 1491 1466; x_wconf 83' lang='lat' dir='ltr'><strong>rultimus</strong></span> <span class='ocrx_word' id='word_1_140' title='bbox 1512 1412 1556 1468; x_wconf 88' lang='lat' dir='ltr'><strong>hic</strong></span> 
     </span>
     <span class='ocr_line' id='line_1_14' title="bbox 204 1485 1557 1556; baseline 0.008 -18"><span class='ocrx_word' id='word_1_141' title='bbox 204 1495 246 1538; x_wconf 89' lang='lat' dir='ltr'><strong>est</strong></span> <span class='ocrx_word' id='word_1_142' title='bbox 273 1485 478 1554; x_wconf 89' lang='lat' dir='ltr'><strong>dodecagonus,</strong></span> <span class='ocrx_word' id='word_1_143' title='bbox 505 1485 609 1540; x_wconf 79' lang='lat' dir='ltr'><strong>liabens</strong></span> <span class='ocrx_word' id='word_1_144' title='bbox 636 1487 708 1541; x_wconf 90' lang='lat' dir='ltr'><strong>latus</strong></span> <span class='ocrx_word' id='word_1_145' title='bbox 733 1485 878 1542; x_wconf 83' lang='lat' dir='ltr'><strong>ineffabile.</strong></span> <span class='ocrx_word' id='word_1_146' title='bbox 914 1488 1014 1542; x_wconf 89' lang='lat' dir='ltr'><strong>Verum</strong></span> <span class='ocrx_word' id='word_1_147' title='bbox 1037 1488 1168 1544; x_wconf 84' lang='lat' dir='ltr'><strong>scibilitss</strong></span> <span class='ocrx_word' id='word_1_148' title='bbox 1194 1502 1245 1541; x_wconf 91' lang='lat' dir='ltr'><strong>nec</strong></span> <span class='ocrx_word' id='word_1_149' title='bbox 1262 1488 1438 1556; x_wconf 88' lang='lat' dir='ltr'><strong>praecipuum</strong></span> <span class='ocrx_word' id='word_1_150' title='bbox 1455 1495 1557 1549; x_wconf 87' lang='lat' dir='ltr'><strong>estad</strong></span> 
     </span>
     <span class='ocr_line' id='line_1_15' title="bbox 202 1564 1555 1636; baseline 0.007 -18"><span class='ocrx_word' id='word_1_151' title='bbox 202 1564 351 1620; x_wconf 84' lang='lat' dir='ltr'><strong>efficaciam</strong></span> <span class='ocrx_word' id='word_1_152' title='bbox 370 1571 574 1632; x_wconf 78' lang='lat' dir='ltr'><strong>argumentum,</strong></span> <span class='ocrx_word' id='word_1_153' title='bbox 593 1579 644 1621; x_wconf 90' lang='lat' dir='ltr'><strong>nec</strong></span> <span class='ocrx_word' id='word_1_154' title='bbox 662 1565 690 1618; x_wconf 91' lang='lat' dir='ltr'><strong>in</strong></span> <span class='ocrx_word' id='word_1_155' title='bbox 708 1565 796 1633; x_wconf 85' lang='lat' dir='ltr'><strong>figura</strong></span> <span class='ocrx_word' id='word_1_156' title='bbox 814 1564 971 1636; x_wconf 90' lang='lat' dir='ltr'><strong>praecipua,</strong></span> <span class='ocrx_word' id='word_1_157' title='bbox 997 1567 1050 1621; x_wconf 91' lang='lat' dir='ltr'><strong>hoc</strong></span> <span class='ocrx_word' id='word_1_158' title='bbox 1066 1574 1108 1620; x_wconf 87' lang='lat' dir='ltr'><strong>est</strong></span> <span class='ocrx_word' id='word_1_159' title='bbox 1126 1565 1375 1635; x_wconf 88' lang='lat' dir='ltr'><strong>circumferentiali,</strong></span> <span class='ocrx_word' id='word_1_160' title='bbox 1405 1571 1555 1626; x_wconf 72' lang='lat' dir='ltr'><strong>considera</strong></span> 
     </span>
     <span class='ocr_line' id='line_1_16' title="bbox 202 1642 1556 1716; baseline 0.008 -20"><span class='ocrx_word' id='word_1_161' title='bbox 202 1651 255 1711; x_wconf 90' lang='lat' dir='ltr'><strong>tur,</strong></span> <span class='ocrx_word' id='word_1_162' title='bbox 274 1643 323 1698; x_wconf 88' lang='lat' dir='ltr'><strong>sed</strong></span> <span class='ocrx_word' id='word_1_163' title='bbox 341 1651 447 1698; x_wconf 84' lang='lat' dir='ltr'><strong>tantum</strong></span> <span class='ocrx_word' id='word_1_164' title='bbox 465 1643 493 1696; x_wconf 91' lang='lat' dir='ltr'><strong>in</strong></span> <span class='ocrx_word' id='word_1_165' title='bbox 511 1642 626 1696; x_wconf 88' lang='lat' dir='ltr'><strong>centrali</strong></span> <span class='ocrx_word' id='word_1_166' title='bbox 642 1644 731 1698; x_wconf 90' lang='lat' dir='ltr'><strong>minus</strong></span> <span class='ocrx_word' id='word_1_167' title='bbox 750 1643 904 1712; x_wconf 86' lang='lat' dir='ltr'><strong>praecipua.</strong></span> <span class='ocrx_word' id='word_1_168' title='bbox 942 1643 1018 1711; x_wconf 75' lang='lat' dir='ltr'><strong>Quae</strong></span> <span class='ocrx_word' id='word_1_169' title='bbox 1037 1643 1060 1698; x_wconf 94' lang='lat' dir='ltr'><strong>si</strong></span> <span class='ocrx_word' id='word_1_170' title='bbox 1078 1645 1144 1712; x_wconf 91' lang='lat' dir='ltr'><strong>quid</strong></span> <span class='ocrx_word' id='word_1_171' title='bbox 1162 1651 1261 1714; x_wconf 90' lang='lat' dir='ltr'><strong>potest,</strong></span> <span class='ocrx_word' id='word_1_172' title='bbox 1279 1645 1378 1702; x_wconf 76' lang='lat' dir='ltr'><strong>tdnuut</strong></span> <span class='ocrx_word' id='word_1_173' title='bbox 1396 1650 1478 1716; x_wconf 82' lang='lat' dir='ltr'><strong>paulo</strong></span> <span class='ocrx_word' id='word_1_174' title='bbox 1496 1653 1556 1708; x_wconf 87' lang='lat' dir='ltr'><strong>red-</strong></span> 
     </span>
     <span class='ocr_line' id='line_1_17' title="bbox 203 1720 1557 1795; baseline 0.006 -19"><span class='ocrx_word' id='word_1_175' title='bbox 203 1721 244 1776; x_wconf 90' lang='lat' dir='ltr'><strong>dit</strong></span> <span class='ocrx_word' id='word_1_176' title='bbox 262 1722 442 1778; x_wconf 87' lang='lat' dir='ltr'><strong>efiicaciorem</strong></span> <span class='ocrx_word' id='word_1_177' title='bbox 462 1720 567 1790; x_wconf 80' lang='lat' dir='ltr'><strong>sextili,</strong></span> <span class='ocrx_word' id='word_1_178' title='bbox 588 1722 652 1790; x_wconf 84' lang='lat' dir='ltr'><strong>quis</strong></span> <span class='ocrx_word' id='word_1_179' title='bbox 670 1723 769 1777; x_wconf 91' lang='lat' dir='ltr'><strong>trinum</strong></span> <span class='ocrx_word' id='word_1_180' title='bbox 786 1720 885 1774; x_wconf 89' lang='lat' dir='ltr'><strong>format</strong></span> <span class='ocrx_word' id='word_1_181' title='bbox 904 1723 1020 1790; x_wconf 86' lang='lat' dir='ltr'><strong>angulus</strong></span> <span class='ocrx_word' id='word_1_182' title='bbox 1038 1723 1174 1792; x_wconf 81' lang='lat' dir='ltr'><strong>hexagoni</strong></span> <span class='ocrx_word' id='word_1_183' title='bbox 1194 1724 1223 1778; x_wconf 93' lang='lat' dir='ltr'><strong>in</strong></span> <span class='ocrx_word' id='word_1_184' title='bbox 1241 1731 1346 1792; x_wconf 81' lang='lat' dir='ltr'><strong>centr03</strong></span> <span class='ocrx_word' id='word_1_185' title='bbox 1369 1727 1450 1795; x_wconf 90' lang='lat' dir='ltr'><strong>paulo</strong></span> <span class='ocrx_word' id='word_1_186' title='bbox 1468 1730 1557 1784; x_wconf 85' lang='lat' dir='ltr'><strong>mInus</strong></span> 
     </span>
     <span class='ocr_line' id='line_1_18' title="bbox 202 1799 1556 1874; baseline 0.008 -20"><span class='ocrx_word' id='word_1_187' title='bbox 202 1800 326 1870; x_wconf 87' lang='lat' dir='ltr'><strong>utrisque</strong></span> <span class='ocrx_word' id='word_1_188' title='bbox 345 1799 483 1854; x_wconf 89' lang='lat' dir='ltr'><strong>efficacem</strong></span> <span class='ocrx_word' id='word_1_189' title='bbox 503 1800 686 1870; x_wconf 75' lang='lat' dir='ltr'><strong>senissimum,</strong></span> <span class='ocrx_word' id='word_1_190' title='bbox 704 1815 784 1872; x_wconf 91' lang='lat' dir='ltr'><strong>quem</strong></span> <span class='ocrx_word' id='word_1_191' title='bbox 802 1801 911 1854; x_wconf 90' lang='lat' dir='ltr'><strong>metitur</strong></span> <span class='ocrx_word' id='word_1_192' title='bbox 930 1803 1046 1872; x_wconf 89' lang='lat' dir='ltr'><strong>angulus</strong></span> <span class='ocrx_word' id='word_1_193' title='bbox 1065 1803 1161 1858; x_wconf 87' lang='lat' dir='ltr'><strong>stellae</strong></span> <span class='ocrx_word' id='word_1_194' title='bbox 1173 1803 1390 1874; x_wconf 88' lang='lat' dir='ltr'><strong>dodecagonicae</strong></span> <span class='ocrx_word' id='word_1_195' title='bbox 1408 1807 1436 1861; x_wconf 90' lang='lat' dir='ltr'><strong>in</strong></span> <span class='ocrx_word' id='word_1_196' title='bbox 1454 1817 1556 1871; x_wconf 89' lang='lat' dir='ltr'><strong>centro.</strong></span> 
     </span>
     <span class='ocr_line' id='line_1_19' title="bbox 202 1878 1557 1957; baseline 0.007 -25"><span class='ocrx_word' id='word_1_197' title='bbox 202 1880 256 1933; x_wconf 84' lang='lat' dir='ltr'><strong>Est</strong></span> <span class='ocrx_word' id='word_1_198' title='bbox 273 1890 364 1934; x_wconf 84' lang='lat' dir='ltr'><strong>tanuen</strong></span> <span class='ocrx_word' id='word_1_199' title='bbox 383 1879 480 1934; x_wconf 87' lang='lat' dir='ltr'><strong>ceteris</strong></span> <span class='ocrx_word' id='word_1_200' title='bbox 500 1878 677 1947; x_wconf 88' lang='lat' dir='ltr'><strong>sequentibus</strong></span> <span class='ocrx_word' id='word_1_201' title='bbox 696 1879 812 1934; x_wconf 86' lang='lat' dir='ltr'><strong>nobilior</strong></span> <span class='ocrx_word' id='word_1_202' title='bbox 831 1879 944 1935; x_wconf 75' lang='lat' dir='ltr'><strong>ementis</strong></span> <span class='ocrx_word' id='word_1_203' title='bbox 962 1881 1116 1950; x_wconf 86' lang='lat' dir='ltr'><strong>semisexti,</strong></span> <span class='ocrx_word' id='word_1_204' title='bbox 1138 1880 1202 1949; x_wconf 88' lang='lat' dir='ltr'><strong>quia</strong></span> <span class='ocrx_word' id='word_1_205' title='bbox 1219 1881 1292 1936; x_wconf 89' lang='lat' dir='ltr'><strong>latus</strong></span> <span class='ocrx_word' id='word_1_206' title='bbox 1310 1885 1435 1940; x_wconf 87' lang='lat' dir='ltr'><strong>centralis</strong></span> <span class='ocrx_word' id='word_1_207' title='bbox 1453 1887 1557 1957; x_wconf 83' lang='lat' dir='ltr'><strong>figurae</strong></span> 
     </span>
     <span class='ocr_line' id='line_1_20' title="bbox 200 1955 1557 2027; baseline 0.008 -15"><span class='ocrx_word' id='word_1_208' title='bbox 200 1958 229 2012; x_wconf 93' lang='lat' dir='ltr'><strong>in</strong></span> <span class='ocrx_word' id='word_1_209' title='bbox 246 1957 427 2013; x_wconf 84' lang='lat' dir='ltr'><strong>ineffabilibus</strong></span> <span class='ocrx_word' id='word_1_210' title='bbox 445 1955 630 2013; x_wconf 85' lang='lat' dir='ltr'><strong>nobilissimae</strong></span> <span class='ocrx_word' id='word_1_211' title='bbox 649 1963 691 2010; x_wconf 90' lang='lat' dir='ltr'><strong>est</strong></span> <span class='ocrx_word' id='word_1_212' title='bbox 708 1955 824 2024; x_wconf 87' lang='lat' dir='ltr'><strong>speciei,</strong></span> <span class='ocrx_word' id='word_1_213' title='bbox 851 1973 888 2012; x_wconf 88' lang='lat' dir='ltr'><strong>sc.</strong></span> <span class='ocrx_word' id='word_1_214' title='bbox 908 1957 1082 2027; x_wconf 87' lang='lat' dir='ltr'><strong>binominum,</strong></span> <span class='ocrx_word' id='word_1_215' title='bbox 1109 1967 1137 2014; x_wconf 89' lang='lat' dir='ltr'><strong>et</strong></span> <span class='ocrx_word' id='word_1_216' title='bbox 1152 1960 1180 2014; x_wconf 93' lang='lat' dir='ltr'><strong>in</strong></span> <span class='ocrx_word' id='word_1_217' title='bbox 1199 1975 1290 2014; x_wconf 77' lang='lat' dir='ltr'><strong>earnem</strong></span> <span class='ocrx_word' id='word_1_218' title='bbox 1309 1961 1491 2020; x_wconf 77' lang='lat' dir='ltr'><strong>subdivisione</strong></span> <span class='ocrx_word' id='word_1_219' title='bbox 1509 1967 1557 2024; x_wconf 92' lang='lat' dir='ltr'><strong>du·</strong></span> 
     </span>
     <span class='ocr_line' id='line_1_21' title="bbox 201 2035 1555 2111; baseline 0.006 -19"><span class='ocrx_word' id='word_1_220' title='bbox 201 2037 265 2106; x_wconf 81' lang='lat' dir='ltr'><strong>plici</strong></span> <span class='ocrx_word' id='word_1_221' title='bbox 292 2053 399 2108; x_wconf 87' lang='lat' dir='ltr'><strong>semper</strong></span> <span class='ocrx_word' id='word_1_222' title='bbox 417 2037 521 2105; x_wconf 88' lang='lat' dir='ltr'><strong>priores</strong></span> <span class='ocrx_word' id='word_1_223' title='bbox 539 2043 628 2100; x_wconf 90' lang='lat' dir='ltr'><strong>tenet,</strong></span> <span class='ocrx_word' id='word_1_224' title='bbox 655 2035 723 2091; x_wconf 87' lang='lat' dir='ltr'><strong>adeo</strong></span> <span class='ocrx_word' id='word_1_225' title='bbox 742 2041 773 2090; x_wconf 93' lang='lat' dir='ltr'><strong>ut</strong></span> <span class='ocrx_word' id='word_1_226' title='bbox 797 2052 858 2091; x_wconf 90' lang='lat' dir='ltr'><strong>cum</strong></span> <span class='ocrx_word' id='word_1_227' title='bbox 877 2035 951 2090; x_wconf 84' lang='lat' dir='ltr'><strong>socia</strong></span> <span class='ocrx_word' id='word_1_228' title='bbox 969 2051 1033 2104; x_wconf 87' lang='lat' dir='ltr'><strong>sus,</strong></span> <span class='ocrx_word' id='word_1_229' title='bbox 1061 2037 1146 2092; x_wconf 90' lang='lat' dir='ltr'><strong>latere</strong></span> <span class='ocrx_word' id='word_1_230' title='bbox 1170 2037 1422 2095; x_wconf 88' lang='lat' dir='ltr'><strong>circumferentialis</strong></span> <span class='ocrx_word' id='word_1_231' title='bbox 1446 2042 1555 2111; x_wconf 71' lang='lat' dir='ltr'><strong>figam,</strong></span> 
     </span>
     <span class='ocr_line' id='line_1_22' title="bbox 198 2113 1556 2196; baseline 0.005 -26"><span class='ocrx_word' id='word_1_232' title='bbox 198 2118 388 2186; x_wconf 88' lang='lat' dir='ltr'><strong>rectangulum</strong></span> <span class='ocrx_word' id='word_1_233' title='bbox 407 2113 513 2168; x_wconf 85' lang='lat' dir='ltr'><strong>effabile</strong></span> <span class='ocrx_word' id='word_1_234' title='bbox 532 2113 639 2178; x_wconf 87' lang='lat' dir='ltr'><strong>formet,</strong></span> <span class='ocrx_word' id='word_1_235' title='bbox 658 2114 730 2186; x_wconf 92' lang='lat' dir='ltr'><strong>quod</strong></span> <span class='ocrx_word' id='word_1_236' title='bbox 750 2123 793 2169; x_wconf 90' lang='lat' dir='ltr'><strong>est</strong></span> <span class='ocrx_word' id='word_1_237' title='bbox 811 2122 877 2170; x_wconf 89' lang='lat' dir='ltr'><strong>nota</strong></span> <span class='ocrx_word' id='word_1_238' title='bbox 889 2114 1064 2184; x_wconf 87' lang='lat' dir='ltr'><strong>perfectionis</strong></span> <span class='ocrx_word' id='word_1_239' title='bbox 1077 2131 1147 2185; x_wconf 90' lang='lat' dir='ltr'><strong>pene</strong></span> <span class='ocrx_word' id='word_1_240' title='bbox 1160 2117 1315 2196; x_wconf 59' lang='lat' dir='ltr'><strong>absolutam</strong></span> <span class='ocrx_word' id='word_1_241' title='bbox 1335 2118 1458 2189; x_wconf 86' lang='lat' dir='ltr'><strong>adeoque</strong></span> <span class='ocrx_word' id='word_1_242' title='bbox 1475 2123 1556 2184; x_wconf 75' lang='lat' dir='ltr'><strong>edam</strong></span> 
     </span>
     <span class='ocr_line' id='line_1_23' title="bbox 201 2189 1554 2269; baseline -0.003 -21"><span class='ocrx_word' id='word_1_243' title='bbox 201 2211 264 2250; x_wconf 89' lang='lat' dir='ltr'><strong>cum</strong></span> <span class='ocrx_word' id='word_1_244' title='bbox 282 2195 388 2266; x_wconf 83' lang='lat' dir='ltr'><strong>trigono</strong></span> <span class='ocrx_word' id='word_1_245' title='bbox 408 2201 435 2247; x_wconf 93' lang='lat' dir='ltr'><strong>et</strong></span> <span class='ocrx_word' id='word_1_246' title='bbox 453 2189 596 2262; x_wconf 81' lang='lat' dir='ltr'><strong>hexagono</strong></span> <span class='ocrx_word' id='word_1_247' title='bbox 614 2195 686 2250; x_wconf 89' lang='lat' dir='ltr'><strong>hanc</strong></span> <span class='ocrx_word' id='word_1_248' title='bbox 702 2193 817 2261; x_wconf 82' lang='lat' dir='ltr'><strong>figuram</strong></span> <span class='ocrx_word' id='word_1_249' title='bbox 832 2193 978 2250; x_wconf 85' lang='lat' dir='ltr'><strong>scibilitste</strong></span> <span class='ocrx_word' id='word_1_250' title='bbox 995 2193 1062 2254; x_wconf 81' lang='lat' dir='ltr'><strong>facit</strong></span> <span class='ocrx_word' id='word_1_251' title='bbox 1079 2193 1252 2264; x_wconf 82' lang='lat' dir='ltr'><strong>contendere,</strong></span> <span class='ocrx_word' id='word_1_252' title='bbox 1270 2205 1384 2265; x_wconf 90' lang='lat' dir='ltr'><strong>propter</strong></span> <span class='ocrx_word' id='word_1_253' title='bbox 1402 2198 1473 2254; x_wconf 87' lang='lat' dir='ltr'><strong>banc</strong></span> <span class='ocrx_word' id='word_1_254' title='bbox 1490 2216 1554 2269; x_wconf 69' lang='lat' dir='ltr'><strong>pen.</strong></span> 
     </span>
     <span class='ocr_line' id='line_1_24' title="bbox 200 2271 1020 2342; baseline -0.002 -14"><span class='ocrx_word' id='word_1_255' title='bbox 200 2274 336 2328; x_wconf 76' lang='lat' dir='ltr'><strong>sadonem</strong></span> <span class='ocrx_word' id='word_1_256' title='bbox 353 2271 550 2327; x_wconf 81' lang='lat' dir='ltr'><strong>ineffabilitatis</strong></span> <span class='ocrx_word' id='word_1_257' title='bbox 568 2288 648 2342; x_wconf 88' lang='lat' dir='ltr'><strong>suae,</strong></span> <span class='ocrx_word' id='word_1_258' title='bbox 666 2273 848 2342; x_wconf 88' lang='lat' dir='ltr'><strong>ponderosam</strong></span> <span class='ocrx_word' id='word_1_259' title='bbox 865 2271 1020 2328; x_wconf 86' lang='lat' dir='ltr'><strong>admodum.</strong></span> 
     </span>
    </p>
   </div>
   <div class='ocr_carea' id='block_1_3' title="bbox 159 2361 1607 4900">
    <p class='ocr_par' dir='ltr' id='par_1_3' title="bbox 202 2361 1558 2530">
     <span class='ocr_line' id='line_1_25' title="bbox 288 2361 1558 2443; baseline 0.005 -19"><span class='ocrx_word' id='word_1_260' title='bbox 288 2364 504 2440; x_wconf 89' lang='lat' dir='ltr'><strong>Propositio</strong></span> <span class='ocrx_word' id='word_1_261' title='bbox 527 2361 616 2422; x_wconf 87' lang='lat' dir='ltr'>XIII.</span> <span class='ocrx_word' id='word_1_262' title='bbox 663 2362 790 2439; x_wconf 86' lang='lat' dir='ltr'><strong>Quartus</strong></span> <span class='ocrx_word' id='word_1_263' title='bbox 820 2367 849 2423; x_wconf 89' lang='lat' dir='ltr'><strong>iu</strong></span> <span class='ocrx_word' id='word_1_264' title='bbox 880 2365 1053 2426; x_wconf 87' lang='lat' dir='ltr'><strong>efficacitate</strong></span> <span class='ocrx_word' id='word_1_265' title='bbox 1084 2364 1346 2442; x_wconf 81' lang='lat' dir='ltr'><strong>configurationem</strong></span> <span class='ocrx_word' id='word_1_266' title='bbox 1376 2367 1485 2443; x_wconf 83' lang='lat' dir='ltr'><strong>gradus</strong></span> <span class='ocrx_word' id='word_1_267' title='bbox 1512 2377 1558 2430; x_wconf 87' lang='lat' dir='ltr'><strong>est</strong></span> 
     </span>
     <span class='ocr_line' id='line_1_26' title="bbox 202 2449 788 2530; baseline -0.003 -18"><span class='ocrx_word' id='word_1_268' title='bbox 202 2454 347 2530; x_wconf 88' lang='lat' dir='ltr'><strong>quintilis,</strong></span> <span class='ocrx_word' id='word_1_269' title='bbox 371 2449 532 2527; x_wconf 88' lang='lat' dir='ltr'><strong>biquintilis</strong></span> <span class='ocrx_word' id='word_1_270' title='bbox 555 2458 584 2508; x_wconf 90' lang='lat' dir='ltr'><strong>et</strong></span> <span class='ocrx_word' id='word_1_271' title='bbox 607 2452 788 2527; x_wconf 89' lang='lat' dir='ltr'><strong>quincuncis.</strong></span> 
     </span>
    </p>

    <p class='ocr_par' dir='ltr' id='par_1_4' title="bbox 199 2533 1607 3152">
     <span class='ocr_line' id='line_1_27' title="bbox 288 2533 1556 2610; baseline 0.005 -21"><span class='ocrx_word' id='word_1_272' title='bbox 288 2536 337 2590; x_wconf 88' lang='lat' dir='ltr'><strong>His</strong></span> <span class='ocrx_word' id='word_1_273' title='bbox 362 2533 433 2589; x_wconf 89' lang='lat' dir='ltr'><strong>enim</strong></span> <span class='ocrx_word' id='word_1_274' title='bbox 456 2533 605 2587; x_wconf 81' lang='lat' dir='ltr'><strong>communIs</strong></span> <span class='ocrx_word' id='word_1_275' title='bbox 629 2539 671 2588; x_wconf 90' lang='lat' dir='ltr'><strong>est</strong></span> <span class='ocrx_word' id='word_1_276' title='bbox 696 2534 873 2602; x_wconf 90' lang='lat' dir='ltr'><strong>congruentia</strong></span> <span class='ocrx_word' id='word_1_277' title='bbox 899 2533 1045 2602; x_wconf 87' lang='lat' dir='ltr'><strong>figurarum</strong></span> <span class='ocrx_word' id='word_1_278' title='bbox 1068 2535 1255 2604; x_wconf 83' lang='lat' dir='ltr'><strong>primariorum</strong></span> <span class='ocrx_word' id='word_1_279' title='bbox 1279 2540 1398 2590; x_wconf 89' lang='lat' dir='ltr'><strong>totarum</strong></span> <span class='ocrx_word' id='word_1_280' title='bbox 1419 2536 1447 2590; x_wconf 90' lang='lat' dir='ltr'><strong>in</strong></span> <span class='ocrx_word' id='word_1_281' title='bbox 1465 2539 1556 2610; x_wconf 88' lang='lat' dir='ltr'><strong>plano,</strong></span> 
     </span>
     <span class='ocr_line' id='line_1_28' title="bbox 200 2608 1557 2686; baseline 0.001 -16"><span class='ocrx_word' id='word_1_282' title='bbox 200 2623 365 2670; x_wconf 89' lang='lat' dir='ltr'><strong>nontamen</strong></span> <span class='ocrx_word' id='word_1_283' title='bbox 385 2608 550 2680; x_wconf 78' lang='lat' dir='ltr'><strong>singularum</strong></span> <span class='ocrx_word' id='word_1_284' title='bbox 569 2612 719 2679; x_wconf 87' lang='lat' dir='ltr'><strong>specierum</strong></span> <span class='ocrx_word' id='word_1_285' title='bbox 738 2629 831 2668; x_wconf 89' lang='lat' dir='ltr'><strong>secum</strong></span> <span class='ocrx_word' id='word_1_286' title='bbox 849 2614 929 2684; x_wconf 86' lang='lat' dir='ltr'><strong>ipsis,</strong></span> <span class='ocrx_word' id='word_1_287' title='bbox 954 2614 1003 2669; x_wconf 89' lang='lat' dir='ltr'><strong>sed</strong></span> <span class='ocrx_word' id='word_1_288' title='bbox 1020 2615 1166 2683; x_wconf 86' lang='lat' dir='ltr'><strong>primarum</strong></span> <span class='ocrx_word' id='word_1_289' title='bbox 1185 2613 1299 2668; x_wconf 87' lang='lat' dir='ltr'><strong>duarum</strong></span> <span class='ocrx_word' id='word_1_290' title='bbox 1317 2613 1389 2668; x_wconf 90' lang='lat' dir='ltr'><strong>inter</strong></span> <span class='ocrx_word' id='word_1_291' title='bbox 1406 2631 1436 2670; x_wconf 90' lang='lat' dir='ltr'><strong>se</strong></span> <span class='ocrx_word' id='word_1_292' title='bbox 1455 2624 1557 2686; x_wconf 90' lang='lat' dir='ltr'><strong>mutuo,</strong></span> 
     </span>
     <span class='ocr_line' id='line_1_29' title="bbox 200 2689 1607 2765; baseline 0.004 -18"><span class='ocrx_word' id='word_1_293' title='bbox 200 2693 312 2747; x_wconf 78' lang='lat' dir='ltr'><strong>nldmae</strong></span> <span class='ocrx_word' id='word_1_294' title='bbox 331 2708 392 2747; x_wconf 90' lang='lat' dir='ltr'><strong>cum</strong></span> <span class='ocrx_word' id='word_1_295' title='bbox 409 2689 470 2745; x_wconf 91' lang='lat' dir='ltr'><strong>aliis</strong></span> <span class='ocrx_word' id='word_1_296' title='bbox 489 2689 540 2743; x_wconf 87' lang='lat' dir='ltr'><strong>sibi</strong></span> <span class='ocrx_word' id='word_1_297' title='bbox 559 2691 688 2760; x_wconf 85' lang='lat' dir='ltr'><strong>cognatis.</strong></span> <span class='ocrx_word' id='word_1_298' title='bbox 725 2693 898 2748; x_wconf 88' lang='lat' dir='ltr'><strong>Praecellunt</strong></span> <span class='ocrx_word' id='word_1_299' title='bbox 918 2693 971 2747; x_wconf 89' lang='lat' dir='ltr'><strong>duo</strong></span> <span class='ocrx_word' id='word_1_300' title='bbox 989 2694 1095 2763; x_wconf 87' lang='lat' dir='ltr'><strong>priores</strong></span> <span class='ocrx_word' id='word_1_301' title='bbox 1108 2699 1234 2764; x_wconf 88' lang='lat' dir='ltr'><strong>aspectus</strong></span> <span class='ocrx_word' id='word_1_302' title='bbox 1253 2709 1294 2762; x_wconf 92' lang='lat' dir='ltr'><strong>eo,</strong></span> <span class='ocrx_word' id='word_1_303' title='bbox 1313 2695 1386 2763; x_wconf 92' lang='lat' dir='ltr'><strong>quod</strong></span> <span class='ocrx_word' id='word_1_304' title='bbox 1405 2704 1558 2765; x_wconf 91' lang='lat' dir='ltr'><strong>congruunt</strong></span> <span class='ocrx_word' id='word_1_305' title='bbox 1603 2719 1607 2726; x_wconf 59' lang='lat'>¹</span> 
     </span>
     <span class='ocr_line' id='line_1_30' title="bbox 199 2767 1555 2842; baseline 0.005 -18"><span class='ocrx_word' id='word_1_306' title='bbox 199 2769 319 2840; x_wconf 90' lang='lat' dir='ltr'><strong>figurae,</strong></span> <span class='ocrx_word' id='word_1_307' title='bbox 344 2775 513 2840; x_wconf 85' lang='lat' dir='ltr'><strong>pentagonus</strong></span> <span class='ocrx_word' id='word_1_308' title='bbox 533 2777 560 2822; x_wconf 86' lang='lat' dir='ltr'><strong>et</strong></span> <span class='ocrx_word' id='word_1_309' title='bbox 579 2769 658 2824; x_wconf 87' lang='lat' dir='ltr'><strong>stella</strong></span> <span class='ocrx_word' id='word_1_310' title='bbox 676 2769 735 2838; x_wconf 86' lang='lat' dir='ltr'><strong>ejus</strong></span> <span class='ocrx_word' id='word_1_311' title='bbox 755 2772 835 2826; x_wconf 88' lang='lat' dir='ltr'><strong>etiam</strong></span> <span class='ocrx_word' id='word_1_312' title='bbox 854 2772 881 2826; x_wconf 90' lang='lat' dir='ltr'><strong>in</strong></span> <span class='ocrx_word' id='word_1_313' title='bbox 900 2767 987 2826; x_wconf 88' lang='lat' dir='ltr'><strong>solido</strong></span> <span class='ocrx_word' id='word_1_314' title='bbox 1006 2771 1164 2842; x_wconf 84' lang='lat' dir='ltr'><strong>faciuntque</strong></span> <span class='ocrx_word' id='word_1_315' title='bbox 1189 2771 1255 2826; x_wconf 89' lang='lat' dir='ltr'><strong>duas</strong></span> <span class='ocrx_word' id='word_1_316' title='bbox 1274 2771 1375 2841; x_wconf 86' lang='lat' dir='ltr'><strong>figuras</strong></span> <span class='ocrx_word' id='word_1_317' title='bbox 1394 2774 1495 2830; x_wconf 91' lang='lat' dir='ltr'><strong>solidas</strong></span> <span class='ocrx_word' id='word_1_318' title='bbox 1513 2791 1555 2831; x_wconf 89' lang='lat' dir='ltr'><strong>re·</strong></span> 
     </span>
     <span class='ocr_line' id='line_1_31' title="bbox 201 2847 1554 2920; baseline 0.005 -17"><span class='ocrx_word' id='word_1_319' title='bbox 201 2849 318 2917; x_wconf 85' lang='lat' dir='ltr'><strong>gularos,</strong></span> <span class='ocrx_word' id='word_1_320' title='bbox 337 2865 391 2917; x_wconf 87' lang='lat' dir='ltr'><strong>qua</strong></span> <span class='ocrx_word' id='word_1_321' title='bbox 408 2847 549 2902; x_wconf 88' lang='lat' dir='ltr'><strong>nobilitate</strong></span> <span class='ocrx_word' id='word_1_322' title='bbox 566 2863 637 2917; x_wconf 88' lang='lat' dir='ltr'><strong>pene</strong></span> <span class='ocrx_word' id='word_1_323' title='bbox 655 2852 792 2905; x_wconf 82' lang='lat' dir='ltr'><strong>associant</strong></span> <span class='ocrx_word' id='word_1_324' title='bbox 810 2857 938 2920; x_wconf 85' lang='lat' dir='ltr'><strong>aspectus</strong></span> <span class='ocrx_word' id='word_1_325' title='bbox 958 2865 1022 2904; x_wconf 91' lang='lat' dir='ltr'><strong>suos</strong></span> <span class='ocrx_word' id='word_1_326' title='bbox 1041 2851 1112 2905; x_wconf 89' lang='lat' dir='ltr'><strong>triuo</strong></span> <span class='ocrx_word' id='word_1_327' title='bbox 1131 2857 1159 2904; x_wconf 91' lang='lat' dir='ltr'><strong>et</strong></span> <span class='ocrx_word' id='word_1_328' title='bbox 1171 2850 1320 2919; x_wconf 81' lang='lat' dir='ltr'><strong>quadrat03</strong></span> <span class='ocrx_word' id='word_1_329' title='bbox 1341 2851 1421 2907; x_wconf 89' lang='lat' dir='ltr'><strong>stella</strong></span> <span class='ocrx_word' id='word_1_330' title='bbox 1440 2853 1554 2910; x_wconf 88' lang='lat' dir='ltr'><strong>dodeca-</strong></span> 
     </span>
     <span class='ocr_line' id='line_1_32' title="bbox 201 2927 1556 3001; baseline 0.004 -19"><span class='ocrx_word' id='word_1_331' title='bbox 201 2930 298 2996; x_wconf 89' lang='lat' dir='ltr'><strong>gonioa</strong></span> <span class='ocrx_word' id='word_1_332' title='bbox 315 2929 343 2981; x_wconf 94' lang='lat' dir='ltr'><strong>in</strong></span> <span class='ocrx_word' id='word_1_333' title='bbox 362 2927 447 2983; x_wconf 81' lang='lat' dir='ltr'><strong>subdo</strong></span> <span class='ocrx_word' id='word_1_334' title='bbox 467 2942 521 2980; x_wconf 90' lang='lat' dir='ltr'><strong>non</strong></span> <span class='ocrx_word' id='word_1_335' title='bbox 540 2929 671 2995; x_wconf 85' lang='lat' dir='ltr'><strong>congruit,</strong></span> <span class='ocrx_word' id='word_1_336' title='bbox 691 2937 719 2983; x_wconf 85' lang='lat' dir='ltr'><strong>st</strong></span> <span class='ocrx_word' id='word_1_337' title='bbox 731 2930 848 2984; x_wconf 85' lang='lat' dir='ltr'><strong>vicissim</strong></span> <span class='ocrx_word' id='word_1_338' title='bbox 866 2928 1006 2999; x_wconf 89' lang='lat' dir='ltr'><strong>praecellit</strong></span> <span class='ocrx_word' id='word_1_339' title='bbox 1025 2935 1053 2982; x_wconf 92' lang='lat' dir='ltr'><strong>et</strong></span> <span class='ocrx_word' id='word_1_340' title='bbox 1064 2927 1454 2998; x_wconf 84' lang='lat' dir='ltr'><strong>dodecagouicacongruentia</strong></span> <span class='ocrx_word' id='word_1_341' title='bbox 1466 2932 1556 3001; x_wconf 87' lang='lat' dir='ltr'><strong>plana,</strong></span> 
     </span>
     <span class='ocr_line' id='line_1_33' title="bbox 201 3005 1556 3078; baseline 0.003 -18"><span class='ocrx_word' id='word_1_342' title='bbox 201 3021 284 3076; x_wconf 87' lang='lat' dir='ltr'><strong>quarn</strong></span> <span class='ocrx_word' id='word_1_343' title='bbox 302 3005 385 3061; x_wconf 89' lang='lat' dir='ltr'><strong>babet</strong></span> <span class='ocrx_word' id='word_1_344' title='bbox 406 3007 616 3062; x_wconf 88' lang='lat' dir='ltr'><strong>continuabilem</strong></span> <span class='ocrx_word' id='word_1_345' title='bbox 640 3009 668 3063; x_wconf 90' lang='lat' dir='ltr'><strong>in</strong></span> <span class='ocrx_word' id='word_1_346' title='bbox 685 3009 832 3077; x_wconf 82' lang='lat' dir='ltr'><strong>infinitum,</strong></span> <span class='ocrx_word' id='word_1_347' title='bbox 857 3007 998 3063; x_wconf 84' lang='lat' dir='ltr'><strong>camillae</strong></span> <span class='ocrx_word' id='word_1_348' title='bbox 1026 3023 1079 3062; x_wconf 91' lang='lat' dir='ltr'><strong>non</strong></span> <span class='ocrx_word' id='word_1_349' title='bbox 1100 3007 1181 3076; x_wconf 90' lang='lat' dir='ltr'><strong>longe</strong></span> <span class='ocrx_word' id='word_1_350' title='bbox 1205 3007 1355 3063; x_wconf 86' lang='lat' dir='ltr'><strong>contionari</strong></span> <span class='ocrx_word' id='word_1_351' title='bbox 1374 3011 1480 3078; x_wconf 80' lang='lat' dir='ltr'><strong>possInt</strong></span> <span class='ocrx_word' id='word_1_352' title='bbox 1497 3011 1556 3066; x_wconf 89' lang='lat' dir='ltr'><strong>sine</strong></span> 
     </span>
     <span class='ocr_line' id='line_1_34' title="bbox 200 3085 928 3152; baseline 0.001 -12"><span class='ocrx_word' id='word_1_353' title='bbox 200 3086 320 3140; x_wconf 85' lang='lat' dir='ltr'><strong>mixtura</strong></span> <span class='ocrx_word' id='word_1_354' title='bbox 337 3085 485 3152; x_wconf 85' lang='lat' dir='ltr'><strong>irregulari.</strong></span> <span class='ocrx_word' id='word_1_355' title='bbox 523 3085 591 3141; x_wconf 89' lang='lat' dir='ltr'><strong>Vide</strong></span> <span class='ocrx_word' id='word_1_356' title='bbox 610 3087 678 3142; x_wconf 88' lang='lat' dir='ltr'><strong>haec</strong></span> <span class='ocrx_word' id='word_1_357' title='bbox 696 3089 787 3142; x_wconf 87' lang='lat' dir='ltr'><strong>omnia</strong></span> <span class='ocrx_word' id='word_1_358' title='bbox 804 3088 874 3142; x_wconf 87' lang='lat' dir='ltr'><strong>libro</strong></span> <span class='ocrx_word' id='word_1_359' title='bbox 892 3089 928 3142; x_wconf 91' lang='grc' dir='ltr'><strong>Π.</strong></span> 
     </span>
    </p>

    <p class='ocr_par' dir='ltr' id='par_1_5' title="bbox 159 3164 1558 4900">
     <span class='ocr_line' id='line_1_35' title="bbox 290 3164 1556 3234; baseline 0.004 -16"><span class='ocrx_word' id='word_1_360' title='bbox 290 3164 368 3232; x_wconf 76' lang='lat' dir='ltr'><strong>Quod</strong></span> <span class='ocrx_word' id='word_1_361' title='bbox 391 3164 562 3220; x_wconf 88' lang='lat' dir='ltr'><strong>scibilitatem</strong></span> <span class='ocrx_word' id='word_1_362' title='bbox 586 3167 683 3220; x_wconf 86' lang='lat' dir='ltr'><strong>attinet</strong></span> <span class='ocrx_word' id='word_1_363' title='bbox 708 3166 823 3222; x_wconf 87' lang='lat' dir='ltr'><strong>laterum</strong></span> <span class='ocrx_word' id='word_1_364' title='bbox 844 3167 872 3219; x_wconf 92' lang='lat' dir='ltr'><strong>in</strong></span> <span class='ocrx_word' id='word_1_365' title='bbox 895 3167 989 3234; x_wconf 83' lang='lat' dir='ltr'><strong>figuris</strong></span> <span class='ocrx_word' id='word_1_366' title='bbox 1012 3165 1191 3234; x_wconf 88' lang='lat' dir='ltr'><strong>centralibus,</strong></span> <span class='ocrx_word' id='word_1_367' title='bbox 1214 3166 1259 3221; x_wconf 90' lang='lat' dir='ltr'><strong>hic</strong></span> <span class='ocrx_word' id='word_1_368' title='bbox 1284 3167 1366 3221; x_wconf 89' lang='lat' dir='ltr'><strong>etiam</strong></span> <span class='ocrx_word' id='word_1_369' title='bbox 1389 3165 1556 3222; x_wconf 84' lang='lat' dir='ltr'><strong>mediolaco</strong></span> 
     </span>
     <span class='ocr_line' id='line_1_36' title="bbox 200 3242 1554 3314; baseline 0.001 -14"><span class='ocrx_word' id='word_1_370' title='bbox 200 3243 355 3300; x_wconf 88' lang='lat' dir='ltr'><strong>consistunt</strong></span> <span class='ocrx_word' id='word_1_371' title='bbox 371 3243 460 3298; x_wconf 84' lang='lat' dir='ltr'><strong>latera</strong></span> <span class='ocrx_word' id='word_1_372' title='bbox 478 3243 609 3311; x_wconf 87' lang='lat' dir='ltr'><strong>decagoni</strong></span> <span class='ocrx_word' id='word_1_373' title='bbox 627 3253 655 3299; x_wconf 91' lang='lat' dir='ltr'><strong>et</strong></span> <span class='ocrx_word' id='word_1_374' title='bbox 671 3247 800 3301; x_wconf 90' lang='lat' dir='ltr'><strong>tridecilis</strong></span> <span class='ocrx_word' id='word_1_375' title='bbox 820 3253 848 3300; x_wconf 90' lang='lat' dir='ltr'><strong>et</strong></span> <span class='ocrx_word' id='word_1_376' title='bbox 867 3242 1043 3314; x_wconf 87' lang='lat' dir='ltr'><strong>dodecngoni,</strong></span> <span class='ocrx_word' id='word_1_377' title='bbox 1063 3261 1132 3314; x_wconf 89' lang='lat' dir='ltr'><strong>qnae</strong></span> <span class='ocrx_word' id='word_1_378' title='bbox 1151 3254 1216 3300; x_wconf 90' lang='lat' dir='ltr'><strong>sunt</strong></span> <span class='ocrx_word' id='word_1_379' title='bbox 1234 3247 1286 3301; x_wconf 90' lang='lat' dir='ltr'><strong>bac</strong></span> <span class='ocrx_word' id='word_1_380' title='bbox 1304 3247 1332 3300; x_wconf 83' lang='lat' dir='ltr'><strong>In</strong></span> <span class='ocrx_word' id='word_1_381' title='bbox 1345 3247 1431 3302; x_wconf 89' lang='lat' dir='ltr'><strong>classe</strong></span> <span class='ocrx_word' id='word_1_382' title='bbox 1451 3257 1554 3302; x_wconf 73' lang='lat' dir='ltr'><strong>centra</strong></span> 
     </span>
     <span class='ocr_line' id='line_1_37' title="bbox 205 3321 1557 3395; baseline 0.004 -18"><span class='ocrx_word' id='word_1_383' title='bbox 205 3323 256 3391; x_wconf 91' lang='lat' dir='ltr'><strong>les,</strong></span> <span class='ocrx_word' id='word_1_384' title='bbox 275 3323 345 3376; x_wconf 90' lang='lat' dir='ltr'><strong>inter</strong></span> <span class='ocrx_word' id='word_1_385' title='bbox 362 3323 435 3376; x_wconf 87' lang='lat' dir='ltr'><strong>latus</strong></span> <span class='ocrx_word' id='word_1_386' title='bbox 454 3321 552 3390; x_wconf 88' lang='lat' dir='ltr'><strong>trigoni</strong></span> <span class='ocrx_word' id='word_1_387' title='bbox 572 3325 761 3392; x_wconf 87' lang='lat' dir='ltr'><strong>praecedentis</strong></span> <span class='ocrx_word' id='word_1_388' title='bbox 781 3331 809 3379; x_wconf 91' lang='lat' dir='ltr'><strong>et</strong></span> <span class='ocrx_word' id='word_1_389' title='bbox 826 3324 913 3377; x_wconf 88' lang='lat' dir='ltr'><strong>latera</strong></span> <span class='ocrx_word' id='word_1_390' title='bbox 930 3325 1079 3394; x_wconf 85' lang='lat' dir='ltr'><strong>pentagoni</strong></span> <span class='ocrx_word' id='word_1_391' title='bbox 1096 3325 1246 3393; x_wconf 86' lang='lat' dir='ltr'><strong>stellaeque</strong></span> <span class='ocrx_word' id='word_1_392' title='bbox 1265 3326 1472 3395; x_wconf 87' lang='lat' dir='ltr'><strong>pentagonicae,</strong></span> <span class='ocrx_word' id='word_1_393' title='bbox 1496 3342 1557 3383; x_wconf 89' lang='lat' dir='ltr'><strong>cen·</strong></span> 
     </span>
     <span class='ocr_line' id='line_1_38' title="bbox 200 3400 1556 3473; baseline 0.004 -19"><span class='ocrx_word' id='word_1_394' title='bbox 200 3401 311 3455; x_wconf 80' lang='lat' dir='ltr'><strong>trallunt</strong></span> <span class='ocrx_word' id='word_1_395' title='bbox 329 3401 476 3470; x_wconf 77' lang='lat' dir='ltr'><strong>figurarum</strong></span> <span class='ocrx_word' id='word_1_396' title='bbox 494 3401 523 3454; x_wconf 91' lang='lat' dir='ltr'><strong>in</strong></span> <span class='ocrx_word' id='word_1_397' title='bbox 541 3400 628 3456; x_wconf 88' lang='lat' dir='ltr'><strong>classe</strong></span> <span class='ocrx_word' id='word_1_398' title='bbox 646 3405 779 3473; x_wconf 88' lang='lat' dir='ltr'><strong>sequenti.</strong></span> <span class='ocrx_word' id='word_1_399' title='bbox 815 3403 884 3456; x_wconf 90' lang='lat' dir='ltr'><strong>Nam</strong></span> <span class='ocrx_word' id='word_1_400' title='bbox 909 3400 978 3456; x_wconf 92' lang='lat' dir='ltr'><strong>libro</strong></span> <span class='ocrx_word' id='word_1_401' title='bbox 996 3403 1017 3455; x_wconf 92' lang='grc' dir='ltr'><strong>Ι.</strong></span> <span class='ocrx_word' id='word_1_402' title='bbox 1044 3401 1256 3458; x_wconf 89' lang='lat' dir='ltr'><strong>demonstratum</strong></span> <span class='ocrx_word' id='word_1_403' title='bbox 1275 3407 1329 3468; x_wconf 89' lang='lat' dir='ltr'><strong>est,</strong></span> <span class='ocrx_word' id='word_1_404' title='bbox 1355 3404 1430 3472; x_wconf 87' lang='lat' dir='ltr'><strong>prius</strong></span> <span class='ocrx_word' id='word_1_405' title='bbox 1450 3419 1510 3458; x_wconf 89' lang='lat' dir='ltr'><strong>csse</strong></span> <span class='ocrx_word' id='word_1_406' title='bbox 1529 3405 1556 3459; x_wconf 91' lang='lat' dir='ltr'><strong>in</strong></span> 
     </span>
     <span class='ocr_line' id='line_1_39' title="bbox 203 3479 1556 3552; baseline 0.003 -18"><span class='ocrx_word' id='word_1_407' title='bbox 203 3480 317 3535; x_wconf 88' lang='lat' dir='ltr'><strong>scientia</strong></span> <span class='ocrx_word' id='word_1_408' title='bbox 337 3479 531 3548; x_wconf 88' lang='lat' dir='ltr'><strong>decagonicnm</strong></span> <span class='ocrx_word' id='word_1_409' title='bbox 548 3480 621 3536; x_wconf 86' lang='lat' dir='ltr'><strong>latus</strong></span> <span class='ocrx_word' id='word_1_410' title='bbox 636 3484 830 3552; x_wconf 77' lang='lat' dir='ltr'><strong>pentagonIoo,</strong></span> <span class='ocrx_word' id='word_1_411' title='bbox 853 3480 975 3536; x_wconf 88' lang='lat' dir='ltr'><strong>tridecile</strong></span> <span class='ocrx_word' id='word_1_412' title='bbox 993 3481 1096 3535; x_wconf 88' lang='lat' dir='ltr'><strong>stellari</strong></span> <span class='ocrx_word' id='word_1_413' title='bbox 1113 3483 1304 3552; x_wconf 86' lang='lat' dir='ltr'><strong>pentagonico.</strong></span> <span class='ocrx_word' id='word_1_414' title='bbox 1341 3484 1440 3550; x_wconf 89' lang='lat' dir='ltr'><strong>Itaque</strong></span> <span class='ocrx_word' id='word_1_415' title='bbox 1459 3493 1487 3537; x_wconf 90' lang='lat' dir='ltr'><strong>et</strong></span> <span class='ocrx_word' id='word_1_416' title='bbox 1505 3483 1556 3538; x_wconf 90' lang='lat' dir='ltr'><strong>sci·</strong></span> 
     </span>
     <span class='ocr_line' id='line_1_40' title="bbox 159 3558 1556 3632; baseline 0.002 -18"><span class='ocrx_word' id='word_1_417' title='bbox 159 3567 166 3584; x_wconf 72' lang='lat'>⁸</span> <span class='ocrx_word' id='word_1_418' title='bbox 202 3559 294 3614; x_wconf 88' lang='lat' dir='ltr'><strong>bilitas</strong></span> <span class='ocrx_word' id='word_1_419' title='bbox 313 3561 408 3614; x_wconf 90' lang='lat' dir='ltr'><strong>eodem</strong></span> <span class='ocrx_word' id='word_1_420' title='bbox 426 3558 513 3628; x_wconf 92' lang='lat' dir='ltr'><strong>ducit,</strong></span> <span class='ocrx_word' id='word_1_421' title='bbox 542 3577 596 3628; x_wconf 90' lang='lat' dir='ltr'><strong>qno</strong></span> <span class='ocrx_word' id='word_1_422' title='bbox 615 3569 642 3616; x_wconf 89' lang='lat' dir='ltr'><strong>et</strong></span> <span class='ocrx_word' id='word_1_423' title='bbox 660 3563 845 3632; x_wconf 84' lang='lat' dir='ltr'><strong>congruentia,</strong></span> <span class='ocrx_word' id='word_1_424' title='bbox 873 3576 922 3628; x_wconf 90' lang='lat' dir='ltr'><strong>per</strong></span> <span class='ocrx_word' id='word_1_425' title='bbox 939 3575 979 3628; x_wconf 87' lang='lat' dir='ltr'><strong>pr.</strong></span> <span class='ocrx_word' id='word_1_426' title='bbox 1001 3563 1031 3627; x_wconf 79' lang='lat'><strong>7,</strong></span> <span class='ocrx_word' id='word_1_427' title='bbox 1055 3575 1125 3628; x_wconf 89' lang='lat' dir='ltr'><strong>qnae</strong></span> <span class='ocrx_word' id='word_1_428' title='bbox 1147 3561 1229 3630; x_wconf 89' lang='lat' dir='ltr'><strong>hujus</strong></span> <span class='ocrx_word' id='word_1_429' title='bbox 1253 3561 1424 3630; x_wconf 89' lang='lat' dir='ltr'><strong>potissimum</strong></span> <span class='ocrx_word' id='word_1_430' title='bbox 1448 3562 1556 3617; x_wconf 88' lang='lat' dir='ltr'><strong>demon·</strong></span> 
     </span>
     <span class='ocr_line' id='line_1_41' title="bbox 201 3638 1558 3710; baseline 0.002 -15"><span class='ocrx_word' id='word_1_431' title='bbox 201 3642 342 3696; x_wconf 88' lang='lat' dir='ltr'><strong>strationis</strong></span> <span class='ocrx_word' id='word_1_432' title='bbox 366 3655 448 3696; x_wconf 86' lang='lat' dir='ltr'><strong>cansa</strong></span> <span class='ocrx_word' id='word_1_433' title='bbox 470 3639 523 3694; x_wconf 90' lang='lat' dir='ltr'><strong>fuit</strong></span> <span class='ocrx_word' id='word_1_434' title='bbox 544 3640 757 3708; x_wconf 80' lang='lat' dir='ltr'><strong>praemittenda.</strong></span> <span class='ocrx_word' id='word_1_435' title='bbox 785 3656 819 3694; x_wconf 89' lang='lat' dir='ltr'><strong>ne</strong></span> <span class='ocrx_word' id='word_1_436' title='bbox 842 3638 935 3693; x_wconf 90' lang='lat' dir='ltr'><strong>decilis</strong></span> <span class='ocrx_word' id='word_1_437' title='bbox 958 3639 999 3692; x_wconf 81' lang='lat' dir='ltr'><strong>vel</strong></span> <span class='ocrx_word' id='word_1_438' title='bbox 1023 3639 1153 3695; x_wconf 89' lang='lat' dir='ltr'><strong>tridecilis</strong></span> <span class='ocrx_word' id='word_1_439' title='bbox 1176 3641 1378 3710; x_wconf 80' lang='lat' dir='ltr'><strong>praeferrentur</strong></span> <span class='ocrx_word' id='word_1_440' title='bbox 1400 3642 1505 3710; x_wconf 87' lang='lat' dir='ltr'><strong>quintili</strong></span> <span class='ocrx_word' id='word_1_441' title='bbox 1529 3652 1558 3698; x_wconf 90' lang='lat' dir='ltr'><strong>et</strong></span> 
     </span>
     <span class='ocr_line' id='line_1_42' title="bbox 200 3718 1556 3791; baseline -0.001 -16"><span class='ocrx_word' id='word_1_442' title='bbox 200 3721 346 3791; x_wconf 91' lang='lat' dir='ltr'><strong>biquintili.</strong></span> <span class='ocrx_word' id='word_1_443' title='bbox 383 3721 411 3774; x_wconf 86' lang='lat' dir='ltr'><strong>Si</strong></span> <span class='ocrx_word' id='word_1_444' title='bbox 435 3731 499 3774; x_wconf 83' lang='lat' dir='ltr'><strong>vero</strong></span> <span class='ocrx_word' id='word_1_445' title='bbox 524 3721 583 3789; x_wconf 92' lang='lat' dir='ltr'><strong>quis</strong></span> <span class='ocrx_word' id='word_1_446' title='bbox 608 3721 690 3774; x_wconf 89' lang='lat' dir='ltr'><strong>missa</strong></span> <span class='ocrx_word' id='word_1_447' title='bbox 710 3720 798 3787; x_wconf 88' lang='lat' dir='ltr'><strong>figura</strong></span> <span class='ocrx_word' id='word_1_448' title='bbox 823 3718 936 3772; x_wconf 89' lang='lat' dir='ltr'><strong>centrali</strong></span> <span class='ocrx_word' id='word_1_449' title='bbox 959 3719 1132 3774; x_wconf 90' lang='lat' dir='ltr'><strong>scibilitatem</strong></span> <span class='ocrx_word' id='word_1_450' title='bbox 1154 3720 1244 3789; x_wconf 90' lang='lat' dir='ltr'><strong>potius</strong></span> <span class='ocrx_word' id='word_1_451' title='bbox 1267 3721 1294 3773; x_wconf 91' lang='lat' dir='ltr'><strong>in</strong></span> <span class='ocrx_word' id='word_1_452' title='bbox 1320 3719 1556 3775; x_wconf 86' lang='lat' dir='ltr'><strong>circumferentiali</strong></span> 
     </span>
     <span class='ocr_line' id='line_1_43' title="bbox 201 3798 1557 3872; baseline -0.001 -17"><span class='ocrx_word' id='word_1_453' title='bbox 201 3816 332 3872; x_wconf 89' lang='lat' dir='ltr'><strong>quaerere</strong></span> <span class='ocrx_word' id='word_1_454' title='bbox 350 3800 422 3867; x_wconf 87' lang='lat' dir='ltr'><strong>velit,</strong></span> <span class='ocrx_word' id='word_1_455' title='bbox 442 3801 602 3855; x_wconf 78' lang='lat' dir='ltr'><strong>nonninus</strong></span> <span class='ocrx_word' id='word_1_456' title='bbox 621 3817 701 3870; x_wconf 89' lang='lat' dir='ltr'><strong>qnam</strong></span> <span class='ocrx_word' id='word_1_457' title='bbox 720 3799 937 3867; x_wconf 86' lang='lat' dir='ltr'><strong>congruentiam,</strong></span> <span class='ocrx_word' id='word_1_458' title='bbox 958 3799 1009 3852; x_wconf 91' lang='lat' dir='ltr'><strong>etsi</strong></span> <span class='ocrx_word' id='word_1_459' title='bbox 1020 3798 1160 3853; x_wconf 88' lang='lat' dir='ltr'><strong>fatendum</strong></span> <span class='ocrx_word' id='word_1_460' title='bbox 1173 3807 1223 3868; x_wconf 83' lang='lat' dir='ltr'><strong>est,</strong></span> <span class='ocrx_word' id='word_1_461' title='bbox 1242 3799 1295 3854; x_wconf 89' lang='lat' dir='ltr'><strong>boe</strong></span> <span class='ocrx_word' id='word_1_462' title='bbox 1307 3805 1387 3868; x_wconf 89' lang='lat' dir='ltr'><strong>pacto</strong></span> <span class='ocrx_word' id='word_1_463' title='bbox 1406 3799 1557 3868; x_wconf 88' lang='lat' dir='ltr'><strong>praelatum</strong></span> 
     </span>
     <span class='ocr_line' id='line_1_44' title="bbox 200 3878 1556 3950; baseline -0.001 -16"><span class='ocrx_word' id='word_1_464' title='bbox 200 3881 235 3934; x_wconf 90' lang='lat' dir='ltr'><strong>iri</strong></span> <span class='ocrx_word' id='word_1_465' title='bbox 253 3880 366 3935; x_wconf 91' lang='lat' dir='ltr'><strong>decilem</strong></span> <span class='ocrx_word' id='word_1_466' title='bbox 384 3880 499 3950; x_wconf 89' lang='lat' dir='ltr'><strong>quintili,</strong></span> <span class='ocrx_word' id='word_1_467' title='bbox 518 3880 667 3935; x_wconf 89' lang='lat' dir='ltr'><strong>tridecilem</strong></span> <span class='ocrx_word' id='word_1_468' title='bbox 685 3879 832 3949; x_wconf 85' lang='lat' dir='ltr'><strong>biquintili‚</strong></span> <span class='ocrx_word' id='word_1_469' title='bbox 852 3885 881 3932; x_wconf 85' lang='lat' dir='ltr'><strong>at</strong></span> <span class='ocrx_word' id='word_1_470' title='bbox 898 3878 1104 3948; x_wconf 87' lang='lat' dir='ltr'><strong>memineritis,</strong></span> <span class='ocrx_word' id='word_1_471' title='bbox 1123 3879 1284 3948; x_wconf 83' lang='lat' dir='ltr'><strong>praecipuas</strong></span> <span class='ocrx_word' id='word_1_472' title='bbox 1303 3893 1364 3934; x_wconf 89' lang='lat' dir='ltr'><strong>esse</strong></span> <span class='ocrx_word' id='word_1_473' title='bbox 1383 3886 1475 3946; x_wconf 89' lang='lat' dir='ltr'><strong>partes</strong></span> <span class='ocrx_word' id='word_1_474' title='bbox 1495 3894 1556 3934; x_wconf 91' lang='lat' dir='ltr'><strong>con-</strong></span> 
     </span>
     <span class='ocr_line' id='line_1_45' title="bbox 202 3956 1557 4030; baseline 0 -17"><span class='ocrx_word' id='word_1_475' title='bbox 202 3959 351 4030; x_wconf 89' lang='lat' dir='ltr'><strong>gruentiae,</strong></span> <span class='ocrx_word' id='word_1_476' title='bbox 372 3967 402 4011; x_wconf 89' lang='lat' dir='ltr'><strong>ut</strong></span> <span class='ocrx_word' id='word_1_477' title='bbox 420 3958 587 4012; x_wconf 89' lang='lat' dir='ltr'><strong>ostendimus</strong></span> <span class='ocrx_word' id='word_1_478' title='bbox 605 3975 645 4026; x_wconf 89' lang='lat' dir='ltr'><strong>pr.</strong></span> <span class='ocrx_word' id='word_1_479' title='bbox 664 3959 687 4020; x_wconf 78' lang='lat' dir='ltr'><strong>t,</strong></span> <span class='ocrx_word' id='word_1_480' title='bbox 707 3957 795 4025; x_wconf 85' lang='lat' dir='ltr'><strong>majus</strong></span> <span class='ocrx_word' id='word_1_481' title='bbox 813 3956 948 4026; x_wconf 89' lang='lat' dir='ltr'><strong>igiturest</strong></span> <span class='ocrx_word' id='word_1_482' title='bbox 966 3963 993 4011; x_wconf 91' lang='lat' dir='ltr'><strong>et</strong></span> <span class='ocrx_word' id='word_1_483' title='bbox 1006 3957 1068 4027; x_wconf 91' lang='lat' dir='ltr'><strong>plus</strong></span> <span class='ocrx_word' id='word_1_484' title='bbox 1087 3957 1121 4012; x_wconf 87' lang='lat' dir='ltr'><strong>ad</strong></span> <span class='ocrx_word' id='word_1_485' title='bbox 1141 3958 1328 4013; x_wconf 85' lang='lat' dir='ltr'><strong>efficacitatem</strong></span> <span class='ocrx_word' id='word_1_486' title='bbox 1347 3962 1446 4026; x_wconf 89' lang='lat' dir='ltr'><strong>potest,</strong></span> <span class='ocrx_word' id='word_1_487' title='bbox 1466 3971 1557 4013; x_wconf 91' lang='lat' dir='ltr'><strong>creare</strong></span> 
     </span>
     <span class='ocr_line' id='line_1_46' title="bbox 200 4035 1557 4108; baseline -0.002 -14"><span class='ocrx_word' id='word_1_488' title='bbox 200 4039 317 4108; x_wconf 85' lang='lat' dir='ltr'><strong>figuram</strong></span> <span class='ocrx_word' id='word_1_489' title='bbox 341 4037 454 4094; x_wconf 87' lang='lat' dir='ltr'><strong>solidam</strong></span> <span class='ocrx_word' id='word_1_490' title='bbox 479 4037 560 4108; x_wconf 72' lang='lat' dir='ltr'><strong>(qliae</strong></span> <span class='ocrx_word' id='word_1_491' title='bbox 584 4045 626 4092; x_wconf 89' lang='lat' dir='ltr'><strong>est</strong></span> <span class='ocrx_word' id='word_1_492' title='bbox 649 4037 733 4093; x_wconf 84' lang='lat' dir='ltr'><strong>veluti</strong></span> <span class='ocrx_word' id='word_1_493' title='bbox 760 4036 821 4091; x_wconf 88' lang='lat' dir='ltr'><strong>idea</strong></span> <span class='ocrx_word' id='word_1_494' title='bbox 844 4037 976 4107; x_wconf 87' lang='lat' dir='ltr'><strong>quaedam</strong></span> <span class='ocrx_word' id='word_1_495' title='bbox 1001 4037 1192 4092; x_wconf 82' lang='lat' dir='ltr'><strong>mathematica</strong></span> <span class='ocrx_word' id='word_1_496' title='bbox 1217 4036 1386 4092; x_wconf 87' lang='lat' dir='ltr'><strong>efficacitatis</strong></span> <span class='ocrx_word' id='word_1_497' title='bbox 1409 4035 1557 4106; x_wconf 79' lang='lat' dir='ltr'><strong>physIoae),</strong></span> 
     </span>
     <span class='ocr_line' id='line_1_47' title="bbox 201 4115 1556 4188; baseline -0.001 -16"><span class='ocrx_word' id='word_1_498' title='bbox 201 4131 284 4188; x_wconf 88' lang='lat' dir='ltr'><strong>quam</strong></span> <span class='ocrx_word' id='word_1_499' title='bbox 306 4116 378 4170; x_wconf 86' lang='lat' dir='ltr'><strong>latus</strong></span> <span class='ocrx_word' id='word_1_500' title='bbox 403 4115 504 4173; x_wconf 90' lang='lat' dir='ltr'><strong>habere</strong></span> <span class='ocrx_word' id='word_1_501' title='bbox 527 4117 684 4186; x_wconf 80' lang='lat' dir='ltr'><strong>perfectiori</strong></span> <span class='ocrx_word' id='word_1_502' title='bbox 708 4116 794 4184; x_wconf 90' lang='lat' dir='ltr'><strong>gradu</strong></span> <span class='ocrx_word' id='word_1_503' title='bbox 820 4115 924 4173; x_wconf 83' lang='lat' dir='ltr'><strong>scibile.</strong></span> <span class='ocrx_word' id='word_1_504' title='bbox 957 4117 1044 4171; x_wconf 86' lang='lat' dir='ltr'><strong>Latus</strong></span> <span class='ocrx_word' id='word_1_505' title='bbox 1069 4115 1178 4186; x_wconf 87' lang='lat' dir='ltr'><strong>quidem</strong></span> <span class='ocrx_word' id='word_1_506' title='bbox 1202 4115 1370 4185; x_wconf 87' lang='lat' dir='ltr'><strong>dodecagosi</strong></span> <span class='ocrx_word' id='word_1_507' title='bbox 1397 4115 1449 4168; x_wconf 90' lang='lat' dir='ltr'><strong>hoc</strong></span> <span class='ocrx_word' id='word_1_508' title='bbox 1475 4122 1556 4183; x_wconf 88' lang='lat' dir='ltr'><strong>pacto</strong></span> 
     </span>
     <span class='ocr_line' id='line_1_48' title="bbox 201 4193 1557 4264; baseline -0.003 -12"><span class='ocrx_word' id='word_1_509' title='bbox 201 4196 307 4252; x_wconf 87' lang='lat' dir='ltr'><strong>confert</strong></span> <span class='ocrx_word' id='word_1_510' title='bbox 325 4204 464 4263; x_wconf 84' lang='lat' dir='ltr'><strong>aspectum</strong></span> <span class='ocrx_word' id='word_1_511' title='bbox 482 4212 561 4251; x_wconf 90' lang='lat' dir='ltr'><strong>suurn</strong></span> <span class='ocrx_word' id='word_1_512' title='bbox 583 4195 611 4248; x_wconf 90' lang='lat' dir='ltr'><strong>in</strong></span> <span class='ocrx_word' id='word_1_513' title='bbox 630 4195 743 4249; x_wconf 88' lang='lat' dir='ltr'><strong>eandem</strong></span> <span class='ocrx_word' id='word_1_514' title='bbox 769 4195 884 4250; x_wconf 88' lang='lat' dir='ltr'><strong>classem</strong></span> <span class='ocrx_word' id='word_1_515' title='bbox 907 4209 969 4248; x_wconf 91' lang='lat' dir='ltr'><strong>cnm</strong></span> <span class='ocrx_word' id='word_1_516' title='bbox 994 4195 1131 4250; x_wconf 89' lang='lat' dir='ltr'><strong>subtensis</strong></span> <span class='ocrx_word' id='word_1_517' title='bbox 1155 4195 1276 4250; x_wconf 88' lang='lat' dir='ltr'><strong>decimae</strong></span> <span class='ocrx_word' id='word_1_518' title='bbox 1299 4195 1369 4264; x_wconf 89' lang='lat' dir='ltr'><strong>parti</strong></span> <span class='ocrx_word' id='word_1_519' title='bbox 1394 4193 1487 4247; x_wconf 81' lang='lat' dir='ltr'><strong>citculi</strong></span> <span class='ocrx_word' id='word_1_520' title='bbox 1511 4193 1557 4248; x_wconf 90' lang='lat' dir='ltr'><strong>tri·</strong></span> 
     </span>
     <span class='ocr_line' id='line_1_49' title="bbox 201 4272 1558 4344; baseline 0 -14"><span class='ocrx_word' id='word_1_521' title='bbox 201 4277 309 4343; x_wconf 92' lang='lat' dir='ltr'><strong>busque</strong></span> <span class='ocrx_word' id='word_1_522' title='bbox 328 4274 445 4342; x_wconf 88' lang='lat' dir='ltr'><strong>decimis,</strong></span> <span class='ocrx_word' id='word_1_523' title='bbox 466 4275 529 4344; x_wconf 89' lang='lat' dir='ltr'><strong>quia</strong></span> <span class='ocrx_word' id='word_1_524' title='bbox 548 4272 715 4328; x_wconf 89' lang='lat' dir='ltr'><strong>contendunt</strong></span> <span class='ocrx_word' id='word_1_525' title='bbox 732 4275 803 4328; x_wconf 91' lang='lat' dir='ltr'><strong>inter</strong></span> <span class='ocrx_word' id='word_1_526' title='bbox 821 4289 850 4328; x_wconf 89' lang='lat' dir='ltr'><strong>se</strong></span> <span class='ocrx_word' id='word_1_527' title='bbox 869 4275 1038 4344; x_wconf 87' lang='lat' dir='ltr'><strong>praestantia</strong></span> <span class='ocrx_word' id='word_1_528' title='bbox 1055 4275 1214 4330; x_wconf 88' lang='lat' dir='ltr'><strong>scibilitatis.</strong></span> <span class='ocrx_word' id='word_1_529' title='bbox 1250 4275 1319 4330; x_wconf 85' lang='lat' dir='ltr'><strong>Nam</strong></span> <span class='ocrx_word' id='word_1_530' title='bbox 1332 4273 1403 4329; x_wconf 91' lang='lat' dir='ltr'><strong>sicut</strong></span> <span class='ocrx_word' id='word_1_531' title='bbox 1421 4275 1558 4330; x_wconf 89' lang='lat' dir='ltr'><strong>sociantur</strong></span> 
     </span>
     <span class='ocr_line' id='line_1_50' title="bbox 200 4350 1557 4424; baseline -0.001 -16"><span class='ocrx_word' id='word_1_532' title='bbox 200 4355 273 4410; x_wconf 90' lang='lat' dir='ltr'><strong>inter</strong></span> <span class='ocrx_word' id='word_1_533' title='bbox 291 4370 320 4409; x_wconf 88' lang='lat' dir='ltr'><strong>se</strong></span> <span class='ocrx_word' id='word_1_534' title='bbox 339 4354 409 4409; x_wconf 89' lang='lat' dir='ltr'><strong>duae</strong></span> <span class='ocrx_word' id='word_1_535' title='bbox 427 4354 490 4409; x_wconf 87' lang='lat' dir='ltr'><strong>illae</strong></span> <span class='ocrx_word' id='word_1_536' title='bbox 510 4353 656 4408; x_wconf 87' lang='lat' dir='ltr'><strong>subtensae</strong></span> <span class='ocrx_word' id='word_1_537' title='bbox 681 4353 767 4420; x_wconf 85' lang='lat' dir='ltr'><strong>fitque</strong></span> <span class='ocrx_word' id='word_1_538' title='bbox 785 4353 873 4408; x_wconf 87' lang='lat' dir='ltr'><strong>minor</strong></span> <span class='ocrx_word' id='word_1_539' title='bbox 890 4354 1001 4423; x_wconf 88' lang='lat' dir='ltr'><strong>majoris</strong></span> <span class='ocrx_word' id='word_1_540' title='bbox 1025 4369 1089 4422; x_wconf 86' lang='lat' dir='ltr'><strong>pars</strong></span> <span class='ocrx_word' id='word_1_541' title='bbox 1113 4353 1141 4406; x_wconf 92' lang='lat' dir='ltr'><strong>in</strong></span> <span class='ocrx_word' id='word_1_542' title='bbox 1158 4355 1334 4424; x_wconf 90' lang='lat' dir='ltr'><strong>proportione</strong></span> <span class='ocrx_word' id='word_1_543' title='bbox 1352 4350 1442 4407; x_wconf 84' lang='lat' dir='ltr'><strong>divina</strong></span> <span class='ocrx_word' id='word_1_544' title='bbox 1461 4355 1557 4410; x_wconf 89' lang='lat' dir='ltr'><strong>sectio.</strong></span> 
     </span>
     <span class='ocr_line' id='line_1_51' title="bbox 201 4431 1557 4504; baseline 0.004 -20"><span class='ocrx_word' id='word_1_545' title='bbox 201 4432 244 4486; x_wconf 89' lang='lat' dir='ltr'><strong>nis</strong></span> <span class='ocrx_word' id='word_1_546' title='bbox 263 4435 412 4489; x_wconf 90' lang='lat' dir='ltr'><strong>secundnm</strong></span> <span class='ocrx_word' id='word_1_547' title='bbox 437 4441 558 4489; x_wconf 88' lang='lat' dir='ltr'><strong>extrema</strong></span> <span class='ocrx_word' id='word_1_548' title='bbox 581 4439 609 4486; x_wconf 88' lang='lat' dir='ltr'><strong>et</strong></span> <span class='ocrx_word' id='word_1_549' title='bbox 632 4431 761 4501; x_wconf 89' lang='lat' dir='ltr'><strong>medium,</strong></span> <span class='ocrx_word' id='word_1_550' title='bbox 788 4433 828 4486; x_wconf 89' lang='lat' dir='ltr'><strong>sic</strong></span> <span class='ocrx_word' id='word_1_551' title='bbox 851 4434 931 4488; x_wconf 88' lang='lat' dir='ltr'><strong>etiam</strong></span> <span class='ocrx_word' id='word_1_552' title='bbox 957 4434 1028 4487; x_wconf 88' lang='lat' dir='ltr'><strong>latus</strong></span> <span class='ocrx_word' id='word_1_553' title='bbox 1048 4433 1215 4504; x_wconf 88' lang='lat' dir='ltr'><strong>dodecagoni</strong></span> <span class='ocrx_word' id='word_1_554' title='bbox 1239 4439 1266 4486; x_wconf 90' lang='lat' dir='ltr'><strong>et</strong></span> <span class='ocrx_word' id='word_1_555' title='bbox 1288 4432 1361 4487; x_wconf 90' lang='lat' dir='ltr'><strong>latus</strong></span> <span class='ocrx_word' id='word_1_556' title='bbox 1385 4433 1443 4501; x_wconf 86' lang='lat' dir='ltr'><strong>ejus</strong></span> <span class='ocrx_word' id='word_1_557' title='bbox 1461 4435 1557 4490; x_wconf 88' lang='lat' dir='ltr'><strong>stellae</strong></span> 
     </span>
     <span class='ocr_line' id='line_1_52' title="bbox 201 4509 1557 4582; baseline 0.001 -16"><span class='ocrx_word' id='word_1_558' title='bbox 201 4513 341 4567; x_wconf 83' lang='lat' dir='ltr'><strong>soclentur</strong></span> <span class='ocrx_word' id='word_1_559' title='bbox 365 4521 394 4568; x_wconf 89' lang='lat' dir='ltr'><strong>et</strong></span> <span class='ocrx_word' id='word_1_560' title='bbox 412 4514 464 4568; x_wconf 91' lang='lat' dir='ltr'><strong>hoc</strong></span> <span class='ocrx_word' id='word_1_561' title='bbox 483 4513 562 4566; x_wconf 88' lang='lat' dir='ltr'><strong>etiam</strong></span> <span class='ocrx_word' id='word_1_562' title='bbox 585 4519 712 4580; x_wconf 86' lang='lat' dir='ltr'><strong>respectu</strong></span> <span class='ocrx_word' id='word_1_563' title='bbox 731 4510 857 4566; x_wconf 87' lang='lat' dir='ltr'><strong>sectionis</strong></span> <span class='ocrx_word' id='word_1_564' title='bbox 883 4519 911 4566; x_wconf 90' lang='lat' dir='ltr'><strong>et</strong></span> <span class='ocrx_word' id='word_1_565' title='bbox 933 4511 1136 4580; x_wconf 88' lang='lat' dir='ltr'><strong>compositionis</strong></span> <span class='ocrx_word' id='word_1_566' title='bbox 1161 4509 1289 4580; x_wconf 79' lang='lat' dir='ltr'><strong>alicujnS,</strong></span> <span class='ocrx_word' id='word_1_567' title='bbox 1315 4517 1477 4565; x_wconf 87' lang='lat' dir='ltr'><strong>nontamen</strong></span> <span class='ocrx_word' id='word_1_568' title='bbox 1495 4529 1557 4582; x_wconf 90' lang='lat' dir='ltr'><strong>pro·</strong></span> 
     </span>
     <span class='ocr_line' id='line_1_53' title="bbox 201 4587 1557 4672; baseline 0.001 -28"><span class='ocrx_word' id='word_1_569' title='bbox 201 4591 371 4660; x_wconf 84' lang='lat' dir='ltr'><strong>portionalis.</strong></span> <span class='ocrx_word' id='word_1_570' title='bbox 408 4591 445 4644; x_wconf 82' lang='lat' dir='ltr'><strong>Et</strong></span> <span class='ocrx_word' id='word_1_571' title='bbox 463 4590 532 4644; x_wconf 91' lang='lat' dir='ltr'><strong>baec</strong></span> <span class='ocrx_word' id='word_1_572' title='bbox 550 4589 657 4659; x_wconf 88' lang='lat' dir='ltr'><strong>quidem</strong></span> <span class='ocrx_word' id='word_1_573' title='bbox 676 4589 737 4658; x_wconf 89' lang='lat' dir='ltr'><strong>biga</strong></span> <span class='ocrx_word' id='word_1_574' title='bbox 755 4590 890 4659; x_wconf 89' lang='lat' dir='ltr'><strong>posterior</strong></span> <span class='ocrx_word' id='word_1_575' title='bbox 901 4591 973 4645; x_wconf 90' lang='lat' dir='ltr'><strong>cadit</strong></span> <span class='ocrx_word' id='word_1_576' title='bbox 992 4592 1018 4644; x_wconf 92' lang='lat' dir='ltr'><strong>in</strong></span> <span class='ocrx_word' id='word_1_577' title='bbox 1031 4589 1143 4658; x_wconf 72' lang='lat' dir='ltr'><strong>puniam</strong></span> <span class='ocrx_word' id='word_1_578' title='bbox 1156 4589 1273 4658; x_wconf 88' lang='lat' dir='ltr'><strong>speciem</strong></span> <span class='ocrx_word' id='word_1_579' title='bbox 1286 4587 1468 4663; x_wconf 80' lang='lat' dir='ltr'><strong>ineffabilium,</strong></span> <span class='ocrx_word' id='word_1_580' title='bbox 1488 4607 1557 4672; x_wconf 63' lang='lat' dir='ltr'><strong>apiae</strong></span> 
     </span>
     <span class='ocr_line' id='line_1_54' title="bbox 202 4667 1557 4741; baseline 0 -16"><span class='ocrx_word' id='word_1_581' title='bbox 202 4672 389 4741; x_wconf 89' lang='lat' dir='ltr'><strong>complectitor</strong></span> <span class='ocrx_word' id='word_1_582' title='bbox 407 4668 556 4724; x_wconf 89' lang='lat' dir='ltr'><strong>binomines</strong></span> <span class='ocrx_word' id='word_1_583' title='bbox 576 4677 603 4722; x_wconf 90' lang='lat' dir='ltr'><strong>et</strong></span> <span class='ocrx_word' id='word_1_584' title='bbox 622 4677 775 4738; x_wconf 82' lang='lat' dir='ltr'><strong>apotomas;</strong></span> <span class='ocrx_word' id='word_1_585' title='bbox 795 4675 824 4723; x_wconf 89' lang='lat' dir='ltr'><strong>at</strong></span> <span class='ocrx_word' id='word_1_586' title='bbox 841 4669 957 4724; x_wconf 82' lang='lat' dir='ltr'><strong>uicissim</strong></span> <span class='ocrx_word' id='word_1_587' title='bbox 974 4667 1023 4722; x_wconf 90' lang='lat' dir='ltr'><strong>illa</strong></span> <span class='ocrx_word' id='word_1_588' title='bbox 1035 4668 1110 4737; x_wconf 82' lang='lat' dir='ltr'><strong>prior</strong></span> <span class='ocrx_word' id='word_1_589' title='bbox 1122 4668 1184 4735; x_wconf 88' lang='lat' dir='ltr'><strong>biga</strong></span> <span class='ocrx_word' id='word_1_590' title='bbox 1202 4667 1316 4738; x_wconf 87' lang='lat' dir='ltr'><strong>acquirit</strong></span> <span class='ocrx_word' id='word_1_591' title='bbox 1328 4685 1425 4723; x_wconf 85' lang='lat' dir='ltr'><strong>novum</strong></span> <span class='ocrx_word' id='word_1_592' title='bbox 1436 4672 1557 4741; x_wconf 89' lang='lat' dir='ltr'><strong>proprie-</strong></span> 
     </span>
     <span class='ocr_line' id='line_1_55' title="bbox 201 4744 1556 4818; baseline -0.002 -11"><span class='ocrx_word' id='word_1_593' title='bbox 201 4757 285 4806; x_wconf 88' lang='lat' dir='ltr'><strong>tatem</strong></span> <span class='ocrx_word' id='word_1_594' title='bbox 305 4748 434 4805; x_wconf 86' lang='lat' dir='ltr'><strong>sectionis</strong></span> <span class='ocrx_word' id='word_1_595' title='bbox 453 4744 603 4801; x_wconf 87' lang='lat' dir='ltr'><strong>secnudnm</strong></span> <span class='ocrx_word' id='word_1_596' title='bbox 627 4755 749 4804; x_wconf 84' lang='lat' dir='ltr'><strong>extrema</strong></span> <span class='ocrx_word' id='word_1_597' title='bbox 766 4749 945 4818; x_wconf 89' lang='lat' dir='ltr'><strong>etmedium‚</strong></span> <span class='ocrx_word' id='word_1_598' title='bbox 969 4756 1001 4803; x_wconf 90' lang='lat' dir='ltr'><strong>ut</strong></span> <span class='ocrx_word' id='word_1_599' title='bbox 1024 4747 1116 4803; x_wconf 68' lang='lat' dir='ltr'><strong>ddcre</strong></span> <span class='ocrx_word' id='word_1_600' title='bbox 1134 4755 1176 4805; x_wconf 90' lang='lat' dir='ltr'><strong>est</strong></span> <span class='ocrx_word' id='word_1_601' title='bbox 1196 4747 1241 4802; x_wconf 92' lang='lat' dir='ltr'><strong>lib.</strong></span> <span class='ocrx_word' id='word_1_602' title='bbox 1261 4749 1282 4803; x_wconf 95' lang='grc' dir='ltr'><strong>Ι.</strong></span> <span class='ocrx_word' id='word_1_603' title='bbox 1319 4748 1408 4818; x_wconf 78' lang='lat' dir='ltr'><strong>Quare</strong></span> <span class='ocrx_word' id='word_1_604' title='bbox 1426 4765 1482 4804; x_wconf 93' lang='lat' dir='ltr'><strong>non</strong></span> <span class='ocrx_word' id='word_1_605' title='bbox 1497 4757 1556 4804; x_wconf 90' lang='lat' dir='ltr'><strong>tan·</strong></span> 
     </span>
     <span class='ocr_line' id='line_1_56' title="bbox 201 4827 1557 4900; baseline 0 -16"><span class='ocrx_word' id='word_1_606' title='bbox 201 4837 431 4900; x_wconf 82' lang='lat' dir='ltr'><strong>tumpensantur</strong></span> <span class='ocrx_word' id='word_1_607' title='bbox 448 4827 602 4898; x_wconf 80' lang='lat' dir='ltr'><strong>nigratus,</strong></span> <span class='ocrx_word' id='word_1_608' title='bbox 621 4829 671 4884; x_wconf 90' lang='lat' dir='ltr'><strong>sed</strong></span> <span class='ocrx_word' id='word_1_609' title='bbox 689 4829 771 4884; x_wconf 87' lang='lat' dir='ltr'><strong>etiam</strong></span> <span class='ocrx_word' id='word_1_610' title='bbox 789 4827 931 4898; x_wconf 84' lang='lat' dir='ltr'><strong>praecellit</strong></span> <span class='ocrx_word' id='word_1_611' title='bbox 948 4830 1072 4885; x_wconf 87' lang='lat' dir='ltr'><strong>nonnihil</strong></span> <span class='ocrx_word' id='word_1_612' title='bbox 1090 4829 1233 4900; x_wconf 88' lang='lat' dir='ltr'><strong>decanguli</strong></span> <span class='ocrx_word' id='word_1_613' title='bbox 1250 4829 1332 4886; x_wconf 87' lang='lat' dir='ltr'><strong>latus.</strong></span> <span class='ocrx_word' id='word_1_614' title='bbox 1369 4830 1455 4885; x_wconf 87' lang='lat' dir='ltr'><strong>Recte</strong></span> <span class='ocrx_word' id='word_1_615' title='bbox 1474 4827 1557 4900; x_wconf 88' lang='lat' dir='ltr'><strong>igitur</strong></span> 
     </span>
    </p>
   </div>
   <div class='ocr_carea' id='block_1_4' title="bbox 1335 4921 1401 4985">
    <p class='ocr_par' dir='ltr' id='par_1_6' title="bbox 1335 4921 1401 4985">
     <span class='ocr_line' id='line_1_57' title="bbox 1335 4921 1401 4985; baseline -0.045 0"><span class='ocrx_word' id='word_1_616' title='bbox 1335 4921 1401 4985; x_wconf 79' lang='lat'><strong>16*</strong></span> 
     </span>
    </p>
   </div>
   <div class='ocr_carea' id='block_1_5' title="bbox 0 0 1842 5536">
    <p class='ocr_par' dir='ltr' id='par_1_7' title="bbox 0 0 1842 5536">
     <span class='ocr_line' id='line_1_58' title="bbox 0 0 1842 5536; baseline 0 0"><span class='ocrx_word' id='word_1_617' title='bbox 0 0 1842 5536; x_wconf 95' lang='lat' dir='ltr'><strong> </strong></span> 
     </span>
    </p>
   </div>
  </div>
 </body>
</html>
