3564 5540
609 311 789 412 umentis.
824 355 908 413 arser
924 355 972 414 nr.
992 353 1082 427 caper
1098 354 1121 414 1.
1480 355 1542 420 tat

194 529 400 604 cognationem
429 532 458 589 in
486 531 552 592 loco
581 549 640 594 non
671 535 729 612 erit¹
753 533 939 612 negligenda.
984 534 1113 595 Primum
1141 537 1218 595 enim
1240 531 1347 594 Latina
1369 529 1542 610 significatio

192 617 285 691 vocis,
309 621 515 694 congruentia,
544 622 570 680 si
593 623 691 680 omnia
714 625 855 696 excutias,
879 621 956 684 idem
979 633 1081 699 sonat,
1105 622 1183 700 quod
1206 620 1319 682 Graeca
1342 637 1400 681 sor
1424 620 1543 681 harmo-

193 705 253 777 nia,
277 703 313 763 de
337 705 444 781 quibus
467 708 523 768 hoc
546 707 620 768 libro
643 727 772 786 agemus,
797 713 851 770 nisi
876 711 955 788 quod
977 729 1047 772 usus
1070 727 1158 772 voces
1180 710 1234 770 bas
1257 727 1273 770 e
1294 709 1381 769 rebus
1403 707 1543 786 subjectis

193 793 357 868 parumper
373 793 512 870 distinxit,
537 795 641 857 deinde
664 801 855 875 congruentia
877 798 1034 876 figurarum
1057 800 1192 859 conciliat
1210 797 1337 858 motibus
1361 791 1413 881 (de
1436 798 1543 874 quibus

192 877 250 938 hoc
273 887 303 940 et
325 882 428 956 quinto
450 879 542 966 libro)
565 882 694 962 aliquam
718 889 947 964 congruentiam.
993 887 1092 949 Tertio
1116 887 1170 946 etsi
1192 903 1249 946 non
1276 893 1336 946 taur
1360 883 1398 944 ad
1420 883 1542 961 figurem

191 973 284 1026 totam
305 970 486 1047 respicimus,
510 988 598 1048 quam
621 972 659 1033 ad
682 991 772 1035 unum
795 976 859 1052 ojus
882 974 960 1035 latus
984 992 1130 1052 quamque
1153 973 1183 1034 id
1205 979 1314 1054 partem
1337 967 1483 1046 rescindit,
1507 989 1544 1033 ea
1577 1008 1581 1022 ·

192 1070 323 1114 consona
345 1064 406 1134 oet,
430 1065 461 1117 at
482 1058 569 1119 simul
591 1067 621 1121 ct
642 1060 699 1120 boc
720 1079 832 1132 verum,
856 1063 935 1140 quod
957 1080 1015 1123 uon
1038 1070 1099 1122 tam
1121 1060 1152 1121 id
1174 1060 1404 1134 consideremus,
1431 1067 1542 1137 quauta

191 1159 259 1219 pars
283 1143 383 1204 circuli
405 1147 444 1206 sit
466 1148 642 1227 intercepta,
672 1167 759 1226 quam
781 1150 947 1228 'cujusmodi
970 1150 1063 1228 ligura
1086 1150 1116 1210 id
1138 1151 1176 1209 sit
1200 1150 1326 1224 iactum,
1359 1147 1541 1208 demonstra·

190 1229 244 1288 bili
266 1235 296 1290 at
318 1247 447 1309 congma
469 1253 506 1294 au
530 1237 685 1297 contraria.
730 1237 804 1298 Nam
827 1238 921 1316 figura
942 1238 1092 1314 quaelibet
1113 1255 1149 1300 ex
1172 1235 1287 1315 angulis
1308 1239 1384 1307 suis,
1416 1252 1452 1295 ex
1474 1237 1542 1312 qni-

188 1317 247 1378 bus
268 1317 345 1378 libro
359 1319 400 1383 II.
424 1325 642 1399 congruentiam
666 1311 852 1398 sortiebatur,
876 1325 983 1404 adepto
1007 1334 1052 1387 est
1073 1333 1103 1386 et
1129 1324 1404 1386 demonstrationem
1425 1322 1499 1383 libro
1516 1321 1541 1382 Ι.

189 1405 258 1465 Nou
282 1416 328 1467 est
350 1409 438 1485 igitur
460 1408 498 1471 ab
520 1411 681 1472 harmoniis
703 1413 878 1474 auferendus
900 1421 1050 1492 respectus
1072 1414 1281 1492 congruentiae
1303 1409 1469 1488 figurarunt.

277 1547 510 1629 Propositio
533 1551 557 1610 1.
602 1553 724 1614 Dimidii
748 1573 813 1617 oum
836 1563 899 1616 toto
923 1557 1117 1617 consonantia
1139 1559 1206 1634 post
1227 1554 1383 1614 unisonum
1413 1549 1477 1612 sola
1498 1558 1543 1614 est

189 1637 219 1696 iu
242 1639 337 1731 primo
360 1637 469 1716 gradu,
492 1639 632 1718 simplex,
654 1643 784 1722 perlecta
807 1652 836 1705 et
858 1643 1002 1719 identioa,
1024 1643 1136 1704 scilicet
1157 1661 1193 1704 ex
1216 1643 1360 1721 opposito.
1528 1641 1530 1644 ’

277 1741 343 1795 liam
362 1739 435 1808 quod
452 1740 598 1808 figuratum
617 1749 668 1813 est,
686 1743 715 1798 id
733 1759 768 1798 ex
787 1743 901 1800 dirersis
920 1749 961 1798 est
980 1741 1175 1814 compositum,
1194 1760 1249 1799 non
1265 1741 1349 1811 igitur
1366 1741 1409 1796 vel
1427 1741 1542 1812 simplex

187 1819 231 1872 rel
255 1817 413 1876 identicam.
448 1819 550 1889 Figura
577 1821 647 1876 euim
661 1823 753 1887 ‚nabet
775 1837 866 1878 aream
893 1829 922 1878 et
946 1829 1040 1892 partes
1057 1821 1205 1880 secundam
1223 1837 1282 1878 eam
1308 1829 1335 1876 et
1357 1819 1470 1890 angulos
1488 1820 1541 1876 situ

187 1895 354 1954 diderentes.
392 1897 469 1966 Quod
488 1914 552 1953 vero
567 1898 713 1967 figuratum
732 1917 787 1956 non
805 1909 859 1971 ast,
884 1901 957 1973 quod
975 1899 1079 1956 scilicet
1097 1914 1177 1955 meae
1195 1897 1338 1955 latitudine
1355 1907 1432 1956 caret
1454 1905 1482 1958 et
1500 1916 1542 1956 se·

186 1975 307 2032 cundum
329 1992 388 2032 eam
413 1983 441 2032 at
463 1975 586 2047 partibus
611 1985 638 2032 et
662 1979 781 2048 angulis,
806 1979 927 2036 existens
952 1996 1008 2036 una
1031 1995 1106 2035 mara
1127 1977 1201 2034 linea
1217 1983 1293 2035 recta
1317 1993 1403 2050 eaque
1421 1973 1543 2050 aequalis

186 2063 333 2104 mensurae
351 2049 524 2120 propositae,
541 2048 569 2104 id
588 2050 624 2103 ob
641 2049 710 2106 baec
727 2049 789 2118 ipsa
807 2057 834 2105 et
852 2051 967 2120 simplex
986 2056 1029 2105 εει
1053 2056 1080 2104 ct
1097 2048 1169 2103 idem
1188 2065 1248 2104 cum
1266 2064 1405 2112 mensura,
1429 2049 1482 2105 boc
1500 2055 1543 2108 est

184 2129 344 2185 identicam.
380 2129 530 2184 illiusmodi
547 2145 611 2183 nero
635 2137 699 2184 suant
716 2129 821 2201 figurae
838 2130 977 2198 regulares
1003 2128 1105 2185 circulo
1123 2129 1286 2200 inscriptae,
1312 2124 1468 2198 hujusmodi
1486 2127 1541 2184 dia·

185 2213 275 2262 meter
292 2207 394 2263 circuli.
431 2211 455 2275 i)
473 2209 635 2276 Figuratum
653 2209 723 2264 enirn
743 2211 833 2266 omnia
850 2209 938 2266 latera
956 2208 1105 2266 deflectunt
1122 2206 1272 2277 aequaliter
1290 2225 1308 2264 a
1323 2215 1423 2278 centro,
1443 2207 1541 2264 diame-

183 2295 230 2344 ter
248 2303 299 2357 par
314 2287 404 2358 ipsum
422 2297 543 2344 centrum
565 2289 679 2346 ducitur.
716 2290 742 2358 2)
761 2291 880 2358 Mensor,
900 2289 1031 2345 circulum
1049 2287 1083 2343 ab
1104 2305 1158 2343 uuo
1175 2294 1277 2357 puncto
1296 2303 1357 2342 cum
1369 2281 1456 2342 iacere
1473 2286 1541 2356 figu-

183 2383 234 2425 rae
252 2365 389 2436 diridens,
415 2367 462 2422 ubi
479 2367 631 2437 perrexerit
652 2367 705 2423 boc
728 2368 855 2424 faciendo
887 2369 1047 2439 aliquoties,
1063 2368 1112 2424 sic
1130 2367 1240 2424 tandm
1264 2383 1325 2423 cum
1344 2366 1428 2423 altaro
1447 2367 1540 2422 lateris

184 2446 304 2502 termino
321 2445 393 2500 redit
410 2445 445 2502 ad
462 2451 594 2516 punctum
612 2445 741 2516 primnm;
761 2446 892 2505 diameter
909 2463 983 2518 vero,
1002 2455 1183 2517 percentrum
1197 2447 1286 2517 ipsum
1297 2447 1437 2510 transiens,
1455 2447 1543 2514 prima

185 2524 278 2576 statim
298 2525 460 2592 repetitione
478 2525 548 2580 redit
567 2526 601 2581 ad
621 2526 724 2581 initiale
740 2534 880 2596 prunetum.
916 2528 941 2594 ii
959 2527 1079 2595 Figurae
1094 2525 1217 2594 reliquae
1236 2529 1264 2578 et
1280 2523 1475 2595 longitudinem
1493 2525 1541 2580 ba·

185 2606 254 2659 bent
271 2603 387 2660 laterum
406 2610 434 2658 et
452 2604 624 2674 superficiem
643 2621 735 2670 areae,
762 2621 842 2673 quum
860 2607 1042 2673 circumdant3
1069 2603 1199 2662 diameter
1220 2605 1322 2660 rrullaru
1342 2603 1419 2674 plani
1435 2607 1541 2672 partein

184 2682 358 2737 circumdans
375 2682 560 2752 includentis,
579 2683 787 2752 repetitionibus
804 2684 910 2740 iteratis
928 2685 956 2739 in
974 2684 1104 2754 seipsam
1122 2683 1388 2740 secundaviootota
1404 2680 1540 2738 coincidit.

185 2763 212 2832 t)
231 2761 350 2830 Figurae
372 2769 480 2818 ceterae
502 2762 632 2819 cuculum
657 2762 807 2817 dividentes
833 2763 937 2819 fuciunt
954 2769 1046 2833 partes
1064 2763 1180 2831 multas;
1207 2763 1338 2816 diameter
1361 2758 1427 2815 iacit
1447 2765 1540 2829 partas

184 2841 297 2897 minimo
315 2840 433 2896 omnium
452 2856 574 2907 numero,
593 2855 631 2896 sc.
649 2845 756 2895 tantum
774 2839 858 2909 duas,
882 2855 933 2896 uec
950 2840 1021 2896 euim
1045 2842 1179 2910 partitum
1201 2847 1289 2898 totum
1315 2839 1457 2910 pauciores
1475 2839 1541 2894 dua·

185 2921 239 2976 bus
258 2919 350 2975 iacere
368 2920 476 2975 omniuo
495 2919 593 2990 potuit.
631 2921 656 2986 b)
676 2919 798 2986 Cumque
815 2917 947 2974 diameter
964 2919 1000 2973 sit
1017 2919 1063 2974 illa
1081 2933 1216 2988 mensura,
1235 2917 1270 2976 ad
1283 2933 1363 2988 quam
1375 2919 1462 2978 latera
1473 2919 1541 2988 tigu-

186 3015 278 3056 rarnm
297 2999 479 3070 comparanda
505 3005 570 3054 snut
593 2999 710 3055 undonis
736 3007 763 3053 et
781 2999 1019 3056 demonstrationis
1037 3013 1134 3069 causa,
1159 2997 1246 3055 latera
1267 2997 1376 3071 quidam
1393 2997 1540 3068 figurarum

183 3084 350 3153 reliquarum
375 3080 517 3150 operosius
543 3079 734 3135 describuntur
760 3078 1006 3150 imperfectiorique
1029 3079 1268 3138 demonstrationis
1290 3077 1375 3153 gradu
1398 3077 1427 3132 in
1450 3082 1540 3132 actum

184 3163 316 3223 scientiae
334 3161 533 3232 perducuntur,
559 3167 587 3216 at
606 3160 739 3215 diameter
764 3157 857 3213 circuli
879 3157 1080 3226 simplicissima
1105 3157 1166 3226 lege
1192 3156 1354 3216 describitur
1382 3157 1466 3214 ductu
1491 3171 1541 3226 per

184 3255 311 3303 centrum
330 3243 364 3299 ab
382 3257 436 3298 uno
455 3239 549 3296 circuli
567 3247 669 3308 puncto
688 3239 723 3294 ad
741 3237 907 3307 oppositum,
935 3245 1088 3306 aequatque
1105 3235 1166 3306 ipsa
1183 3253 1213 3293 se
1232 3240 1319 3310 ipsam
1337 3241 1434 3312 suique
1451 3241 1539 3312 ipsius

181 3338 311 3384 mensura
335 3329 383 3376 est.
421 3321 447 3388 6)
465 3317 626 3386 Figuramm
650 3318 730 3372 etiam
755 3317 841 3372 latera
864 3315 891 3368 in
916 3313 1049 3370 didsione
1075 3331 1130 3370 una
1148 3316 1242 3371 munuli
1270 3333 1319 3375 sen
1337 3321 1364 3375 iu
1384 3321 1539 3377 obsectione

181 3393 276 3478 partis*
288 3403 393 3456 iaciunt
409 3391 723 3468 portiones'inoeqnales
746 3403 774 3452 et
791 3401 896 3464 partem
914 3395 1044 3448 minorem
1057 3394 1186 3478 'residem
1214 3397 1345 3455 diameter
1367 3405 1473 3470 partem
1492 3399 1539 3453 ab·

183 3487 286 3534 sectam
304 3471 435 3542 relinquit
453 3468 593 3537 aequalem
611 3467 729 3523 residuo.
766 3467 842 3521 Haec
859 3480 922 3519 vero
940 3473 1082 3534 proportio
1100 3467 1274 3536 aequalitatis
1292 3485 1361 3540 pura
1375 3479 1418 3526 est
1434 3477 1462 3526 et
1477 3470 1539 3543 sim·

180 3558 247 3628 9101
266 3563 294 3611 et
310 3552 441 3624 perfecta,
459 3549 524 3618 quia
540 3553 641 3617 partes,
661 3555 730 3616 quae
748 3554 813 3602 snut
834 3546 905 3600 iuter
929 3560 959 3599 sa
977 3544 1119 3613 aequales,
1143 3547 1210 3602 illae
1230 3563 1314 3604 cansa
1330 3547 1539 3604 mensurationis

179 3636 253 3691 idem
275 3637 347 3688 suut.
383 3631 409 3698 i)
428 3629 552 3696 Denique
577 3627 682 3698 figurae
710 3633 817 3682 ceterae
842 3623 1086 3680 circumferentiam
1110 3627 1218 3697 quidem
1243 3627 1337 3684 circh
1363 3627 1486 3684 diddunt
1510 3629 1539 3683 iu
1573 3655 1575 3660 2

180 3721 276 3786 partes
294 3709 422 3782 aequales
441 3707 667 3778 aliqusmmultae,
686 3712 715 3762 at
733 3721 822 3761 meam
841 3703 936 3760 cuculi
953 3705 981 3758 iu
999 3710 1093 3776 partes
1110 3706 1275 3778 inaequales,
1297 3708 1362 3777 quia
1378 3708 1539 3778 relinquitur

180 3795 210 3850 in
228 3789 317 3846 medio
336 3804 404 3857 una,
432 3805 471 3845 sc.
489 3801 554 3843 area
570 3786 687 3856 figurae,
712 3785 801 3854 major
818 3782 940 3855 quolibet
957 3790 1172 3854 augmentorum
1201 3787 1332 3844 diameter
1354 3802 1409 3841 uon
1427 3786 1538 3841 circum·

181 3870 327 3928 larentiam
345 3875 464 3936 tanturn,
484 3867 531 3923 sed
551 3866 630 3921 simul
650 3866 729 3921 etiarn
748 3879 839 3919 aream
857 3863 884 3918 in
904 3863 958 3918 duo
975 3861 1070 3918 diuidit
1088 3865 1220 3935 aequ-alia.

270 3947 325 4004 Sed
342 3963 392 4016 per
410 3947 518 4001 axioma
535 3947 560 4001 2.
579 3947 674 4002 lateris
693 3957 742 4000 seu
759 3944 863 4012 lineae,
887 3957 958 4012 quae
976 3942 1106 3998 circulum
1125 3943 1220 4000 diuidit
1242 3949 1437 4014 consonanter,
1464 3944 1537 4016 inge·

180 4029 257 4084 nium
274 4025 417 4081 transitio
435 4025 641 4080 consonantiam
659 4025 755 4093 ipsam.
792 4023 865 4092 Ergo
883 4021 978 4091 partis,
997 4036 1078 4092 quarn
1096 4022 1130 4078 de
1143 4023 1244 4080 circulo
1257 4023 1387 4080 rescindit
1399 4023 1537 4100 diameter,

180 4107 208 4162 id
228 4112 270 4160 est
289 4102 449 4160 semicirculi
468 4117 528 4156 cum
546 4108 605 4156 toto
624 4101 725 4157 cimmo
744 4100 924 4157 consonantia
944 4109 986 4155 est
1005 4100 1131 4171 simplex,
1149 4101 1273 4172 perfecta
1296 4110 1323 4156 et
1340 4102 1465 4158 identica.
1501 4105 1539 4160 Et

176 4199 229 4256 per
247 4184 355 4238 axioma
372 4184 396 4238 5.
416 4181 497 4236 etiam
515 4195 608 4234 omues
626 4177 697 4236 aliae
714 4179 906 4250 longitudines,
927 4195 997 4250 quae
1015 4188 1080 4236 suut
1098 4181 1211 4237 interae
1229 4189 1260 4238 ut
1276 4188 1353 4237 totus
1366 4181 1483 4238 menius
1501 4183 1536 4239 ad

180 4263 224 4319 sul
243 4261 389 4326 dimidiam,
408 4258 513 4314 iaciunt
530 4256 651 4328 eandem,
670 4257 698 4312 id
717 4266 759 4314 est
777 4259 931 4328 identicsm,
949 4259 1099 4328 perfectam
1121 4259 1307 4332 etsinrpllcem
1326 4262 1535 4322 consonantiam.

164 4341 219 4408 „us
237 4340 265 4394 in
283 4339 402 4394 nument
422 4341 486 4405 (non
503 4337 585 4408 plane
603 4337 710 4407 quidem
728 4337 874 4392 abstractis
893 4345 921 4392 et
938 4339 1159 4408 numerantibus,
1186 4339 1235 4395 sed
1251 4339 1465 4410 longitudinibus
1484 4357 1536 4396 uu·

178 4417 301 4486 maratis)
319 4419 459 4488 proportio
479 4416 570 4486 dupla,
589 4415 659 4471 iuter
677 4431 714 4472 sc.
736 4417 746 4471 t
768 4423 796 4470 et
812 4415 838 4482 2,
859 4423 891 4471 ut
909 4421 937 4470 et
953 4417 1025 4472 iuter
1041 4435 1133 4474 eornm
1153 4433 1239 4487 aeque
1256 4419 1430 4492 multiplices,
1452 4422 1538 4492 gignis

179 4498 387 4554 consonantiam
404 4498 558 4554 identicam.

266 4575 340 4632 Nota
357 4576 410 4640 hic,
429 4573 655 4648 quemadmodum
674 4573 805 4630 diameter
832 4589 883 4644 per
900 4591 994 4632 omues
1013 4575 1201 4647 simplicitates
1226 4587 1254 4633 et
1274 4579 1454 4651 perfectiones
1472 4593 1535 4638 suar

178 4671 233 4711 non
252 4661 343 4710 brnen
360 4661 416 4710 tam
435 4655 550 4724 simplex
568 4659 618 4722 est,
636 4660 667 4709 ut
684 4660 824 4723 punctum,
842 4654 892 4710 sed
909 4660 1002 4708 manet
1017 4654 1098 4721 linea,
1119 4655 1226 4712 duobus
1245 4657 1338 4714 circuli
1355 4656 1463 4727 punctis
1482 4663 1535 4711 ter·

183 4735 294 4799 minata,
313 4733 444 4789 menium
461 4747 558 4790 secam
575 4733 603 4788 in
622 4733 689 4789 locis
708 4731 842 4803 oppositis
866 4739 896 4788 et
911 4739 1004 4803 partes
1023 4732 1090 4789 duas
1111 4736 1292 4805 constituens,
1317 4743 1347 4791 et
1364 4732 1535 4805 quemadmo-

183 4811 246 4872 dum
265 4814 335 4870 istse
353 4817 454 4884 partes,
471 4810 535 4869 licat
552 4813 624 4870 inter
641 4827 672 4868 se
688 4811 745 4868 sint
762 4811 905 4882 aequales,
931 4809 1055 4882 ainaha
1071 4817 1162 4872 unes
1179 4831 1228 4873 sno
1252 4823 1313 4873 toto
1329 4822 1394 4872 sunt
1409 4812 1536 4885 minum,
