3676 5536
286 363 350 424 ιιι
520 349 536 440 J
543 313 561 390 ι’.
721 355 764 411 De
781 351 1005 422 proportionibus
1022 351 1201 409 Harmonlcis.

286 553 340 596 nec
361 521 392 594 in
414 532 619 618 scurrilitepm
647 549 713 594 sese
735 533 920 611 profundant.
957 531 1090 590 ¹Rursum
1120 534 1193 593 haec
1216 549 1274 592 nou
1296 536 1471 611 compositio
1493 543 1538 596 est
1560 537 1636 598 iute-

286 641 403 702 grarum
427 625 606 701 specierum,
620 620 681 696 ,sed
705 619 827 680 violatio
850 619 1004 694 nonnulla,
1028 627 1062 678 ut
1083 621 1253 680 bennuuiea
1275 623 1389 682 existat.

275 752 278 761 -
374 709 426 771 Vl.
451 709 497 768 Ad
521 709 731 769 arithmeticam
753 709 879 783 pertinet
901 707 1123 784 aequalitatem,
1156 709 1235 786 quod
1258 711 1421 784 antiquitus
1450 717 1548 786 patres
1571 729 1636 770 curn

286 800 372 876 plebe
394 800 559 875 promiscuo
583 811 720 856 consessu
744 793 829 854 ludos
851 803 986 872 spectare
1006 794 1094 869 soliti,
1119 795 1155 854 ad
1180 799 1386 870 geometricam
1409 799 1636 874 proportionem,

287 885 366 962 quod
395 894 500 964 postca
529 891 626 961 patres
654 882 786 960 aplebe
813 884 947 959 sejuncti.
992 881 1059 941 Hoc
1089 881 1211 959 quidem·
1230 884 1273 941 sic
1296 891 1355 956 est,
1388 886 1413 942 ei
1441 885 1521 944 solos
1551 885 1637 944 ludos

287 971 461 1034 consideres.
507 973 547 1030 Αι
569 973 593 1029 ιι
617 971 754 1030 ιιιιιιιι
777 971 850 1045 reip.
869 969 1026 1028 ¹commoda
1048 987 1108 1029 uno
1131 973 1235 1030 mentis
1258 969 1412 1046 complexu
1434 980 1543 1044 ιιιιιι,
1570 989 1637 1032 cum

291 1079 327 1120 ex
350 1063 386 1119 iia
407 1059 533 1137 plurima
554 1059 686 1134 patribus
710 1055 861 1116 vindicata
885 1058 991 1120 luerint
1013 1060 1130 1116 ratione
1150 1059 1342 1135 geometrica,
1373 1057 1483 1136 populo
1510 1061 1636 1133 secluso,

286 1150 424 1226 pertinuit
446 1145 580 1222 equidem
604 1145 707 1203 haec'
699 1159 765 1221 ipae
789 1142 917 1203 inludis
942 1147 1092 1220 ornusque
1112 1146 1221 1204 ordinis
1244 1149 1419 1222 exaequatio
1443 1146 1480 1206 ad
1504 1155 1637 1207 contem-

173 1219 180 1272 ·'
286 1237 465 1314 perationem
487 1233 580 1306 illam,
602 1250 689 1292 sensu
711 1231 818 1298 Bodini
842 1233 1039 1291 harmonicam
1063 1235 1152 1292 totius
1175 1233 1356 1308 gubernandi
1377 1235 1503 1309 iormao3
1527 1238 1637 1312 quippe

287 1340 345 1399 qua
376 1329 406 1382 ct
426 1321 510 1398 plebe
533 1309 744 1392 deliciabatur,
777 1329 811 1377 ut
832 1322 914 1396 pueri
938 1321 1035 1380 solent
1055 1321 1142 1379 rebus
1175 1319 1323 1396 leviculis,
1352 1320 1449 1397 adque
1473 1322 1637 1397 diligendos

286 1409 401 1470 ordines
424 1409 588 1484 superiores
611 1406 801 1476 invitabatur,
825 1423 919 1483 neque
942 1409 1099 1483 quicquam
1123 1406 1320 1484 derogabatur
1340 1408 1474 1484 dignitati
1492 1409 1636 1469 ordinum.

287 1496 420 1572 Quadrat
441 1498 528 1555 etiam
552 1495 589 1554 ad
612 1511 694 1553 meas
717 1494 899 1568 medietates,
925 1501 1071 1570 quatenns
1086 1498 1236 1571 proportio
1259 1511 1316 1554 non
1334 1503 1454 1569 tenetur,
1480 1508 1511 1554 ut
1534 1505 1638 1557 tenea-

286 1594 333 1644 tur
355 1582 518 1644 concordia.
564 1581 650 1640 Prius
672 1583 701 1638 in
725 1584 811 1641 certis
833 1585 966 1674 personis
990 1581 1124 1641 ordinum
1147 1582 1342 1658 derogabatur
1364 1583 1536 1660 analogiae,
1559 1601 1638 1646 nuuc

287 1675 315 1730 iu
339 1671 425 1732 certis
446 1671 591 1746 praemiis

347 1758 441 1817 ·.Vll
467 1757 620 1822 Amicitias
643 1758 753 1814 animat
776 1755 944 1813 harmonica
967 1759 1205 1832 contemperatio.
1251 1754 1338 1832 Quod
1353 1758 1430 1816 enim
1453 1765 1505 1818 ιιι
1520 1760 1551 1816 ιι
1566 1775 1636 1836 pro-

263 1847 419 1924 ¹portione
449 1843 672 1920 concordantia,
704 1843 760 1902 boe
788 1851 832 1900 est
861 1845 888 1898 in
920 1845 1011 1900 totius
1037 1841 1183 1902 hnmanae
1207 1846 1286 1902 uitae
1314 1845 1426 1904 ambitu
1458 1862 1553 1919 amor,
1585 1850 1635 1922 qui

286 1933 510 2002 tundamentum
531 1938 576 1991 ιιι
598 1931 754 1990 amicitiae.
800 1929 913 2004 Quodsi
935 1947 1015 1988 mera
1038 1931 1202 2006 aequalitas
1225 1933 1385 1991 ciliciorum
1407 1931 1556 1992 inducitur
1569 1931 1635 2010 lege

287 2020 478 2093 arithmetica,
501 2018 591 2090 nulla
606 2021 660 2078 erit
682 2019 738 2075 nisi
762 2019 836 2076 iuter
858 2017 1165 2094 'aequalesamicitiat
1190 2027 1220 2078 et
1240 2021 1267 2076 si
1283 2020 1358 2078 inter
1373 2020 1542 2095 inaequales
1558 2039 1635 2081 mera

288 2115 326 2169 et·
341 2110 487 2184 exquisita
513 2103 674 2165 similitudo
702 2104 863 2164 ciliciorum
885 2107 1076 2179 geometrica,
1106 2106 1299 2180 neutrubique
1326 2109 1455 2166 amicitia
1482 2109 1553 2181 erit,
1585 2108 1635 2168 sed

286 2197 328 2256 ibi
350 2203 494 2273 perpetua
515 2196 677 2269 negotiatio
699 2192 930 2266 nundinatioque
952 2191 1124 2264 oiflctomur,
1149 2192 1292 2252 commodi
1316 2197 1360 2252 sci
1384 2211 1487 2266 causa,
1511 2195 1560 2254 bic
1581 2213 1635 2255 ne-

287 2284 414 2344 cessaria
440 2283 555 2359 patroni
584 2289 614 2341 et
644 2280 759 2340 clientis
790 2281 984 2350 consociatio,
1013 2280 1095 2338 nulla
1125 2283 1232 2338 amoris
1262 2278 1477 2343 demonstrandi
1506 2280 1635 2356 libertas,

171 2373 173 2384 '
287 2368 359 2429 nihil
389 2378 594 2448 spontaneum.
641 2369 779 2426 Amicitia
807 2369 873 2426 etei.
889 2368 1048 2432 consistere
1080 2385 1145 2426 cnm
1173 2368 1279 2426 crebris
1303 2369 1415 2444 injuriis
1446 2385 1505 2427 non
1527 2379 1633 2447 potest,

287 2459 368 2534 leges
398 2464 495 2518 ιιιιιιι
519 2457 629 2532 respuit
659 2457 814 2530 omniaque
844 2452 881 2513 ad
904 2454 1032 2512 sobrium
1061 2462 1090 2514 et
1112 2471 1214 2513 sanum
1238 2459 1345 2514 amoris
1369 2457 1519 2515 arbitrium
1542 2459 1635 2530 reiert,

288 2563 365 2605 nunc
389 2543 527 2620 aequalia
549 2541 727 2620 rependens,
756 2556 834 2599 nunc
855 2541 1101 2616 proportionalia,
1131 2551 1175 2601 est
1196 2543 1247 2600 ubi
1274 2554 1391 2614 neutra,
1420 2561 1535 2620 semper
1557 2545 1636 2618 talia,

291 2649 366 2708 quae
397 2649 449 2708 pro
477 2647 508 2689 re
531 2638 601 2688 nata
629 2630 724 2689 iacere
748 2627 884 2686 ridentur
906 2627 943 2686 ed
967 2632 1217 2688 eorrserraticnem
1244 2631 1367 2702 amoris,
1401 2633 1450 2707 qni
1475 2634 1578 2706 etiam,
1606 2641 1639 2692 ut

287 2720 442 2778 harmonia
465 2717 655 2777 dissonantiie
678 2724 708 2775 et
729 2725 760 2774 ut
783 2717 860 2790 ignis
882 2715 947 2773 terri
971 2714 1060 2792 stylo,
1087 2717 1195 2774 foditur
1217 2717 1329 2792 injuriis
1352 2716 1501 2835 nonnullis
1523 2736 1638 2779 ιιιιιιι-

291 2823 348 2882 quc
371 2803 586 2866 condonatione
609 2804 738 2880 metuite
760 2804 852 2861 vires
859 2813 990 2861 renovat.

375 2892 461 2952 VIII.
487 2891 705 2967 aequalitatem
729 2888 941 2948 arithmeticam
957 2891 1093 2949 Bodines
1110 2889 1229 2966 pulchre
1246 2900 1396 2967 comparat
1412 2893 1532 2968 regulae
1547 2893 1638 2971 Poly·

289 2979 357 3041 cleti
377 2980 498 3053 terreae,
523 2995 599 3054 quae
623 2978 721 3053 trangi-
739 2979 820 3053 prius
842 2993 930 3052 quam
953 2977 1030 3036 flecti
1053 2985 1169 3054 posset,
1194 2978 1412 3038 similitudinem
1433 2983 1638 3055 geometricam

289 3066 408 3144 regulae
424 3065 550 3127 Lesbiae
572 3065 736 3141 plumbeae,
761 3081 837 3139 quae
859 3065 995 3124 omnibus
1017 3065 1134 3140 angulis
1156 3064 1439 3128 accommodabatur.
1484 3067 1552 3145 lpse
1572 3069 1639 3127 bar·

258 3147 259 3152 ’
289 3155 433 3216 monicum
456 3155 672 3230 proportionem
695 3148 767 3210 suae
790 3148 966 3210 definitionis
990 3152 1144 3211 adumbrat
1165 3152 1267 3228 regula
1287 3153 1394 3230 lignea,
1417 3171 1493 3230 qnae
1517 3156 1639 3216 flectitur

290 3240 421 3320 quidem,
444 3249 477 3300 at
498 3260 514 3300 e
537 3241 663 3316 vestigio
684 3239 769 3298 redit

376 3329 434 3389 ΙΧ.
457 3327 491 3386 ln
515 3329 727 3404 gubernatione
750 3327 844 3386 omnis
866 3327 981 3401 generis
1003 3324 1170 3403 politiamm
1194 3329 1271 3402 rigor
1293 3326 1389 3402 legum
1413 3338 1443 3386 et
1461 3327 1573 3403 judicie
1595 3330 1638 3389 oi·

292 3418 390 3478 licium
413 3423 619 3492 comparantur
642 3412 813 3491 aequalitati
837 3409 1045 3486 arithmeticae,
1071 3431 1131 3488 qua
1153 3429 1210 3471 non
1235 3421 1347 3474 ιιιιιιι
1371 3431 1455 3474 suum
1475 3420 1581 3492 carique
1603 3417 1639 3476 ad

290 3506 431 3566 amussim
454 3504 598 3575 tribuitur,
623 3502 674 3563 sed
698 3503 786 3562 etiam
809 3503 921 3578 poenae
944 3503 1108 3575 inogantur
1131 3498 1366 3577 delinquentibus
1393 3502 1555 3578 aequaliter
1573 3506 1639 3564 sine

289 3608 478 3671 personarum
493 3597 638 3666 respectu,
666 3599 774 3664 etqua
798 3587 1017 3663 adstringuntur
1035 3588 1151 3663 judices
1178 3587 1214 3647 ad
1239 3589 1318 3664 leges
1341 3588 1437 3665 adque
1460 3590 1590 3666 allegata
1612 3600 1640 3652 et

216 3741 218 3746 ,
291 3681 422 3760 probata,
445 3677 658 3738 crescendum
682 3694 733 3736 eas
752 3675 893 3752 judicent,
918 3677 1032 3735 etiarnsi
1056 3678 1173 3750 iniquae
1196 3674 1277 3752 leges
1292 3677 1455 3736 videantur.
1505 3679 1638 3738 Vicissim

290 3769 424 3844 aequitas
456 3775 485 3826 et
515 3764 664 3826 arbitrium
695 3765 882 3839 magistratus
914 3779 1041 3834 merum,
1073 3765 1122 3839 qui
1146 3771 1243 3822 tamen
1272 3763 1367 3823 bouus
1390 3767 1428 3822 sit
1456 3771 1486 3824 et
1508 3783 1544 3825 ιιι
1568 3783 1639 3825 oon-

291 3857 414 3916 soieutia
435 3861 513 3928 agat,
537 3854 731 3927 geometricae
754 3845 909 3926 analogiae
932 3858 1065 3907 naturam
1089 3847 1190 3908 induit
1239 3851 1278 3909 At
1299 3851 1429 3910 llcdinns
1452 3851 1638 3914 harmonicae

291 3941 568 4019 contemperationis
592 3938 725 4016 exemplo
746 3936 873 3997 medium
896 3939 1053 4012 interponit
1076 3937 1202 3996 cilicium
1227 3937 1274 3998 vel
1288 3939 1468 4017 superiomm
1484 3943 1637 4014 curiarum,

291 4030 340 4091 vel
367 4031 512 4100 omnium,
544 4024 592 4086 vel
622 4028 726 4085 summi
756 4027 960 4100 magistratus,
994 4025 1100 4100 quibus
1130 4025 1322 4101 usquelicet
1352 4045 1387 4088 ιιι
1409 4027 1530 4096 arbitrio
1553 4045 1638 4104 ιιιιι

291 4135 370 4178 mero
394 4123 423 4177 et
446 4124 543 4175 ιιιιιι
567 4116 748 4191 permittitur,
772 4121 804 4171 ut
827 4110 907 4188 leges
930 4129 981 4188 pro
1005 4113 1116 4172 ratione
1132 4115 1413 4173 circumstantiarum
1430 4115 1557 4186 flectant,
1582 4133 1636 4173 non

294 4211 439 4281 frangant,
463 4213 493 4263 et
516 4219 567 4262 eae
590 4203 619 4258 iu
639 4201 760 4277 judiciis
783 4199 942 4260 secrrndum
964 4203 1142 4274 aequitatem
1159 4202 1389 4277 interpretentur,
1413 4209 1446 4260 ut
1468 4211 1565 4261 tamen
1588 4221 1638 4279 per

293 4290 455 4367 singulares
478 4293 622 4351 curiarum
645 4287 804 4349 sententias
826 4287 897 4346 nihil
921 4287 977 4363 legi
1003 4286 1165 4362 derogetur.
1210 4287 1282 4347 Vult
1304 4287 1385 4364 leges
1406 4287 1507 4348 haberi
1529 4289 1637 4350 similes

294 4394 366 4437 snae
394 4395 527 4450 normae,
558 4383 592 4436 ιιι
623 4375 728 4435 cedant
750 4371 881 4451 quidem'
895 4378 923 4432 in
947 4375 1067 4442 flexum.
1099 4383 1129 4433 at
1159 4377 1257 4433 statim
1280 4375 1408 4434 redeant.
1454 4374 1637 4454 Quamquam

294 4464 352 4524 hoc
373 4461 440 4522 loco
461 4463 593 4524 Bodinns
622 4463 755 4540 exemplo
778 4479 832 4522 sno
854 4479 956 4522 verum
969 4462 1205 4534 demonstravit,
1237 4462 1315 4538 quod
1346 4462 1382 4521 de
1401 4463 1476 4539 juris
1498 4464 1636 4524 consultis

229 4603 233 4618 .
296 4549 490 4612 affirmaverat
521 4558 621 4611 antea:
653 4553 733 4628 ipsos
753 4549 968 4609 ,mathematica
1000 4551 1056 4608 ista
1085 4557 1203 4630 propter
1229 4551 1275 4608 sui
1304 4550 1512 4610 obscuritatem
1543 4554 1636 4612 minus

295 4638 452 4716 percipere.
497 4637 572 4696 Nam
594 4654 651 4697 uon
675 4637 800 4715 quadrat
822 4637 886 4712 ejus
908 4635 944 4696 de
966 4637 1092 4696 numeris
1116 4637 1274 4713 disputatio
1304 4636 1342 4696 ad
1365 4653 1496 4696 normam
1519 4647 1635 4699 ucenae

297 4723 478 4800 discipliuae,
502 4738 567 4781 cum
589 4725 644 4796 ait,
667 4725 728 4786 fleri
750 4741 807 4784 nou
830 4741 930 4802 posse,
954 4731 986 4784 ut
1007 4725 1156 4802 proportio
1179 4727 1370 4799 geometrica,
1397 4741 1473 4800 qnae
1496 4733 1541 4786 est
1562 4729 1636 4789 inter

297 4820 422 4903 quatuor
451 4809 604 4884 terminos,
639 4811 700 4875 ulla
727 4815 915 4879 terminorum
947 4813 1171 4894 uanspoeitioue
1197 4818 1298 4894 pereat
1324 4811 1503 4888 easdemque
1533 4815 1636 4876 ιιιιιιι
