3698 5534
292 343 355 404 zoe
676 332 719 390 Ile
735 329 857 390 ticum·
873 328 1048 390 Planetarmr
1064 331 1241 428 fflmonidu
1352 279 1363 290 -

291 513 333 568 ns
350 511 432 567 suan
448 509 494 566 nn
514 507 546 582 0,
564 504 770 576 annuum
784 505 959 576 surruptae,
978 499 1038 575 uns
1055 505 1160 562 arnna
1176 505 1219 562 nu
1236 506 1327 576 ιιριι,
1345 505 1399 563 ιω
1415 517 1459 566 αι
1477 507 1637 580 muna.

292 590 383 658 Quare
400 589 424 644 si
445 585 476 659 0,
494 586 589 645 debuit
613 586 673 643 deri
698 585 785 654 major
809 585 951 642 immonis
967 585 1046 655 rubi,
1072 601 1123 655 per
1139 602 1218 656 prop.
1237 589 1270 655 7,
1297 586 1378 642 debet
1404 587 1487 656 iqitrm
1504 587 1585 642 etiam
1606 587 1639 658 0,
1733 633 1738 642 .

290 668 351 724 deri
366 667 454 736 major
471 665 611 722 harmonia
629 662 749 720 medei
766 663 816 719 sui.

328 765 331 772 '
377 760 595 839 Propositio
619 755 708 815 XIII.
753 754 840 815 Jorir
865 764 902 816 et
924 757 1027 817 nanos
1058 749 1193 819 extremm
1217 761 1343 818 motibus
1367 756 1548 820 debebantur
1570 757 1640 816 bar·

291 848 416 920 moriae,
439 849 532 924 major
554 843 672 923 quidem
699 838 745 924 0,,
768 842 964 922 trledlapasou
987 846 1114 922 circiter,
1137 848 1231 906 minor
1252 863 1322 907 vero
1345 841 1416 930 0,,,
1439 847 1525 907 tertia
1546 847 1641 904 minor

293 946 381 1015 enpru
404 933 600 1012 disdiapason.

284 1050 292 1064 ·
378 1025 449 1098 Nem
467 1024 531 1095 qnia
548 1021 633 1078 cubus
651 1017 762 1076 sortitus
781 1027 822 1075 est
845 1019 875 1094 0,
895 1027 923 1077 et
942 1015 986 1093 0,,
1012 1023 1152 1092 proportio
1173 1037 1240 1080 nero
1266 1021 1372 1078 orbium
1398 1021 1542 1088 tetratdri,
1567 1019 1641 1093 quod

293 1111 336 1160 est
359 1105 440 1160 situm
463 1105 535 1158 Inter
556 1092 593 1180 'll
620 1108 648 1156 et
675 1101 717 1166 d,
743 1100 880 1156 nominata
897 1101 993 1173 triple,
1010 1110 1053 1158 eat
1071 1099 1155 1172 dupla
1171 1103 1355 1174 proportionis
1373 1101 1478 1158 orbium
1497 1100 1573 1171 cuni,
1593 1117 1641 1155 no-

292 1181 409 1240 minatae
427 1179 605 1250 semitriplae:
634 1193 697 1248 erqo
715 1179 877 1234 conueniens
896 1186 965 1246 erat,
983 1188 1015 1236 ut
1033 1181 1115 1236 etiem
1133 1181 1269 1238 tetraedro
1289 1181 1560 1239 accommodarentur
1577 1197 1641 1250 pro·

292 1265 431 1334 portiones
449 1268 571 1318 motuum
589 1256 689 1327 duplae
707 1257 912 1327 proportionum
935 1257 1100 1312 cubicorum.
1136 1259 1205 1313 Sunt
1230 1267 1320 1316 autem
1337 1261 1458 1331 ipsarum
1477 1253 1584 1328 quidem
1607 1259 1639 1330 0,

293 1349 321 1397 et
341 1341 372 1414 0,
391 1341 491 1412 duplae
508 1337 698 1410 proportIonee
715 1337 781 1392 lure:
812 1336 842 1407 0,
861 1343 889 1393 et
909 1336 947 1409 0,.
983 1341 1021 1392 nt
1040 1338 1072 1412 0,
1090 1347 1204 1394 nonest
1230 1340 1399 1409 barmonIca,
1428 1346 1456 1395 et
1477 1341 1509 1412 0,
1523 1339 1580 1409 jam
1599 1346 1643 1394 est

292 1422 418 1478 absumta
434 1421 462 1476 in
480 1418 635 1474 octaedron.
651 1415 764 1472 vicinae
781 1416 865 1486 igitur
881 1417 1038 1474 barmoniae
1055 1417 1098 1472 hia
1117 1417 1337 1487 proportionibus
1352 1417 1467 1474 luerunt
1484 1417 1640 1487 sumendae

292 1515 343 1572 per
359 1515 402 1556 ax.
424 1503 445 1555 t.
482 1499 553 1554 Sunt
569 1511 633 1552 vero
651 1495 766 1567 primm
784 1496 837 1566 ipsi
856 1496 888 1567 0,
906 1495 1025 1552 sicinae:
1044 1498 1131 1552 minor
1151 1497 1184 1572 0,
1202 1505 1231 1552 et
1247 1495 1334 1566 nudor
1353 1496 1408 1566 ¹lro·
1433 1498 1508 1553 Iuter
1524 1497 1576 1552 bae
1595 1496 1641 1552 da·

292 1579 392 1636 lectum
408 1579 476 1636 tacit
493 1576 618 1645 ooqnatlo
637 1591 697 1632 eura
715 1575 869 1645 termeno,
888 1576 931 1630 cui
948 1575 1017 1632 aihu
1035 1583 1078 1632 est
1095 1589 1237 1632 commune
1253 1591 1314 1631 eum
1331 1585 1495 1645 pentagono,
1513 1589 1574 1630 enm
1595 1575 1642 1645 0,,

293 1659 330 1714 alt
347 1665 439 1712 necue
456 1655 666 1726 pentagonum,
693 1653 779 1722 major
796 1668 860 1708 vero
879 1655 1016 1710 tetreedro
1034 1657 1159 1724 cognatio
1178 1662 1221 1712 est
1237 1671 1298 1712 oum
1319 1656 1352 1728 0,
1368 1655 1460 1711 multia
1478 1655 1641 1725 nominibus,

293 1749 364 1805 quae
382 1735 490 1804 require
508 1749 543 1788 ex
559 1747 620 1802 cap.
639 1731 663 1786 0
699 1729 838 1800 Amplius:
856 1747 906 1801 pro
927 1731 959 1804 0,
976 1733 1043 1789 Iaoit
1067 1741 1094 1789 et
1112 1733 1172 1802 boc,
1192 1733 1278 1804 quod,
1305 1735 1530 1806 quemadmodum
1552 1735 1582 1807 0,
1601 1743 1642 1790 est

292 1814 380 1884 maior
397 1814 460 1870 subi
476 1819 507 1870 et
525 1812 558 1884 0,
575 1811 664 1881 major
678 1811 813 1881 octaedri,
832 1813 896 1880 quia
911 1820 978 1868 eunt
995 1813 1201 1882 proportionum
1218 1815 1288 1870 Inter
1310 1815 1390 1870 urbes
1407 1813 1535 1884 tinnulae
1552 1815 1642 1868 multi·

291 1895 394 1966 pIIces‚
422 1893 559 1949 ucetiam
580 1890 613 1963 0.
630 1890 689 1948 deri
712 1888 806 1946 debuit
827 1890 913 1960 major
936 1892 1079 1959 uuaedn,
1106 1892 1171 1962 qnia
1187 1899 1219 1948 ut
1242 1893 1324 1962 hujus
1342 1908 1440 1962 corpus
1459 1899 1501 1950 est
1517 1892 1642 1960 inseripti

292 1971 346 2030 sibi
366 1972 487 2030 eotetdri
505 1970 626 2040 duplum,
645 1977 676 2027 nt
693 1967 796 2026 dicum
813 1986 873 2040 cap.
891 1971 915 2038 1,
934 1971 974 2026 sie
991 1971 1073 2028 etiarn
1090 1973 1274 2042 proportionis
1292 1974 1376 2043 huus
1391 1969 1571 2026 taureduno
1588 1978 1642 2023 ter-

292 2051 380 2105 minus
398 2051 415 2106 8
433 2055 476 2106 est
493 2047 663 2106 ocucdncae
679 2048 863 2120 proportionis
881 2049 989 2104 termini
1005 2049 1023 2104 4
1041 2049 1150 2120 duplus.
1168 2051 1301 2120 Amplius,
1320 2053 1390 2110 deut
1408 2049 1447 2121 0,,
1465 2051 1553 2106 miuor
1571 2047 1642 2116 cubi,

291 2139 334 2187 est
350 2145 435 2186 nnnm
453 2131 598 2200 ᾱίιῃιιοιι,
617 2135 645 2192 et
665 2127 706 2199 0,,
723 2125 810 2196 major
827 2125 953 2197 octaedri,
973 2135 1016 2184 eet
1034 2128 1088 2183 dno
1106 2128 1246 2200 diapason,
1264 2129 1303 2186 aio
1317 2129 1375 2198 jam
1397 2127 1436 2200 0,,
1455 2127 1542 2198 major
1559 2133 1642 2182 tetra·

255 2243 258 2250 .
292 2205 359 2280 adri,
377 2208 471 2264 debuit
487 2208 547 2268 fieri
564 2207 617 2266 tria
644 2205 783 2280 diapason.
820 2205 903 2262 Plura
926 2215 1017 2264 autem
1040 2205 1172 2278 diapason
1192 2207 1360 2264 debebantur
1385 2209 1450 2264 huic
1477 2224 1558 2279 quem
1580 2207 1643 2274 iliis,
1730 2201 1738 2220 ⁸

292 2286 355 2358 quia
373 2303 435 2344 oum
452 2285 592 2346 harmonia
605 2286 696 2366 minor
714 2285 875 2342 tetraedrioa
893 2288 1046 2344 necessario
1071 2287 1108 2344 eit
1125 2289 1243 2346 omnium
1261 2289 1392 2344 minorum
1414 2288 1443 2344 in
1461 2286 1557 2344 ceteris
1575 2285 1643 2358 dqu-

291 2361 329 2421 ris
355 2365 472 2421 maxima
498 2367 609 2438 (quippe
635 2374 663 2422 et
689 2366 794 2421 orbium
817 2367 1041 2422 tetraedricorum
1063 2369 1203 2438 proportio
1222 2375 1265 2424 est
1282 2368 1400 2424 omnium
1418 2365 1571 2438 figuralium
1588 2379 1643 2420 ma·

293 2447 388 2517 ximo:
415 2447 555 2504 harmonia
572 2447 654 2502 etiam
673 2445 760 2516 maim
776 2445 940 2502 tetraedrioa
967 2445 1060 2502 debuit
1081 2446 1196 2517 majores
1215 2455 1365 2504 ceterarum
1384 2462 1513 2516 superare
1530 2459 1643 2500 numero

291 2525 412 2594 Ipsarum
430 2523 568 2593 diapason.
603 2523 693 2580 Habet
712 2525 827 2594 deanue
845 2525 978 2580 ternarius
996 2525 1198 2582 intervallorum
1211 2527 1342 2595 diapason
1360 2523 1569 2579 familiaritatem
1582 2539 1643 2578 cnm

291 2603 426 2674 triponioa
445 2603 536 2673 specie
554 2603 691 2672 tetraedri
709 2605 794 2660 habet
811 2604 1004 2674 perfectionem
1018 2605 1163 2676 quandam,
1182 2605 1331 2663 secundum
1349 2605 1430 2660 illud:
1450 2619 1529 2659 omne
1543 2605 1643 2658 trium

296 2680 464 2752 perfectum
493 2697 555 2736 cum
574 2682 655 2737 ειὶιιιι
673 2683 840 2755 octonarius,
868 2684 926 2753 ejus
952 2685 1095 2756 terminus,
1121 2686 1156 2742 sit
1174 2685 1276 2757 primus
1294 2685 1451 2741 cubicorum
1470 2696 1642 2738 numerorum

295 2759 458 2830 quantitatis
475 2761 621 2831 parientes,
640 2761 721 2817 trium
739 2777 776 2817 sc
795 2762 1000 2820 dImensionnm.

381 2839 439 2911 Ipsi
458 2838 491 2909 0,
509 2853 558 2895 seu
576 2839 627 2912 0,,
645 2840 748 2896 riciuae
765 2849 830 2896 sunt
846 2842 1011 2908 barmoniae,
1027 2843 1116 2914 major
1132 2843 1239 2913 quidem
1259 2841 1320 2914 0,,,
1338 2841 1427 2898 minor
1443 2857 1507 2898 vero
1525 2841 1576 2913 0,,
1594 2855 1643 2896 seu

293 2917 349 2989 'lun
385 2914 504 2974 Rursum
523 2925 615 2975 autem
633 2917 682 2990 0,,
700 2925 744 2976 est
760 2929 852 2978 recma
868 2925 1076 2992 penuqonioue,
1104 2923 1148 2979 oui
1174 2939 1235 2980 cum
1253 2921 1390 2978 teuaedro
1417 2921 1485 2977 nihil
1502 2933 1643 2976 commune

294 3005 344 3052 est.
381 2999 419 3052 At
436 2995 483 3068 0,,
500 3003 614 3068 propter
630 3013 757 3055 numeros
776 3001 792 3055 ll
811 3007 839 3056 et
856 3002 873 3056 i
891 3011 1015 3070 (qnorum
1028 3001 1142 3057 soboles
1161 3009 1225 3058 eunt
1242 3002 1346 3059 numeri
1363 3001 1413 3072 12,
1439 3001 1483 3066 tt>
1504 3000 1642 3056 familiari-

292 3081 377 3133 tatem
394 3077 480 3132 babet
497 3091 558 3132 oum
576 3078 722 3134 tetratdro.
741 3079 810 3136 Nam
829 3081 930 3137 alteros
948 3082 1079 3138 terminos
1097 3081 1223 3152 misereo,
1242 3083 1306 3138 tot
1325 3091 1353 3137 et
1370 3081 1396 3150 3,
1411 3079 1455 3134 hic
1473 3077 1642 3148 negligimur,

293 3156 359 3226 quia
376 3171 469 3210 eorum
487 3155 637 3212 iedssimus
663 3158 833 3228 cognationis
851 3159 952 3230 padus
971 3168 1013 3216 eet
1031 3177 1092 3230 euru
1108 3161 1211 3230 figuris
1227 3167 1260 3216 ut
1276 3160 1368 3217 ndens
1386 3165 1429 3214 est
1445 3175 1505 3228 cap.
1518 3157 1543 3213 2.
1562 3158 1642 3211 Proe-

292 3241 370 3292 terea
387 3235 491 3290 orbitam
509 3236 638 3292 tetreedri
654 3239 795 3307 proportio
813 3240 896 3309 tripla
913 3248 969 3310 est3
994 3247 1071 3296 tanta
1089 3255 1152 3294 vero
1170 3240 1253 3296 debet
1279 3255 1340 3295 esse
1366 3248 1394 3293 et
1421 3237 1641 3308 consurgentium

292 3315 496 3371 intervallorum
513 3316 653 3385 proportio
671 3317 785 3388 circiter,
804 3333 854 3388 per
871 3335 913 3374 ax.
933 3319 958 3374 2.
994 3321 1078 3389 Atqui
1095 3335 1145 3392 per
1162 3335 1221 3390 oep.
1239 3321 1264 3378 3.
1282 3319 1423 3392 proportio
1441 3325 1562 3372 motuum
1580 3331 1643 3370 cou-

292 3393 461 3465 rerqentium
479 3392 680 3464 appropinquat
696 3408 806 3450 eremas
824 3395 1019 3466 sesquialterae
1036 3397 1249 3466 intervallorum,
1268 3395 1446 3467 sesquialtera
1463 3411 1528 3450 vero
1546 3393 1644 3463 triplae

293 3481 337 3529 eet
354 3474 426 3529 inter
442 3474 515 3530 1000
531 3479 559 3526 et
576 3473 628 3528 130
647 3473 762 3529 circiter.
799 3475 925 3543 Qualium
953 3477 1035 3545 igitur
1060 3478 1184 3550 ephellue
1201 3479 1298 3534 Martis
1317 3485 1406 3533 motus
1424 3481 1466 3531 ert
1486 3475 1566 3544 1000,
1593 3470 1644 3527 erit
1736 3465 1744 3482 “

292 3549 369 3608 Jorie
387 3552 475 3621 maior
491 3567 572 3622 qnam
591 3553 642 3609 133
659 3553 759 3624 paulo,
776 3555 865 3611 minor
881 3567 963 3626 quem
982 3557 1045 3624 333,
1071 3559 1154 3614 tertIa
1171 3557 1244 3614 illius
1262 3573 1335 3629 pars,
1352 3557 1446 3613 multo.
1482 3555 1543 3612 Non
1562 3553 1644 3622 igitur

292 3631 433 3688 burmouia
454 3633 514 3704 Ι0,,
541 3627 593 3688 boo
611 3641 653 3690 eet
675 3633 784 3706 mim,
802 3635 851 3690 sed
869 3633 1009 3692 harmonia
1027 3635 1085 3710 0,,
1112 3638 1165 3693 boc
1183 3645 1225 3693 est
1247 3638 1346 3712 03οΜ
1365 3635 1454 3692 locum
1470 3632 1554 3688 hebet
1571 3631 1644 3686 Inter

293 3717 489 3782 conserpentes
506 3713 583 3770 Iovis
601 3721 630 3770 et
646 3714 752 3772 Mnus.

379 3801 591 3886 Propositio
607 3805 694 3868 xlv.
736 3801 873 3866 Motnum
890 3805 993 3868 biartls
1015 3819 1207 3874 extremorum
1231 3811 1347 3890 propria
1371 3807 1519 3888 proportio
1543 3803 1643 3866 debuit

292 3889 357 3952 fleri
377 3891 472 3970 maior
494 3911 584 3970 quam
608 3893 788 3955 dlatessaron
814 3889 867 3977 0,,
892 3903 921 3956 et
940 3895 1054 3959 'circiter
1080 3893 1155 3981 “0.,,.

364 3973 424 4030 Sint
443 3975 514 4032 enim
531 3976 672 4046 praecisae
685 3975 743 4046 jam
761 3975 917 4032 barmoniae
938 3977 985 4050 0,,
1004 3989 1032 4036 et
1054 3981 1085 4052 0,
1103 3997 1151 4038 sen
1169 3981 1230 4054 'laer
1249 3979 1311 4038 Jori
1328 3985 1356 4034 et
1367 3979 1450 4033 lliarti
1468 3977 1643 4032 communiter

291 4055 440 4114 attributae
458 4057 605 4126 (propib).
633 4056 717 4112 Aufer
734 4055 864 4111 minorem
883 4055 930 4128 0,,
947 4073 965 4112 a
982 4059 1084 4130 majore
1102 4059 1159 4134 0,,
1182 4067 1268 4116 rmtat
1287 4059 1330 4131 0,,
1348 4073 1454 4114 summa
1472 4055 1642 4126 propriarum

293 4131 445 4204 utriusque.
480 4133 518 4190 At
533 4131 610 4189 doris
628 4133 713 4190 solius
730 4135 853 4204 proprIe,
881 4151 965 4205 supra
983 4139 1093 4208 quidem
1119 4157 1197 4210 prop.
1216 4141 1258 4196 11.
1276 4137 1397 4204 inventa,
1426 4142 1468 4192 eet
1487 4133 1530 4207 0,.
1565 4133 1643 4192 Hauc

293 4211 376 4282 iqitur
394 4211 473 4270 anser
490 4229 507 4268 a
524 4230 629 4270 summa
645 4211 816 4285 propriarum
834 4211 882 4286 0,,
901 4213 953 4270 boc
971 4225 1014 4272 eat
1038 4219 1116 4276 anien
1135 4217 1194 4291 0,,
1212 4218 1246 4274 ab
1269 4217 1340 4288 '‘Vae,
1363 4222 1450 4272 restat
1466 4211 1563 4269 Martie
1580 4225 1642 4281 pro·

293 4291 354 4362 pria
373 4289 446 4365 ¹⁸12„
474 4298 606 4362 quaeest
629 4289 716 4360 nudor
742 4307 823 4362 quam
844 4291 900 4366 0,,
919 4309 968 4349 sou
987 4293 1028 4366 0,.
1063 4295 1124 4353 Fiet
1141 4305 1231 4354 eutem
1259 4295 1348 4354 adhue
1365 4294 1465 4364 maior,
1492 4293 1584 4362 8ὶοοῐ
1602 4307 1642 4345 ⁸⁰·

294 4375 408 4438 quentes
426 4371 545 4428 rationes
564 4371 713 4428 communia
731 4371 818 4442 major
838 4371 870 4448 0,
888 4382 1027 4450 augeatur.

382 4459 599 4542 Propositio
622 4459 694 4524 XV.
738 4461 818 4526 Inter
841 4475 1051 4544 convagantes
1073 4476 1169 4528 motus
1184 4465 1289 4528 Marti·
1311 4476 1340 4530 et
1354 4465 1491 4542 Tellena,
1515 4463 1642 4526 neilus

296 4552 329 4606 et
348 4543 486 4626 Veneris,
516 4550 640 4613 Veneria
669 4559 699 4612 et
720 4549 872 4628 Merourii,
903 4553 1116 4632 dirpertiendae
1143 4556 1258 4616 luerunt
1285 4555 1454 4616 barmoniae
1486 4547 1544 4634 0,,
1577 4552 1642 4612 dia·

297 4639 393 4712 pento‚
416 4631 472 4718 0,,
495 4645 579 4698 sexta
601 4638 708 4714 mollin,
734 4635 788 4722 0,,
812 4649 896 4702 sexte
917 4641 998 4718 dura,
1022 4660 1133 4720 eaeque
1155 4643 1212 4704 hoc
1229 4645 1299 4720 ‚ipso
1323 4641 1434 4703 ordine.

383 4725 453 4782 Nam
480 4727 669 4788 doderaedron
695 4738 723 4788 et
737 4731 910 4804 imeaedrom
936 4733 1041 4803 flqurae
1058 4735 1129 4790 Inter
1145 4735 1274 4805 Martem,
1300 4733 1437 4790 Tellurem
1464 4739 1493 4788 et
1508 4731 1642 4790 Venerem

295 4801 487 4877 interlooatae,
513 4808 649 4866 nminem
672 4809 774 4869 babent
790 4813 994 4882 proportionem
1016 4813 1087 4870 inter
1110 4829 1174 4870 snos
1196 4814 1284 4885 orbes,
1306 4814 1539 4884 muranum
1557 4819 1586 4866 et
1603 4811 1641 4866 in·
