3480 5548
677 431 880 522 de'liarmonia.
1336 424 1337 436 ¹
1401 441 1439 498 71

189 605 217 654 ln
234 605 308 656 libris
327 605 431 670 Kepleri
449 609 632 672 mmuemrptta,
652 610 695 670 qul
714 609 836 658 Pullrorae
855 615 880 667 et
897 610 1064 672 stuttgardiae
1083 615 1267 676 conservantur,
1289 613 1387 674 praeter
1404 625 1442 674 aa,

111 689 166 734 quae
182 689 211 724 ex
229 675 349 739 epistolis
367 677 480 726 desumta
496 679 675 744 praemisimus,
693 679 756 728 nihil
769 680 818 730 lere
831 679 1043 744 deprehendimus,
1061 681 1128 742 quod
1146 682 1176 730 ad
1190 681 1351 731 Harmoniam
1370 686 1395 730 et
1411 681 1442 732 ad

112 744 185 793 studia
200 744 317 807 lieplerl,
342 761 407 812 qnae
433 751 517 810 typum
540 748 620 810 operia
643 748 832 813 praecedebant,
858 751 989 812 pertinent
1024 749 1239 803 VolumintXlX.
1257 751 1316 800 lite.
1338 747 1441 800 Pulkov.

112 813 262 874 lrrgmentum
281 817 352 864 ineat
369 818 455 864 talium
474 817 623 884 studiorum,
647 815 744 879 aliquot
761 821 834 868 annis
858 823 915 867 ante
933 819 1026 868 editam
1043 821 1202 871 Harmoniam
1225 819 1363 884 alieplero
1382 835 1441 870 cou-

111 871 302 946 scriptum,⁸qno
321 888 483 948 proponendo
500 890 574 937 tuam
592 889 698 940 tacimus
716 893 813 937 noemae
831 890 984 951 praelationi.

108 1075 234 1136 Brevis
265 1084 304 1137 et
333 1076 510 1139 dilucida
531 993 1101 1159 οιρΙὶἒέὶὶῇᾞῖιιξῗίῗῶοηιοτυω
1127 1081 1441 1157 harmonicorum.

183 1179 388 1259 Quaecunque
412 1184 486 1245 duae
509 1184 632 1246 chordae
654 1203 690 1247 ex
705 1185 866 1264 acqualiter
887 1187 1009 1247 intensis
1030 1187 1104 1246 inter
1125 1201 1157 1245 se
1177 1183 1331 1244 habuerint
1351 1189 1443 1248 retio-

107 1287 179 1344 nem,
213 1287 305 1346 qnam
330 1271 454 1331 circulus
476 1271 513 1332 ad
536 1290 634 1332 areum
657 1267 759 1353 ῥητον,
786 1277 964 1353 geometrica
985 1271 1109 1351 simplici
1132 1271 1325 1333 delineatione
1347 1290 1443 1336 resec-

108 1365 170 1430 tum,
192 1356 263 1418 illae
287 1359 365 1419 inter
387 1375 417 1419 aa
440 1367 470 1420 et
492 1359 584 1420 saltere
606 1377 671 1421 cnm
694 1359 812 1422 alterins
833 1361 929 1440 duplis
950 1369 980 1421 ct
1002 1357 1128 1419 dimidiis
1150 1360 1180 1417 in
1196 1362 1333 1420 continue
1347 1360 1444 1422 biset·

107 1447 178 1505 tione
200 1451 230 1504 et
254 1443 456 1524 duplicatione
487 1455 662 1523 consonant,
695 1449 844 1526 quaelibet
866 1457 942 1510 certe
964 1448 1064 1525 aliquo
1092 1448 1298 1506 consonantiae
1324 1463 1443 1524 genere3

107 1547 174 1606 quae
206 1550 279 1593 vero
315 1535 390 1593 inter
416 1536 612 1595 serationem
641 1535 796 1596 habuerint
824 1554 906 1611 earn,
938 1553 1026 1614 qnam
1055 1533 1178 1595 circulus
1203 1533 1240 1594 ad
1268 1550 1366 1594 areum
1396 1535 1444 1596 vel
1486 1528 1489 1536 ’

107 1617 148 1677 rel
169 1615 276 1701 dloyoe
300 1620 349 1682 vel
372 1615 460 1700 p‘pem
481 1621 615 1700 quidem,
639 1621 691 1684 sed
713 1630 855 1685 resectum
878 1625 929 1684 ria
951 1620 1174 1702 dyeopeepprp,
1197 1621 1246 1682 rel
1267 1623 1444 1699 geometrica

107 1704 231 1781 quidem,
254 1705 311 1768 aed
333 1725 393 1767 non
413 1709 538 1788 simplici
561 1718 590 1771 et
612 1708 734 1787 directa,
756 1710 827 1772 illae
850 1730 868 1771 a
890 1728 922 1773 sa
944 1711 1069 1772 invicem
1092 1707 1256 1785 metuant,
1287 1726 1443 1787 earumque

107 1791 189 1872 dupla
209 1801 240 1855 et
263 1793 395 1856 dimidia.
1210 1811 1214 1820 ·

184 1901 280 1960 Arcus
304 1895 388 1982 p‘qece
409 1906 439 1962 et
459 1903 636 1979 geometrica
657 1902 782 1982 simplici
805 1905 854 1964 eia
874 1902 989 1964 resecti.

184 2003 324 2128 Dianffetro.
477 2004 672 2128 flamidifiametro.
740 2004 921 2128 Semldlamessri
945 2071 1216 2137 proper-Composita
1232 2001 1266 2124 ἐξ
1286 2075 1442 2124 semidiame-

739 2147 864 2195 tlonaliter
882 2149 963 2194 sectae
980 2149 1048 2206 parte
1110 2149 1147 2192 tro
1165 2148 1191 2192 at
1207 2150 1276 2207 parte
1294 2145 1391 2208 majori.

847 2217 942 2276 majori.

107 2285 278 2350 lliueduplae:
301 2283 411 2354 l,3„¹,
434 2283 471 2352 ¹„
489 2283 586 2352 ,isaia
740 2283 772 2355 ᾗ,
796 2283 835 2334 vel
852 2283 885 2355 ᾗ,
911 2283 943 2352 ,⁴0
968 2284 1006 2334 vel
1023 2280 1092 2353 M„
1111 2282 1150 2332 rel
1168 2281 1196 2352 ξ,
1216 2282 1247 2352 {ss
1265 2282 1305 2336 vel
1323 2280 1340 2354 ξ
1360 2289 1408 2339 etc.

227 2362 277 2408 eto.
422 2319 440 2426 l
463 2360 488 2404 et
505 2353 681 2492 epaendppclae:
704 2353 729 2424 ᾖ,
796 2352 830 2424 ,⁸5
848 2354 888 2404 vel
907 2353 921 2425 ξ
940 2359 987 2406 etc.
1057 2393 1059 2400 .

517 2463 544 2492 ,ν
564 2455 579 2492 8
636 2462 643 2474 ·

111 2633 183 2701 lnon
199 2643 303 2687 tantum
321 2635 438 2706 pendetl
464 2643 636 2700 praeterquam
663 2634 757 2704 quod}
774 2647 824 2682 non
842 2629 1220 2700 tantum‘pendetliujutmodi
1247 2628 1366 2685 chordae
1389 2645 1443 2686 om·

107 2707 134 2754 ab
152 2705 166 2774 l
183 2720 226 2769 per
239 2708 514 2774 bmectionempeudet
542 2709 573 2756 ab
601 2705 629 2774 g,
656 2706 770 2755 habetab
790 2702 831 2771 eir,
850 2704 894 2754 aad
907 2706 960 2766 lpaa
973 2705 1049 2754 etiem
1135 2724 1184 2768 neg
1202 2715 1357 2766 consonant,

108 2778 147 2827 aed
163 2779 234 2827 etlam
254 2793 282 2828 ee
300 2779 358 2842 ipae
374 2791 412 2826 re-
423 2779 655 2842 etiamsubtensam,
669 2774 973 2858 quaehahetaubtepaam,
986 2787 1048 2834 quae
1092 2791 1178 2846 mus
1199 2789 1275 2862 pm,
1299 2793 1341 2842 θη
1359 2789 1393 2861 Ῐις
1417 2792 1445 2843 pt

108 2853 195 2896 secatur
216 2863 262 2910 per
286 2847 412 2914 lineolam,
447 2853 528 2912 potest
546 2843 562 2913 ξ
581 2847 700 2896 diametri.
739 2848 821 2907 potest
841 2843 1196 2922 eemrdrametmmresecatu,
1214 2866 1257 2922 ,ia
1274 2866 1443 2936 geometria,

109 2918 413 3048 euffirffitffimfft
738 2917 1048 3052 ff,fg¹,¹,⁸m⁵,⁰⁴³p²⁸‡„ss³gffss
1058 2946 1106 3002 sed
1132 2961 1187 3002 non
1213 2943 1335 3011 simplici.
1376 2944 1445 3000 Nam

194 3057 317 3109 demeret
738 3059 834 3102 teneam
851 3041 925 3104 habet
946 3067 1047 3116 compo·
1057 3030 1196 3080 memus
1213 3023 1327 3094 primum
1345 3024 1371 3095 h
1388 3029 1444 3078 tum

739 3125 813 3172 ercam
838 3137 868 3172 ex
891 3125 1009 3173 subesse
1031 3103 1085 3192 pl,
1114 3103 1148 3158 ab
1167 3101 1262 3158 eodem
1285 3108 1386 3172 puncto
1404 3117 1444 3155 m·

740 3195 841 3255 ejusque
856 3193 1046 3257 proportionali·
1056 3181 1144 3252 cepti:
1184 3186 1250 3235 tuno
1293 3177 1444 3249 differentia

784 3270 821 3312 ter
838 3267 920 3312 aeetae
936 3270 1006 3325 parte
1057 3259 1197 3326 nemusque
1215 3267 1257 3314 eat
1275 3261 1315 3331 ἡ.
1351 3257 1444 3313 Disso-

841 3337 944 3396 majam.
1056 3344 1123 3394 nant
1141 3351 1205 3408 ergo
1224 3337 1352 3404 chordae,
1375 3353 1444 3406 quae

1057 3423 1122 3474 aunt
1138 3421 1169 3471 nt
1188 3422 1202 3468 1
1220 3413 1291 3471 velt
1308 3413 1352 3470 rol
1367 3417 1385 3472 t
1401 3414 1444 3472 ecl

966 3497 967 3502 ’
1057 3491 1135 3550 tirel
1156 3495 1188 3549 16
1207 3494 1241 3549 ad
1259 3494 1300 3551 1⁵.

126 3629 130 3637 .
185 3585 272 3642 meua
291 3587 379 3658 p'qroc,
398 3586 446 3642 aed
463 3600 518 3640 non
536 3584 696 3655 geometrice
713 3591 834 3640 resectus
852 3569 895 3639 eat
910 3581 945 3653 t,
961 3586 989 3654 t,
1009 3584 1056 3655 ᾖ,
1076 3584 1125 3655 ἡ,
1149 3582 1195 3653 ἡ,
1214 3581 1243 3652 ff,
1265 3585 1331 3650 ete,
1358 3580 1443 3636 diseo·

108 3668 168 3719 nant
187 3664 271 3735 igitur
293 3663 364 3720 tales
386 3661 501 3719 chordae
526 3678 671 3735 earumque
695 3671 826 3738 cognatae
847 3677 896 3732 per
920 3661 1139 3731 duplicationem,
1165 3665 1196 3714 ut
1220 3655 1251 3728 i,
1275 3659 1379 3728 tete,
1404 3659 1444 3714 sie
1543 3671 1546 3678 ’

110 3743 132 3812 Ι,
150 3743 176 3814 1²1
195 3751 259 3814 ete,
278 3744 333 3800 imo
350 3758 400 3814 per
416 3758 604 3814 quameunque
621 3742 879 3816 multiplicationem,
897 3745 928 3796 ut
943 3741 972 3810 i,
992 3783 999 3796 .
1019 3782 1026 3796 .
1047 3779 1053 3794 .
1074 3740 1106 3812 ,t
1126 3781 1132 3792 .
1152 3781 1158 3794 .
1177 3779 1184 3793 .
1205 3738 1239 3812 ,lg
1252 3741 1316 3794 etc.
1350 3735 1443 3794 Solum

111 3819 125 3890 l
142 3829 281 3896 contonat,
301 3822 365 3894 quia
381 3821 508 3879 coincidit
524 3838 584 3878 cnm
602 3825 633 3894 ῃ
652 3837 707 3878 non
724 3821 807 3878 habet
824 3819 905 3891 igitur
923 3820 975 3876 hoc
992 3834 1010 3874 a
1027 3819 1148 3875 sectione
1166 3817 1319 3874 novenaria.

187 3916 283 3976 Areua
305 3912 409 3995 ἄλογος
431 3921 491 3991 est,
523 3915 574 3990 qui
601 3931 662 3973 non
692 3920 737 3975 eet
767 3911 804 3974 ad
827 3910 965 3973 circulum
993 3920 1026 3972 ut
1054 3928 1191 3972 numerus
1214 3909 1252 3970 ad
1275 3923 1453 3983 nnmernmp

107 3999 168 4062 talis
188 3999 337 4066 resecatur
358 4009 481 4082 aparte
503 4003 589 4062 tertia
610 4001 750 4077 diametri,
774 4007 826 4060 aut
847 4017 866 4061 a
887 4007 983 4061 sectae
998 3999 1204 4062 semidiametri
1224 4003 1306 4073 parte
1327 3995 1443 4070 minori,

107 4095 154 4148 ant
172 4109 192 4150 a
210 4091 306 4154 latere
328 4091 396 4152 cubi
416 4091 447 4148 in
469 4088 610 4166 sphaera,
639 4095 691 4150 aut
719 4088 845 4150 elimate
871 4085 1002 4166 plurimis
1031 4085 1250 4148 irrationalibus
1280 4083 1329 4143 rel
1350 4084 1443 4144 ratio-

106 4177 226 4240 nalibus.
259 4177 433 4242 ,Numerum
455 4178 533 4237 enim
555 4183 670 4253 oportet
692 4177 814 4256 primum
842 4175 872 4233 in
895 4192 964 4238 arcu
985 4175 1081 4236 locum
1102 4174 1226 4246 babere,
1258 4169 1326 4231 inde
1354 4172 1442 4242 etiam

107 4265 134 4324 in
153 4267 294 4328 mbtenaa
315 4266 364 4329 rel
387 4265 451 4344 aius
473 4262 616 4342 quadrato
644 4263 692 4324 vel
716 4281 779 4325 eam
803 4263 1040 4324 constituentium
1062 4260 1229 4339 quadratie3
1259 4257 1332 4318 nihil
1356 4259 1443 4336 juvat

106 4367 238 4416 numeras
261 4354 425 4430 altrobique
447 4352 543 4413 solnm
564 4349 662 4412 locum
684 4350 805 4414 habene.
850 4349 952 4412 Talem
974 4351 1062 4427 igitur
1076 4346 1265 4426 geometriam
1286 4352 1390 4408 natura
1411 4349 1441 4407 in

105 4443 221 4504 vocibus
244 4459 297 4504 acu
317 4443 416 4521 potius
438 4442 468 4501 in
490 4436 629 4500 facultate
649 4437 777 4515 auditne,
799 4453 904 4500 vocum
926 4437 1130 4514 aesdmatrice,
1151 4435 1301 4513 expressit

184 4529 290 4607 Neque
319 4537 418 4591 temen
450 4523 674 4590 existimandum
701 4534 760 4603 eet,
790 4531 903 4588 mnium
930 4541 994 4586 esee
1020 4522 1119 4584 circuli
1140 4526 1303 4600 respectum
1324 4530 1441 4601 propter

106 4631 135 4676 ee
162 4617 269 4696 ipsum.
318 4617 400 4692 Nom
430 4615 482 4688 aed
511 4615 625 4696 quaerit
653 4620 758 4675 natura
788 4614 989 4693 proportiones
1021 4608 1183 4671 numerales
1212 4611 1247 4669 in
1272 4609 1440 4670 oboediret

106 4719 202 4766 aarum
224 4705 368 4766 subtensis
390 4709 507 4783 propter
534 4701 615 4764 alind
643 4699 769 4778 aliquid,
799 4705 940 4777 quatenns
968 4696 1102 4758 nimirum
1128 4715 1247 4759 arcuum
1276 4697 1439 4775 aequalitas

106 4795 253 4856 corratitnit
275 4793 382 4870 figuras
405 4789 552 4854 ordinatae
574 4789 687 4870 planae.
730 4787 834 4864 Neque
849 4787 937 4847 ctiam
957 4786 1064 4863 figuras
1086 4783 1188 4866 planes
1210 4803 1262 4865 per
1283 4803 1315 4845 ae
1336 4785 1438 4860 singu-

106 4876 147 4942 las
164 4881 284 4962 respicit
304 4885 425 4955 natura,
453 4877 506 4940 sed
527 4885 671 4956 quatenus
699 4873 768 4938 illae
795 4877 870 4936 inter
896 4891 928 4936 ee
950 4877 1056 4936 coeunt
1076 4873 1114 4936 sd
1136 4876 1264 4954 corporis
1286 4878 1338 4936 aut
1358 4869 1439 4949 plani
