3676 5536
647 357 730 416 hiber
746 357 794 416 111.
813 359 952 432 Digressio
971 357 1089 431 politica.
1233 381 1236 392 ·
1477 365 1543 429 209

194 527 385 612 syllogismos
405 535 664 612 meditandam,
688 541 707 598 ll
731 539 899 615 irascibilis,
924 541 944 597 4
968 538 1205 619 concupiscibilis
1226 535 1397 615 facultates,
1420 556 1544 618 quamn

195 623 285 684 etiam
307 622 393 682 sedes
415 627 443 682 in
467 626 601 699 cerebro,
634 628 818 703 impostore,
850 629 879 684 in
903 635 1003 687 veruna
1033 628 1119 687 Plato
1143 628 1318 687 harmonicis
1342 632 1431 689 etiam
1452 633 1544 689 lnte‘r-

194 709 283 769 vallis
305 709 462 771 dislocatas
487 711 663 772 demonstrat
692 730 849 789 earumque
871 717 982 790 primae
1011 717 1178 792 imperinm,
1212 715 1357 776 secundae
1380 717 1543 793 castellium,

193 799 299 856 tertiae
321 799 455 858 militarie
478 801 566 870 ordo,
588 810 710 876 quartae
733 801 816 877 plebs
839 803 1036 862 assimilantur
1061 805 1183 880 ejusque
1205 802 1362 878 plurimum
1384 805 1543 882 possident.

85 896 87 904 ’
194 883 274 944 Hinc
296 893 424 962 quatuor
444 903 568 962 rerump.
593 887 760 962 columnae,
789 889 920 965 justitia,
950 889 1119 966 prudentia,
1152 890 1308 964 tortitudo,
1340 897 1544 969 temperantia,

109 1041 115 1048 g
194 989 270 1044 sere¹
288 971 420 1034 cardines
442 973 520 1048 dicti,
544 975 649 1050 cuique
672 975 765 1034 ordini
788 988 843 1035 aas
862 977 1047 1062 potissimum
1064 976 1274 1038 comenendata.
1321 980 1463 1057 Adeoque
1477 997 1544 1040 mn·

195 1063 275 1119 aiem
298 1067 344 1120 est
364 1061 459 1122 iactus
483 1061 622 1136 Bodinne,
646 1062 766 1122 dimissa
788 1067 950 1139 geometria
973 1075 1003 1126 et
1025 1065 1215 1140 arithmetica,
1239 1075 1271 1124 ut
1294 1081 1330 1126 ne
1346 1067 1555 1138 dissonantia,

193 1162 259 1206 rum
281 1147 398 1226 quidem
421 1150 506 1209 luerit
528 1150 654 1225 oblitus3
679 1151 762 1226 oujns
784 1153 826 1210 rei
845 1153 903 1210 snb
926 1154 1052 1229 imagine
1074 1153 1188 1222 suadet,
1211 1151 1354 1212 interdum
1378 1157 1465 1214 etiarn
1488 1159 1544 1214 im·

194 1237 298 1294 merito
329 1236 417 1295 alicui
445 1240 645 1314 magistratus,
683 1239 808 1297 honores
839 1246 994 1316 ceteraque
1024 1243 1165 1300 virtutum
1195 1242 1326 1316 praemia
1354 1257 1412 1300 non
1444 1245 1544 1320 iniquo
1633 1275 1636 1282 ·

131 1369 137 1380 .
195 1324 294 1382 animo
316 1327 498 1400 permittere,
531 1326 607 1402 qnia·
623 1333 657 1384 ut
678 1341 714 1384 ex
737 1327 922 1402 oppositione
953 1328 1039 1387 unius
1067 1327 1278 1388 dissonantiae¹
1294 1337 1451 1389 concentus
1474 1330 1545 1390 reli·

196 1425 273 1486 quus
294 1411 377 1470 terito
398 1411 503 1471 melius
526 1412 706 1488 dignoscitur
728 1420 869 1489 tantoque
891 1413 1008 1474 avidius
1030 1415 1170 1490 hauritur,
1193 1417 1237 1474 sic
1259 1418 1426 1491 quicunque
1447 1417 1544 1477 lucum

196 1495 363 1566 huiusmodi
386 1499 603 1559 commodomm
625 1503 696 1576 reip.
728 1503 876 1560 intuentur
899 1511 1152 1580 exsemautnrque,
1181 1503 1309 1562 universi
1333 1506 1353 1561 ii
1376 1505 1450 1562 vitia
1472 1519 1544 1563 eon·

194 1584 304 1644 similia
325 1587 435 1668 lugere,
459 1589 579 1648 virtutes
602 1589 707 1649 sectari
728 1590 822 1664 magis
845 1595 933 1664 atque
955 1592 1049 1667 magis
1072 1597 1273 1650 consuescant.

284 1671 404 1732 XXIV.
428 1674 560 1734 Tandem
575 1673 707 1734 Bodinus
729 1692 850 1752 regnum
873 1693 892 1734 a
914 1694 945 1736 se
968 1681 1163 1755 conscriptum
1185 1675 1294 1736 mundo
1308 1677 1365 1755 ipsi
1388 1685 1545 1754 comparat,

197 1759 372 1835 ostendens,
402 1761 550 1837 quomodo
573 1761 655 1822 Deus
677 1769 806 1840 creator,
830 1763 941 1840 jqrrctis
969 1765 1136 1842 aequalium
1168 1773 1197 1823 et
1219 1763 1357 1823 similium
1385 1765 1547 1825 rationibus

196 1849 229 1904 in
254 1865 343 1907 unnm
366 1859 538 1909 concentum
560 1849 775 1920 harmonicum,
804 1866 877 1926 opus
899 1849 972 1910 illud
995 1870 1080 1912 suum
1104 1854 1295 1912 exornaverit
1340 1851 1375 1910 In
1397 1853 1547 1930 proposito

196 1934 241 1993 lili
269 1937 411 1995 assendor
440 1945 471 1996 nt
500 1937 551 2013 qni
579 1939 721 2011 maxime3
749 1953 883 2013 quaeque
912 1939 976 2014 ipse
1006 1947 1058 1998 ant
1085 1938 1291 2016 praecedentes
1313 1937 1481 2016 philosophi
1511 1956 1548 2000 us

196 2023 358 2098 attigerunt
380 2023 517 2100 quidem,
545 2023 581 2084 de
603 2024 773 2083 harmonica
795 2027 1060 2101 contemperatione
1083 2026 1303 2086 accuratissima
1330 2031 1461 2086 motuum
1484 2042 1548 2087 cer-

199 2117 312 2184 torum,
345 2109 485 2180 selibris
508 2112 698 2188 sequentihus
725 2128 779 2187 ego
802 2111 925 2188 suppleo
949 2112 1302 2188 demonstrationibusqns
1328 2111 1495 2176 clarissimis
1518 2115 1547 2172 in

199 2197 296 2257 lucem
317 2199 441 2273 prodero.
487 2199 554 2259 Non
577 2199 678 2259 desino
701 2204 808 2272 tamen,
831 2217 868 2258 ne
890 2201 919 2256 in
943 2199 1022 2261 calce
1045 2200 1172 2276 quidem,
1200 2200 1320 2275 obloqui
1343 2199 1459 2261 Bodiuo
1481 2200 1547 2260 hal·
1583 2238 1585 2250 ·

199 2283 357 2360 lucinanti;
384 2301 443 2345 non
467 2288 595 2346 existunt
623 2287 699 2346 enim
722 2303 809 2346 verae
832 2286 1002 2347 harmoniae
1033 2305 1069 2348 ex
1091 2289 1190 2346 mixtis
1217 2286 1384 2363 aequalium
1414 2297 1443 2347 et
1465 2291 1547 2348 simi-

199 2373 272 2431 lium
295 2373 473 2446 rationibus,
505 2385 536 2432 nt
558 2376 676 2450 saepius
699 2373 817 2434 dictum.
864 2373 941 2450 Ergo
963 2375 1112 2448 Bodinns,
1145 2374 1311 2434 harmonias
1334 2378 1362 2433 in
1385 2375 1493 2435 mundo
1516 2393 1548 2435 se

200 2457 398 2520 demonstrare
420 2468 542 2538 putans,
566 2459 738 2520 medietates
761 2463 861 2537 potius
883 2463 1075 2538 geometricas
1099 2463 1277 2522 demonstrat
1304 2471 1333 2521 et
1355 2463 1548 2539 aequalitates

200 2553 230 2606 et
252 2547 466 2607 similitudines.
514 2543 547 2629 1)
571 2547 764 2608 Harmonicas
787 2547 904 2624 quidem
927 2551 956 2607 in
971 2549 1161 2609 facultatibus
1177 2553 1306 2626 animam
1329 2557 1360 2608 at
1378 2548 1444 2608 illas
1467 2567 1548 2628 sym-

200 2635 314 2696 bolicas
337 2641 464 2708 tantum,
487 2635 569 2710 nulla
593 2634 871 2694 demonstrationum
894 2635 1041 2698 avidentia
1064 2640 1094 2696 in
1114 2637 1240 2698 solidam
1261 2636 1390 2712 aliquam
1413 2637 1547 2714 effigiem,

199 2729 233 2781 ut
255 2721 461 2782 mathematica
483 2731 597 2795 amant,
621 2739 787 2800 expressae,
817 2726 926 2801 quippe
950 2741 1016 2784 cum
1039 2723 1161 2801 intelligi
1185 2743 1242 2784 non
1265 2726 1376 2801 possit,
1402 2723 1547 2800 quomodo

199 2809 292 2868 insint
312 2811 341 2866 in
364 2812 462 2872 anima
484 2812 670 2886 quantitates,
694 2813 856 2888 proximum
880 2820 909 2871 et
932 2810 1130 2872 immediatum
1145 2813 1359 2872 harmoniarum
1375 2811 1548 2888 subjectum.

200 2898 245 2970 (In
264 2901 359 2968 queris
372 2917 410 2957 sc.
424 2901 482 2970 ojus
494 2901 625 2956 facultate
638 2916 765 2956 numerus
780 2899 827 2955 iila
839 2901 907 2971 ipsa,
926 2917 1005 2970 quern
1019 2901 1045 2957 ei
1056 2901 1178 2957 Bodinus
1191 2897 1334 2972 assignat.)
1374 2899 1404 2978 2)
1428 2903 1548 2976 Aequa·

198 2983 314 3046 litatem
344 2989 417 3046 inter
446 2983 546 3046 mundi
578 3003 682 3064 corpus
715 2993 745 3044 et
772 2986 936 3044 universam
968 2987 1027 3044 rim
1057 2987 1204 3046 materiae.
1257 2987 1292 3065 3)
1322 2985 1548 3046 similitudinem

201 3071 422 3148 (qualitativam
447 3075 544 3152 potins
568 3091 604 3134 err
626 3073 736 3149 figuris,
760 3089 848 3148 qnam
876 3071 1029 3132 relativam
1054 3081 1229 3150 quantorum
1251 3075 1452 3148 terminorum)
1475 3077 1550 3134 inter

200 3160 393 3239 archetypum
422 3168 572 3220 aeternnm
605 3169 634 3220 et
662 3158 760 3218 mnndi
790 3161 927 3235 sormam,
957 3177 1015 3238 quo
1038 3159 1104 3220 loco
1127 3159 1258 3248 Bodinns
1287 3161 1456 3237 praecordia
1477 3161 1548 3222 mihi

201 3251 308 3324 tangit,
324 3251 447 3309 materia
462 3248 595 3327 Mystsrii
611 3246 930 3324 meicasmographici,
954 3265 1121 3324 quanquam
1140 3266 1190 3325 per
1205 3250 1407 3324 ignorantiam,
1431 3255 1550 3309 attacta.
1588 3313 1595 3328 ,
1709 3275 1711 3283 ·

292 3333 410 3411 Quanto
434 3353 503 3396 vero
518 3334 704 3413 plausibilius
727 3337 756 3393 in
772 3351 854 3394 meae
871 3335 1021 3413 Epitomes
1038 3339 1154 3395 Astron.
1172 3335 1387 3413 Gopernicanae
1408 3336 1482 3394 libro
1496 3335 1550 3394 1v.

205 3422 282 3482 haec
304 3422 471 3500 aequalium
496 3432 525 3485 et
546 3423 684 3483 similium
706 3424 873 3482 commixtio
905 3422 940 3481 de
963 3421 1062 3482 mnndi
1085 3423 1215 3500 partibus
1245 3424 1409 3501 praecipuis
1432 3431 1477 3482 est
1498 3423 1552 3481 da-

204 3519 384 3586 monalrata‚
416 3509 452 3571 de
481 3517 592 3570 motore
615 3510 699 3584 Sole,
729 3509 843 3570 locante
871 3510 995 3587 sphaera
1024 3509 1162 3584 fixarum,
1195 3516 1223 3569 et
1253 3509 1441 3582 intermedio,
1472 3508 1551 3587 qnod

205 3597 363 3658 mobilibus
394 3615 573 3659 concessum.
618 3596 791 3674 Aequaliter
810 3599 891 3656 enim
921 3605 966 3658 est
987 3599 1015 3654 in
1038 3598 1170 3675 partibus
1199 3599 1337 3656 materiae
1360 3604 1488 3670 statuta,
1520 3604 1553 3655 ut

204 3686 377 3746 tantundem
404 3689 442 3746 sit
464 3687 528 3762 eJus
558 3688 588 3744 in
610 3685 695 3753 Sole,
725 3690 865 3762 quantum
900 3684 946 3744 val
975 3686 1003 3742 in
1026 3686 1151 3744 extimae
1178 3681 1320 3760 sphaerae
1345 3685 1414 3743 orbe
1444 3683 1490 3744 vel
1522 3686 1553 3742 in

205 3774 303 3852 spatio
324 3773 505 3834 intermedio.
550 3772 692 3833 Materiae
715 3789 799 3846 vero,
823 3778 855 3831 ut
877 3771 1006 3848 populo,
1031 3771 1152 3832 debetur
1173 3770 1356 3830 arithmetica
1377 3770 1553 3847 aequalitas,

205 3862 337 3920 vicissim
366 3864 545 3939 geometrica
571 3862 765 3938 proportionis
796 3858 956 3920 similitudo
988 3859 1184 3920 indemitate
1214 3861 1300 3918 trium
1322 3858 1426 3919 hornnr
1449 3874 1553 3935 corpo-

205 3965 280 4021 mm,
304 3955 333 4009 st
347 3966 461 4009 rursum
476 3949 536 4009 alia
550 3950 624 4008 inter
639 3947 794 4007 diametros
810 3946 888 4006 Solis
903 3950 1033 4022 motoris,
1054 3949 1179 4025 regionis
1195 3947 1347 4007 mobilium
1368 3955 1397 4005 et
1413 3945 1555 4022 sphaerae

206 4034 329 4097 ultimae
349 4034 474 4104 locantis
497 4033 664 4095 immobilis.
710 4037 745 4109 4)
768 4034 941 4096 Medietates
961 4052 1047 4112 porro
1062 4037 1253 4112 geometricas
1270 4032 1499 4110 quodammodo,
1523 4038 1556 4092 nt

209 4125 288 4183 inter
310 4123 368 4183 duo
390 4141 498 4201 genera
520 4130 661 4196 motuum,
685 4123 808 4204 alierum
831 4125 979 4197 inertum,
1004 4123 1124 4182 alterum
1142 4125 1172 4181 in
1189 4139 1334 4195 occasum,
1358 4123 1474 4180 tertium
1496 4127 1557 4180 tre*

207 4209 368 4288 pidationis
390 4221 517 4286 motum,
540 4209 592 4270 sed
614 4227 649 4268 ex
672 4211 778 4286 quibus
802 4209 859 4270 duo
883 4212 1057 4287 posteriores
1080 4209 1144 4269 sola
1173 4211 1252 4270 visus
1275 4209 1483 4284 imaginatione
1505 4224 1554 4269 se·

209 4298 337 4358 cundum
367 4299 518 4376 Oopernici
551 4296 660 4375 placita
689 4303 830 4356 constant.
877 4293 913 4379 b)
941 4297 1020 4358 Inter
1047 4285 1154 4356 terram
1185 4304 1215 4356 et
1244 4296 1382 4374 tophum,
1415 4294 1555 4372 argillam.

211 4381 247 4468 6)
270 4385 350 4447 Inter
372 4387 492 4447 metalla
514 4394 544 4446 et
566 4383 688 4462 lapides,
712 4401 829 4445 aerosas
851 4385 962 4462 glebas.
1010 4379 1045 4465 l)
1068 4383 1149 4445 Inter
1169 4385 1274 4460 stirpes
1297 4391 1326 4442 et
1348 4381 1476 4460 lapidee,
1506 4399 1557 4443 eo·

208 4472 303 4533 tallia.
344 4469 380 4556 8)
404 4475 482 4534 Inter
497 4473 636 4533 animalia
652 4476 682 4532 et
695 4461 808 4550 stirpes,
830 4472 988 4549 zoophyta.
1028 4472 1062 4546 9)
1085 4471 1164 4531 inter
1182 4469 1386 4547 quadrupedes
1409 4479 1438 4529 et
1452 4471 1557 4549 pisces,

211 4561 372 4639 amphibia.
420 4561 473 4638 10)
497 4560 577 4622 Inter
600 4575 670 4621 ares
693 4567 723 4619 et
743 4561 854 4636 pisces,
886 4559 1021 4618 volantes
1043 4561 1146 4634 pisces.
1195 4561 1249 4633 11)
1272 4557 1351 4619 Inter
1376 4557 1507 4618 homines
1529 4565 1558 4618 et

208 4649 305 4723 bruta,
328 4649 437 4724 simias,
461 4656 512 4709 aut
533 4647 669 4708 mulieres
692 4663 727 4706 ex
750 4645 881 4705 Platone.
930 4643 1219 4722 12)1aterbestiaa
1242 4652 1271 4705 et
1294 4645 1429 4722 angelos,
1459 4644 1557 4704 homi-

209 4751 287 4811 nem,
310 4735 461 4796 mortalem
484 4753 602 4812 corpore
619 4741 652 4794 ut
667 4734 742 4808 illas,
764 4731 957 4793 immortalem
972 4733 1069 4790 animo
1085 4741 1117 4791 nt
1131 4730 1194 4792 hos.
1242 4728 1297 4816 13)
1321 4733 1399 4794 Inter
1418 4731 1557 4794 coelestia

211 4823 368 4884 hestorum
389 4823 557 4884 habitacula
580 4831 609 4883 et
632 4823 835 4884 elementarem
858 4821 1014 4897 regionem,
1038 4819 1151 4880 eoelum
1166 4819 1322 4882 stellatum.
1371 4815 1424 4903 14)
1446 4818 1560 4897 Quibus

265 4931 360 4986 marr
372 4931 486 4986 osma.
1367 4927 1406 4984 14
