3732 5528
331 385 392 444 tas
797 369 963 442 appendicis
980 371 1204 428 Harmonicorum

330 554 437 620 circulo
460 555 631 631 inscriptas,
654 551 764 613 scilicet
787 559 986 630 tetragonum,
1011 553 1171 630 trigonum,
1195 553 1337 612 concinna
1352 548 1477 622 minime,
1501 545 1553 606 sed
1567 561 1671 604 unum·

299 681 304 697 ι
331 645 468 724 quodque
490 643 592 702 horum
615 649 790 700 monstratur
813 657 864 700 seu
887 643 1016 718 gignitur
1037 657 1088 718 per
1111 642 1356 716 comparationem
1383 637 1506 695 duorum
1529 649 1672 692 consono·

331 751 410 808 rum;
434 737 466 790 ut
489 738 574 789 tonus
597 730 690 805 major
703 733 763 788 'ssu
786 725 829 812 ²7,
851 745 903 806 per
925 729 1123 805 nonangulum
1145 730 1247 803 nequit
1269 729 1363 801 gigni,
1387 722 1460 783 nibil
1483 726 1561 781 enirn
1582 721 1674 796 gignit

331 817 545 895 nonaugulum,
571 825 634 876 cum
658 817 695 874 sit
718 815 809 892 figura
832 817 1113 890 indemonstrabilis3
1137 825 1168 874 at
1190 814 1312 874 resultat
1335 808 1376 896 Sl,
1400 830 1436 872 ex
1459 811 1673 888 comparatione

256 913 261 923 “
330 907 511 969 diatessaron
535 921 600 963 cum
623 902 774 978 diapente,
798 897 867 980 qula
890 905 984 964 differt
1007 899 1048 986 Ἀ
1066 913 1089 963 'a
1111 899 1154 987 Ἃ
1176 921 1228 978 per
1251 898 1307 985 Ἃ.

348 1007 350 1012 ’
415 992 590 1068 Tanagra,
621 990 777 1050 intervalla
805 994 919 1050 minora
949 994 1017 1051 oriri
1047 1009 1081 1052 er
1105 993 1240 1050 consonis
1265 988 1434 1065 majoribus.
1480 985 1565 1044 Enim
1595 997 1673 1055 uero,

331 1079 467 1152 Robcrte,
492 1095 580 1156 quam
604 1078 653 1136 diu
677 1085 705 1137 te
728 1078 823 1154 ipsum
846 1081 875 1137 in
898 1077 1044 1140 Hermetis
1066 1081 1106 1138 tui
1132 1077 1212 1137 lucos
1236 1076 1383 1147 abdidisti,
1408 1077 1496 1132 tultus
1519 1089 1552 1131 es
1574 1071 1674 1132 existi·

329 1171 486 1227 mationem
509 1174 670 1242 uteunque,
701 1167 820 1241 perinde
843 1183 878 1226 ac
900 1170 923 1226 si
948 1169 977 1224 in
1000 1167 1174 1224 harmonicis
1204 1167 1292 1224 scires
1320 1161 1431 1238 aliquid
1459 1161 1565 1219 ceruus
1588 1158 1674 1216 rebus

255 1309 258 1316 .
329 1255 552 1327 mathematicis,
576 1270 650 1330 quas
674 1256 862 1313 contemsisti.
909 1255 992 1313 Nunc
1013 1263 1168 1331 postquam
1190 1254 1290 1329 prodis
1313 1254 1341 1308 iu
1364 1248 1540 1326 palaestram
1560 1245 1674 1304 matbe-

330 1345 473 1416 maricam,
498 1343 597 1400 statim
620 1341 754 1400 omnibus
778 1341 846 1400 bnio
868 1343 1040 1418 professioni
1063 1341 1187 1399 addictis
1209 1341 1284 1399 adeo
1307 1337 1477 1396 manifestus
1499 1351 1544 1408 es,
1574 1341 1609 1392 nt
1629 1335 1675 1390 in-

329 1430 447 1507 dignam
471 1445 589 1506 operam
611 1423 785 1488 clamitaturi
808 1431 875 1504 sint,
900 1447 945 1488 me
968 1433 998 1488 in
1021 1445 1056 1488 eo
1079 1427 1193 1501 sudare,
1218 1438 1251 1486 ut
1264 1435 1294 1486 te
1311 1427 1431 1486 doceam
1447 1440 1528 1482 arma
1543 1427 1675 1494 tractare,

330 1519 437 1597 quibus
459 1533 572 1575 mecum
586 1531 715 1592 pugnes.

418 1603 546 1664 Numeri
569 1618 687 1676 omnes,
718 1603 833 1679 inquis,
865 1607 984 1664 ιιιιίιαιι
1016 1606 1170 1664 communi
1202 1606 1333 1662 minima
1360 1616 1505 1660 manners
1534 1603 1675 1655 utantur.

334 1689 557 1752 consonantiae
579 1689 818 1750 denominantur·
839 1707 860 1750 o
881 1694 1025 1765 numeru,
1050 1709 1119 1766 apo
1134 1693 1350 1751 ccrrsoncnn'ce
1371 1688 1524 1748 communi
1546 1686 1677 1742 minimo

330 1795 475 1838 mensuro
504 1783 645 1837 utantur.
689 1777 755 1837 Non
786 1777 1005 1851 animadvertis,
1038 1787 1065 1838 te
1089 1777 1199 1854 aliquid
1230 1777 1402 1838 concludere
1432 1783 1532 1834 contra
1550 1772 1677 1847 jactatos

331 1867 383 1926 abs
407 1875 436 1925 te
460 1872 590 1938 veteres,
613 1867 664 1942 qui
687 1869 893 1925 consonantias
915 1867 1045 1947 iecerunt
1073 1857 1436 1942 inconnnensurabileffl)
1479 1859 1610 1919 Hoccine
1634 1865 1677 1916 eat

331 1952 477 2013 refutare?
521 1946 585 2012 Nou
615 1961 644 2010 tu
669 1953 777 2012 relutas
808 1951 914 2028 dogma
937 1955 1143 2029 geometricum
1174 1953 1209 2012 de
1232 1953 1467 2031 proportionibus
1499 1949 1677 2006 incommen-

332 2040 518 2114 surabilibns,
543 2039 594 2098 sed
619 2039 812 2116 objectionem
835 2040 929 2100 solum
953 2043 1101 2120 proponis,
1124 2059 1202 2100 more
1226 2041 1401 2117 disputantis
1426 2041 1454 2096 in
1473 2034 1582 2108 schola,
1608 2051 1678 2092 con·

333 2145 379 2198 qra
401 2128 511 2187 scilicet
533 2127 648 2204 domna,
673 2127 751 2203 quod
776 2128 910 2188 concedis
934 2147 1034 2188 verum
1049 2146 1123 2188 esse.
1171 2129 1246 2204 Ergo
1270 2146 1343 2203 cape
1360 2123 1596 2186 dissolutionem:
1621 2135 1676 2178 non

333 2216 398 2275 idco
422 2217 631 2275 consonantias
655 2223 723 2272 sunt
746 2218 865 2289 numeri,
890 2219 960 2292 qnia
983 2216 1204 2277 denominantur
1227 2217 1402 2287 onumeris3
1425 2227 1532 2286 magua
1554 2217 1600 2269 est
1623 2208 1678 2266 dil-

329 2303 452 2362 lereutia
475 2287 548 2360 int'er
571 2305 768 2378 septenarium
792 2311 821 2362 et
844 2302 1003 2380 diapason,
1034 2306 1109 2362 later
1132 2306 1348 2380 quatemariunr
1371 2312 1401 2361 et
1423 2300 1576 2384 diapente,
1607 2301 1679 2354 inter

330 2393 484 2450 ternarium
514 2397 543 2449 et
573 2389 770 2464 diatessaron3
801 2395 983 2467 septenarius
1012 2394 1138 2450 unitates
1161 2391 1251 2450 babet
1280 2407 1382 2449 omncs
1404 2386 1552 2464 ejusdem,
1581 2391 1615 2442 nt
1637 2385 1678 2440 sic

331 2476 433 2550 dicam,
458 2479 642 2553 quantitatis,
673 2478 814 2556 diapason
838 2478 928 2538 lrabet
949 2479 1104 2538 intervalla
1126 2485 1238 2554 septem
1268 2475 1421 2536 dissimilia
1450 2482 1479 2532 et
1500 2469 1678 2547 inaequalia,

330 2572 431 2624 tonum
454 2566 593 2642 majorem
618 2573 673 2639 ter,
704 2567 842 2625 minorem
866 2567 924 2640 bis,
949 2567 1133 2625 semitonium
1156 2567 1211 2624 bis.
1256 2565 1318 2624 Aut
1340 2565 1363 2623 si
1383 2561 1533 2640 jurandus
1556 2568 1603 2618 est
1625 2557 1677 2618 ad·

331 2655 493 2726 serrarius,
527 2653 683 2729 adjuvetur
705 2669 791 2712 sane:
823 2661 867 2713 est
889 2656 918 2711 in
941 2653 1115 2726 intervallo,
1149 2651 1226 2730 qnod
1249 2655 1364 2730 generis
1393 2652 1535 2709 rationem
1561 2647 1677 2717 babeat,

331 2749 376 2800 cst
399 2739 478 2816 quod
501 2741 625 2816 speciei,
649 2742 826 2800 conveniunt
848 2743 936 2816 igitur
958 2740 1115 2801 intervalla
1137 2748 1250 2818 septem
1273 2757 1323 2812 eo,
1351 2737 1429 2815 quod
1452 2739 1480 2794 in
1503 2751 1610 2812 genere
1633 2737 1679 2790 in·

331 2826 453 2886 terualla
470 2829 619 2900 concinna,
643 2826 783 2886 dissident
798 2829 825 2885 ln
843 2831 940 2905 specie
956 2829 1177 2904 quantitatibus,
1201 2831 1243 2888 nti
1261 2828 1379 2887 dictum.
1416 2824 1577 2900 'Quatenus
1594 2824 1680 2898 igitur

331 2931 390 2973 vox
413 2916 535 2995 generis,
559 2915 739 2986 concinnum,
764 2926 946 2991 comparatur
969 2919 1084 2990 unitati,
1109 2923 1377 2976 commensurantur
1397 2929 1467 2974 sane
1481 2911 1593 2990 (potius
1610 2925 1679 2968 con·

330 2999 528 3080 numerantur)
549 3001 703 3061 intervalla
727 3018 864 3062 consona.
910 3003 985 3062 Nam
1009 3003 1150 3080 diapason
1180 3003 1270 3062 babet
1293 3010 1403 3080 septem
1426 3002 1583 3071 concinna,
1615 2995 1679 3055 dia·

333 3099 419 3166 pente
443 3095 575 3164 quatuor,
601 3088 782 3148 diatessaron
804 3091 869 3151 tria.
916 3091 956 3148 At
978 3103 1123 3166 quatenns
1145 3091 1280 3150 differunt
1300 3091 1442 3149 concinna
1458 3085 1679 3163 quantitatibus,

331 3193 517 3253 nequaqnam
548 3194 647 3234 eorum
679 3191 768 3235 uuum
799 3179 933 3237 emetitur
962 3187 1062 3238 omn'es
1093 3181 1306 3238 consonantias.
1353 3177 1410 3236 Sed
1437 3175 1532 3246 dicas,
1566 3176 1593 3232 si
1624 3187 1678 3230 non

330 3282 434 3336 unum,
466 3271 495 3322 at
518 3266 573 3324 tria
591 3265 713 3340 junctim
738 3274 835 3324 sumta
858 3266 1029 3325 emetientur
1052 3265 1176 3326 ornnes?
1220 3266 1331 3324 Vanum
1359 3264 1416 3323 boc
1449 3279 1505 3321 non
1530 3267 1576 3320 est
1600 3276 1680 3318 com·

332 3367 510 3426 mensurare,
534 3350 585 3410 sed
608 3350 730 3410 diversis
746 3355 887 3412 mensuris
903 3356 961 3426 uti,
987 3355 1071 3429 quasi
1087 3353 1167 3412 dicas
1190 3353 1388 3412 dimensurarc
1404 3349 1554 3427 quodlibet
1569 3365 1678 3406 eorum.

333 3439 450 3499 Norunt
470 3446 636 3515 geometras
659 3437 856 3499 definitionem
880 3443 1182 3514 commensurationis,
1214 3457 1289 3518 qnae
1313 3457 1400 3498 unam
1430 3437 1523 3498 solam
1547 3453 1678 3494 commu-

337 3543 403 3586 nem
426 3543 590 3586 mensuram
612 3529 741 3602 requirit,
765 3545 823 3585 non
847 3527 920 3586 duas
944 3531 1019 3588 inter
1039 3546 1072 3588 se
1096 3527 1411 3599 incommensurabiles,
1435 3533 1467 3584 ut
1488 3522 1566 3600 qnod
1582 3539 1679 3583 saturn

334 3616 382 3675 uni
407 3624 452 3674 est
474 3615 670 3694 impossibile,
692 3615 721 3672 id
745 3615 829 3674 cedat
852 3616 945 3675 alteri.

419 3701 484 3762 Hoc
512 3703 600 3777 igitur
631 3701 821 3763 fundamento
851 3705 964 3780 posito,
998 3707 1205 3763 consonantias
1234 3719 1299 3763 essa
1328 3706 1403 3761 inter
1425 3717 1456 3758 se
1479 3707 1511 3758 ut
1532 3713 1678 3769 numeros,

333 3788 459 3865 illasque
490 3791 631 3848 concinno
662 3790 817 3848 intervallo
848 3786 1106 3872 (quantocunque)
1140 3799 1171 3850 ut
1202 3809 1338 3850 nurneros
1367 3790 1479 3848 unitate
1511 3785 1678 3852 mensurari,

330 3877 392 3954 jam
415 3893 569 3954 promoves
592 3877 755 3936 machinam
779 3876 899 3936 ulterius
923 3887 952 3936 et
974 3879 1207 3953 quistatiouem
1229 3879 1454 3954 consequentiae
1473 3875 1609 3950 propriae
1624 3887 1679 3929 non

333 3966 464 4036 invenis,
490 3981 548 4035 cur,
573 3966 596 4020 si
620 3966 745 4024 maxime
768 3965 940 4041 probasses,
965 3969 1171 4025 consonantias
1194 3983 1258 4025 esse
1281 3968 1355 4024 inter
1377 3983 1409 4023 se
1432 3959 1678 4022 commensurabi-

334 4051 386 4123 lcs,
410 4059 565 4128 propterea
588 4059 674 4109 tonos
697 4059 725 4108 et
747 4054 902 4111 semitonia
925 4056 1022 4128 priora
1051 4054 1131 4111 dicas
1154 4055 1368 4124 consonantiis,
1403 4049 1440 4110 ad
1462 4047 1678 4107 similitudinem

337 4139 481 4213 coniugis:
507 4141 592 4206 mont,
615 4139 720 4213 inquis,
744 4142 849 4197 unitas
870 4157 900 4196 se
914 4143 980 4216 ipso
1003 4147 1045 4199 est
1066 4149 1094 4200 et
1104 4145 1194 4216 prior·
1208 4141 1348 4201 omnibus
1365 4141 1510 4212 numeris,
1532 4139 1575 4194 sto
1590 4139 1678 4194 stiam

334 4230 518 4286 conantium
547 4229 634 4302 prius
662 4233 704 4285 cst
732 4231 945 4285 consonantiis.
991 4227 1081 4303 Atqui
1112 4231 1185 4288 ratio
1210 4238 1441 4304 comparatorum
1475 4231 1519 4283 est
1541 4221 1677 4281 diversis·

333 4317 420 4372 sima:
447 4310 476 4392 1)
499 4315 611 4386 unitos,
636 4321 668 4371 ut
690 4315 800 4373 numeri
824 4331 939 4388 omnes,
963 4318 1068 4374 mentis
1092 4323 1136 4374 est
1160 4333 1248 4392 opus,
1281 4319 1455 4375 concinnum
1478 4313 1598 4387 requirit
1619 4318 1677 4368 ter-

334 4403 430 4460 minos
458 4399 527 4458 loris
557 4403 730 4460 constitutos
760 4403 788 4458 in
817 4405 914 4478 sonis;
952 4399 982 4481 l)
1006 4405 1101 4461 unitas
1132 4405 1255 4479 simplex
1278 4411 1324 4462 est
1352 4410 1381 4461 et
1409 4405 1496 4461 unica
1524 4397 1677 4478 (quatenus

333 4489 445 4546 numeri
468 4489 497 4543 in
520 4487 667 4547 abstracto
690 4487 916 4563 considerantur,
941 4498 1191 4565 annumerantes
1216 4492 1324 4568 quippe
1341 4491 1497 4566 dequibus
1520 4498 1552 4546 tu
1576 4485 1677 4561 loque·

335 4571 394 4653 ris),
419 4575 591 4632 concinnum
613 4593 671 4636 non
694 4584 738 4635 est
761 4577 899 4654 simplex,
928 4577 1063 4636 differunt
1086 4579 1163 4637 enirn
1187 4580 1205 4637 3
1229 4577 1276 4639 vel
1300 4581 1320 4636 4
1343 4580 1485 4637 concinna
1507 4573 1677 4651 quantitati·

334 4662 390 4719 bus
422 4668 452 4718 et
474 4660 610 4721 dillemnt
639 4680 673 4724 so
701 4666 766 4741 ipso
789 4673 935 4741 respectu,
967 4681 1026 4741 quo
1049 4669 1258 4725 consonantiae
1287 4665 1316 4724 id
1337 4672 1406 4724 sunt
1434 4661 1513 4741 quod
1537 4662 1676 4720 dicuntur.

334 4747 398 4805 Nisi
421 4747 498 4804 snim
522 4747 863 4810 concinna'diversarum
886 4754 1081 4828 quantitatum
1104 4755 1179 4812 inter
1200 4769 1231 4812 se
1254 4755 1445 4824 misceantur,
1476 4765 1534 4808 non
1558 4763 1676 4808 acerra·

336 4833 413 4893 bitur
440 4835 523 4893 verbi
556 4853 646 4896 causa
676 4855 712 4897 ea
736 4840 754 4897 6
779 4839 826 4899 rel
851 4843 867 4899 ‘t
893 4841 969 4899 tonis
992 4839 1151 4916 majoribus
1184 4841 1285 4918 aliqua
1313 4840 1505 4902 consonantia
1527 4835 1675 4912 diapason,
