3732 5528
317 351 378 412 ιιι
559 297 565 308 ’
825 341 974 400 serenae
989 341 1145 401 mmmm

402 519 606 576 translationes
624 518 659 575 de
676 525 742 576 tono
764 519 792 574 ιιι
809 525 905 576 tonum
921 526 1091 589 comparatae
1115 525 1179 576 tunt
1202 519 1398 576 mutatiombus
1419 537 1525 578 morum
1541 524 1661 593 publico·

314 612 373 652 rum
398 604 425 652 et
447 597 593 654 affectuum
617 615 676 667 cap.
700 598 724 652 7.
761 598 893 655 Videntur
918 607 1008 655 eutem
1031 597 1184 655 coincidere
1205 599 1273 656 ista:
1304 604 1328 671 l)
1347 602 1454 671 specics
1478 603 1608 672 diapason
1634 607 1663 656 et

315 681 341 748 2)
359 677 417 733 toni
435 691 484 732 seu
501 678 575 733 modi
592 677 697 733 musici.
733 677 771 732 Et
788 693 855 734 sane
872 697 963 737 rerum
981 687 1033 750 est,
1058 685 1193 750 quatenus
1211 680 1270 734 toni
1292 680 1361 737 serie
1378 681 1582 738 intervallorum
1600 697 1661 737 con-

318 757 459 812 cinncrum
487 755 626 826 differunt,
652 754 760 812 omnino
785 758 850 814 mibi
872 759 1036 827 coincidunt,
1064 765 1093 811 at
1116 763 1250 826 quatenus
1274 760 1398 815 acumine
1419 768 1447 816 et
1464 763 1609 832 gravitate,
1633 770 1664 817 ut

316 836 487 893 Ptolemaeus
506 835 566 890 illos
585 833 734 926 distinguit,
753 831 828 890 aliud
846 845 909 896 sunt
926 837 1029 908 species
1047 835 1193 907 diapason,
1212 835 1286 892 aliud
1304 837 1362 892 toni
1380 855 1429 894 seu
1447 839 1532 915 modi,
1554 840 1663 898 dantur·

315 935 369 991 que
387 913 525 970 incudem
544 922 610 970 tono
629 913 734 986 species
753 912 875 972 diversae
893 915 1029 986 diapason,
1049 915 1134 984 magis
1152 930 1216 970 sero
1235 913 1362 984 diapente
1381 923 1409 973 et
1427 915 1605 976 diatessaron.

408 995 481 1050 Nota
498 993 543 1051 Vh
578 993 641 1050 dam
663 994 698 1049 ad
717 992 846 1051 coelestia
867 995 978 1066 transit;
1005 993 1164 1048 coelestium
1188 992 1389 1062 suppositiones
1418 995 1539 1064 appellat
1561 1013 1595 1053 ea
1618 1015 1664 1077 sc,
1705 1053 1707 1064 ,

317 1077 389 1133 circa
406 1091 475 1144 quae
495 1075 584 1131 sidere
602 1074 732 1132 coelestia
750 1082 814 1129 ιιιι
832 1081 970 1142 occupata,
990 1077 1018 1128 ut
1037 1087 1129 1126 eorum
1148 1079 1250 1142 motus,
1270 1071 1411 1141 sphaerae,
1429 1049 1665 1148 configurationes,

316 1154 523 1210 familiaritates.
559 1155 629 1210 Nam
653 1155 715 1212 libri
734 1156 866 1224 cujusque
891 1153 958 1209 baec
981 1150 1022 1206 rel
1046 1149 1093 1204 illa
1114 1150 1273 1220 hypothesis
1297 1151 1396 1206 (ιιιιιιιι
1419 1169 1496 1226 esse,
1522 1163 1550 1213 et
1568 1158 1664 1217 Graeci

317 1251 431 1306 scopum
448 1233 584 1288 ιιιιοιιιιι
603 1243 793 1306 susceptarum
810 1230 949 1302 appellant
967 1247 1057 1286 earum
1075 1229 1254 1300 hypothesin,
1274 1231 1351 1298 quasi
1368 1233 1549 1301 propositum.

403 1313 478 1368 Nota
494 1313 553 1368 Vll.
589 1313 710 1370 Partitur
732 1311 922 1370 amatorem
946 1308 974 1364 in
991 1307 1044 1366 duo
1069 1309 1171 1378 capita:
1194 1309 1310 1378 primum
1333 1309 1392 1366 vult
1408 1313 1549 1380 generales
1567 1314 1665 1374 afferre

317 1391 534 1462 comparationes
554 1391 587 1446 de
606 1393 738 1461 omnibus,
758 1392 786 1447 id
798 1399 841 1448 ειι
852 1407 921 1460 quae
933 1405 1024 1444 omnes
1036 1387 1161 1460 planetas
1181 1388 1209 1443 in
1227 1403 1325 1460 genere
1338 1393 1462 1462 attinent,
1481 1393 1525 1450 val
1536 1395 1572 1452 de
1584 1413 1664 1464 quam

316 1471 452 1542 plurimis,
476 1471 580 1527 scilicet
599 1471 662 1540 quia
680 1489 735 1528 non
753 1487 846 1526 omnes
869 1477 994 1540 aspectus
1020 1468 1143 1526 omnihus
1161 1468 1279 1538 planetis
1298 1474 1471 1540 competunt,
1494 1471 1552 1528 iere
1575 1481 1665 1530 ιιιιιιιιι

317 1549 351 1604 de
369 1549 504 1604 omnibns.
541 1549 666 1605 Secundo
689 1550 748 1606 rult
765 1551 799 1606 de
817 1549 943 1620 singulis,
965 1547 1086 1619 intellige
1105 1547 1236 1619 planetis,
1262 1546 1296 1602 de
1319 1548 1367 1618 iis,
1390 1566 1461 1619 quae
1478 1551 1665 1620 particulatim

317 1629 448 1698 reiquae
471 1629 530 1685 aliis
548 1629 626 1685 aliter
643 1631 733 1686 inesse
758 1627 1002 1701 deprehenduntnr.
1038 1628 1132 1682 Priore
1155 1627 1198 1682 ria
1222 1643 1271 1698 per
1288 1628 1378 1698 capita
1396 1628 1516 1699 quinque
1535 1631 1665 1702 deinceps

318 1710 434 1780 incedit,
453 1709 605 1779 posteriore
623 1725 673 1779 per
694 1711 733 1766 tl.
756 1711 794 1765 15.
817 1709 855 1766 16.
874 1707 936 1762 libri
951 1708 997 1763 lll.
1016 1707 1141 1764 incedere
1159 1708 1323 1778 decreverat,
1341 1716 1372 1764 ut
1390 1708 1511 1766 indicant
1531 1712 1619 1784 tituli;
1638 1718 1666 1766 at

318 1807 372 1849 uon
391 1786 521 1857 absolvit,
539 1787 604 1856 quia
621 1787 690 1842 riam
708 1787 846 1858 ingressus
865 1795 907 1844 est
922 1788 1084 1857 imperviam.

404 1867 478 1922 Nota
495 1865 568 1921 Vlll.
606 1865 839 1936 Comparationem
857 1868 926 1924 inter
944 1883 973 1922 se
991 1867 1156 1937 generalium
1175 1866 1279 1922 orditur
1292 1865 1464 1923 Ptolemaeus
1482 1882 1499 1921 a
1516 1876 1666 1938 systemate
1753 1872 1755 1878 '
1827 1860 1828 1896 ³

317 1943 437 2016 periecto
456 1950 485 1998 et
500 1959 517 1997 a
534 1943 653 2000 zodiaco.
688 1943 758 2000 Nem
776 1947 850 2002 utin
868 1953 1013 2018 systemate
1030 1945 1150 2015 perfecto
1169 1961 1262 2000 ornnes
1275 1945 1367 2001 insunt
1380 1945 1498 2002 chordae
1516 1962 1664 2016 earumque

317 2019 467 2082 intervalla
486 2037 600 2092 genera,
619 2023 724 2093 species
743 2022 962 2094 differentiaeque
982 2033 1036 2080 tam
1054 2023 1303 2094 tetrachordorum,
1325 2041 1407 2092 quam
1426 2027 1663 2082 consonantiarum

318 2110 499 2170 cantuumque
525 2109 553 2156 et
570 2101 711 2158 modorum
734 2119 782 2160 seu
807 2109 944 2173 tonorum,
969 2104 1007 2160 sic
1031 2103 1112 2158 etiam
1135 2104 1185 2157 sub
1204 2101 1314 2157 zodiaco
1339 2103 1470 2160 incedunt
1495 2121 1590 2162 omues
1607 2106 1665 2176 pla·

319 2189 399 2238 netas
417 2197 478 2237 cum
496 2181 597 2251 triplici
617 2196 716 2250 genere
735 2188 864 2251 motuum,
882 2183 910 2236 in
928 2181 1045 2250 longum,
1062 2181 1147 2237 latum
1166 2189 1194 2236 ει
1212 2181 1305 2252 altum.
1343 2183 1556 2252 Comparationis
1575 2190 1666 2238 autam

213 2316 218 2336 ,
318 2269 477 2331 argumenta
501 2261 581 2318 effert
603 2260 749 2334 praecipue
773 2269 903 2331 quatuor:
925 2261 1039 2330 primum
1062 2265 1218 2316 amotuum
1236 2257 1410 2317 similitudine
1436 2267 1464 2316 et
1482 2261 1665 2332 simplicitate,

320 2341 468 2399 secundum
486 2359 503 2398 a
521 2343 611 2400 reditu
627 2347 751 2397 motuum
767 2342 794 2396 in
813 2357 842 2396 sc
860 2341 940 2411 ipsos,
958 2339 1066 2396 tertium
1085 2342 1119 2398 ab
1139 2339 1318 2409 oppositionis
1337 2337 1564 2410 configuratione,
1584 2339 1665 2396 simili

319 2421 485 2492 oppositioni
501 2439 590 2480 meses
609 2430 637 2479 et
654 2428 848 2490 extremarum,
875 2427 999 2490 quartum
1023 2437 1039 2476 a
1056 2418 1189 2496 consimili
1205 2417 1388 2486 magnitudine
1406 2427 1591 2492 potestatum,
1618 2436 1666 2490 op·

320 2499 463 2568 positionis
482 2501 590 2570 quidem
608 2503 679 2558 inter
698 2500 938 2572 configurationes,
958 2498 1088 2568 diapason
1106 2516 1169 2556 sero
1188 2500 1258 2554 inter
1275 2500 1475 2556 consonantias.

406 2579 524 2636 Primum
542 2590 730 2651 argumentum
747 2581 801 2636 hoc
819 2587 875 2636 est:
892 2579 989 2634 dantur
1006 2579 1032 2633 in
1049 2579 1160 2636 zodiaco
1179 2576 1334 2648 interualla,
1359 2578 1456 2638 dantur
1475 2579 1556 2634 etiam
1576 2580 1604 2636 in
1623 2597 1666 2650 sy·

320 2663 435 2712 stemate
452 2659 609 2729 interualla,
635 2671 662 2716 et
688 2677 737 2732 per
754 2661 828 2716 illam
847 2657 952 2728 quidem
976 2657 1075 2726 trajicit
1099 2657 1174 2712 eidus
1192 2655 1317 2727 aliquod,
1343 2673 1393 2727 per
1410 2657 1464 2714 ista
1486 2673 1549 2712 vero
1569 2665 1666 2712 cantus

320 2737 426 2806 transit,
444 2745 535 2794 motus
554 2754 590 2795 sc.
610 2743 736 2812 utrinque
754 2747 797 2797 est
813 2737 915 2794 localis
950 2735 1095 2792 Intervalla
1119 2735 1226 2804 quidem
1244 2736 1347 2792 ιοιιιιιι
1370 2737 1462 2830 qualia
1479 2738 1546 2807 sint,
1570 2753 1620 2807 per
1637 2751 1667 2792 se

320 2821 414 2908 patet,
425 2823 453 2871 at
471 2817 640 2876 intervalla
632 2838 659 2875 ιι
679 2827 826 2892 systemate
848 2818 952 2900 gemino
969 2832 1051 2873 sensu
1069 2817 1169 2872 insunt
1204 2817 1324 2872 Primum
1349 2819 1419 2874 enim
1443 2817 1622 2872 materialiter
1639 2825 1668 2871 et

320 2892 447 2963 organice
469 2895 571 2953 distant
596 2899 767 2956 abinvicem
793 2898 921 2954 chordae
946 2891 986 2950 ‘sic
1008 2901 1038 2950 ut
1056 2895 1247 2964 unaquaelibet
1271 2896 1381 2951 seorsim
1406 2895 1538 2952 acetaria
1563 2895 1667 2965 pulsari

320 2972 420 3042 posslt;
444 2974 497 3030 et
489 2991 517 3028 ιι
541 2975 634 3032 codice
651 2978 818 3036 Ptolemaiou
836 2979 982 3048 pinguntur
1005 2975 1121 3032 chordae
1140 2974 1293 3042 systematis
1316 2973 1393 3030 lineis
1415 2975 1512 3029 erectis
1539 2973 1612 3030 iuter
1637 2990 1666 3029 ee

319 3049 469 3122 parallelis,
488 3053 622 3110 ullarum
614 3055 697 3126 agitur
715 3059 784 3116 aliae
802 3057 837 3114 ad
857 3057 990 3112 sinistram
1008 3053 1092 3124 magis
1111 3053 1254 3122 recedunt,
1273 3053 1341 3108 eliae
1360 3054 1394 3109 ad
1414 3055 1546 3121 dextram,
1565 3054 1667 3108 dietam

320 3135 363 3183 tea
380 3130 415 3185 ab
432 3131 556 3203 invicem,
574 3133 602 3190 id
621 3145 663 3192 est
681 3135 877 3194 intervallatae.
913 3135 949 3189 Ει
966 3134 1033 3189 haec
1051 3134 1177 3201 organica
1195 3132 1325 3188 distantia
1344 3133 1451 3202 peperit
1468 3149 1568 3187 nomen
1586 3135 1666 3188 inter·

321 3207 387 3264 valli
404 3211 432 3264 in
450 3213 567 3283 musice,
592 3215 665 3283 quod
684 3216 781 3272 deinde
799 3215 879 3270 etiam
898 3213 933 3270 ad
949 3212 1017 3268 alias
1034 3212 1195 3268 translatum
1213 3211 1265 3266 fuit
1283 3212 1503 3282 significationes.
1541 3211 1666 3268 Secundo

321 3287 392 3342 enim
410 3305 490 3345 voces
509 3291 687 3364 intervallum,
707 3295 850 3362 (ιιιιιιιιι,
877 3301 1018 3350 sumuntur
1035 3291 1115 3348 etiarn
1140 3292 1172 3348 de
1192 3291 1342 3348 differentia
1368 3293 1513 3362 potestatis
1538 3309 1667 3348 sonorum

319 3368 347 3421 in
366 3368 490 3424 acumine
509 3375 535 3423 et
554 3371 694 3442 grauitate,
714 3374 780 3442 quia
796 3389 888 3430 rocem
906 3383 1011 3430 acutam
1030 3371 1142 3428 dicimus
1161 3371 1260 3441 altam,
1280 3387 1388 3442 gravem
1405 3371 1585 3441 profundam,
1607 3387 1668 3428 cum

321 3447 493 3502 interuallum
513 3448 623 3518 aliquod
640 3452 781 3508 insinuent
797 3453 913 3508 interae
932 3457 1114 3522 comparatam
1134 3452 1257 3522 sequitur
1276 3461 1305 3506 ιιι
1325 3451 1404 3508 etiam
1422 3452 1451 3507 in
1469 3467 1552 3508 sensu
1564 3449 1668 3510 musico

321 3524 392 3579 inter
410 3541 507 3581 sonum
527 3527 611 3582 altum
631 3536 658 3584 et
675 3531 841 3599 profundum
860 3531 1026 3600 concipiatur
1043 3530 1214 3584 intervallum
1227 3531 1449 3601 metaphoricum
1484 3531 1565 3588 Prior
1577 3531 1669 3600 itaque

321 3605 489 3674 significatus
515 3608 590 3664 socie
614 3608 787 3668 interuallum
810 3608 897 3664 locum
924 3607 1067 3678 praecipue
1089 3608 1172 3663 hebet
1195 3609 1247 3662 hoo
1265 3617 1360 3664 octavo
1379 3610 1481 3680 capite,
1508 3609 1669 3679 posterioris

320 3683 388 3737 ratio
407 3684 494 3753 major
511 3685 656 3742 habebitur
674 3689 763 3759 capite
782 3689 904 3757 sequenti
922 3703 1001 3742 nono.
1036 3687 1074 3742 Et
1093 3689 1156 3756 quia
1178 3703 1270 3743 rocem
1287 3703 1410 3756 graecam
1432 3705 1515 3744 unam
1532 3705 1595 3782 ego·
1605 3691 1668 3748 dna·

321 3760 372 3816 hus
391 3761 484 3821 latinis
501 3764 616 3837 reddidi,
637 3767 812 3838 »pertransiri
830 3766 1016 3838 absolrique«,
1041 3783 1132 3822 earum
1151 3768 1225 3838 prior
1243 3767 1352 3836 quidem
1369 3767 1481 3837 respicit
1499 3767 1533 3822 ad
1552 3769 1668 3840 primum

321 3841 518 3912 significatum,
542 3845 678 3913 posterior
700 3861 764 3902 uero
789 3843 823 3900 ad
842 3845 1002 3914 secundum
1026 3843 1083 3898 illic
1100 3853 1189 3901 motus
1207 3855 1250 3901 est
1268 3847 1365 3917 plectri
1391 3863 1440 3918 per
1457 3846 1577 3904 chordas
1603 3848 1668 3906 locis

321 3921 467 3992 distantes,
492 3921 537 3977 hic
555 3937 618 3978 vero
641 3925 804 3993 permutatio
826 3925 917 3993 potins
940 3932 981 3980 est
1003 3940 1129 3980 sonorum
1148 3923 1297 3979 acutiorem
1323 3941 1383 3981 cum
1402 3924 1579 3994 gravioribus.
1616 3925 1669 3980 ab·

321 4000 463 4056 solvuntur
487 4008 579 4056 autem
604 4018 653 4058 seu
679 4003 885 4059 constituuntur
907 4004 964 4059 soni
991 4020 1082 4059 omnes
1106 4005 1221 4074 primum
1246 4005 1272 4058 in
1290 4004 1474 4060 monochordo
1493 4005 1576 4061 etiam
1595 4011 1669 4061 motu

320 4081 412 4152 aliquo
431 4081 553 4152 ephippii
570 4097 621 4152 per
637 4082 806 4137 intervallum
824 4083 899 4153 illud,
918 4099 999 4153 super
1015 4097 1069 4152 quo
1087 4089 1167 4139 tensa
1179 4091 1222 4138 est
1234 4080 1336 4138 chorda
1347 4085 1435 4152 unica,
1454 4101 1488 4140 ex
1502 4101 1556 4154 quo
1570 4081 1668 4138 deinde

319 4161 499 4216 instrumento
518 4162 577 4216 soni
596 4162 696 4233 singuli
713 4163 742 4218 ιι
760 4163 880 4232 singulas
899 4163 1015 4218 chordas
1033 4179 1082 4233 per
1099 4163 1248 4218 tensionem
1267 4161 1373 4218 illarum
1391 4164 1603 4220 transferuntur.

407 4239 470 4296 Non
487 4239 565 4310 ponit
581 4245 673 4296 tamen
691 4241 862 4297 Ptolemaeus
880 4243 1053 4312 praecipuam
1072 4243 1223 4310 argumenti
1236 4241 1287 4295 ιιιι
1300 4242 1327 4296 ιι
1340 4259 1394 4298 runo
1414 4243 1455 4297 rel
1473 4242 1559 4298 altero
1573 4244 1667 4298 horum

321 4325 442 4374 motuum
459 4318 595 4386 localium,
615 4319 662 4374 ιε(ι
681 4319 800 4375 inculcat
817 4319 876 4389 ειιι
895 4319 1065 4375 solitudinem
1084 4319 1235 4391 utrobique,
1254 4328 1281 4375 et
1293 4320 1400 4376 ridetur
1416 4321 1468 4377 hcc
1481 4321 1550 4376 velle
1563 4321 1666 4378 dicere:

322 4395 392 4451 sicut
408 4400 436 4453 ιιι
453 4399 512 4469 lyra
530 4398 665 4469 plectrum
683 4399 723 4455 rel
743 4400 770 4454 in
788 4400 972 4456 monochordo
991 4399 1147 4470 ephippiem
1167 4413 1273 4454 seersum
1289 4399 1415 4456 deorsum
1428 4415 1521 4458 errans
1536 4401 1668 4456 diversos·

323 4489 377 4541 que
393 4491 475 4532 rencs
493 4475 561 4533 illud
578 4477 703 4547 elioiens,
726 4477 798 4533 istud
823 4477 1019 4547 determinans,
1044 4491 1099 4532 non
1117 4485 1207 4532 ιιιιιι
1229 4487 1317 4535 mutat
1339 4479 1494 4550 systematis
1515 4479 1559 4535 rel
1576 4491 1668 4534 mono·

217 4621 220 4628 ,
323 4552 419 4608 chordi
436 4557 554 4624 speciem
571 4564 600 4612 et
617 4557 744 4627 figuram,
768 4557 816 4613 sed
835 4557 948 4613 eandem
967 4573 1081 4626 semper,
1100 4565 1131 4612 ut
1147 4557 1256 4626 quoties
1267 4557 1343 4615 lubet
1361 4559 1474 4614 eandem
1493 4573 1587 4614 rursus
1606 4569 1666 4612 can·

323 4631 437 4702 tionem,
461 4637 570 4692 eosdem
589 4637 693 4694 sonitus
713 4639 811 4696 elicere
828 4638 979 4708 possimus:
1006 4637 1044 4692 sic
1062 4638 1142 4694 etiem
1159 4639 1188 4692 in
1204 4637 1281 4708 coelo
1299 4637 1476 4694 translatione
1499 4635 1617 4692 siderum
1635 4632 1669 4688 de

323 4711 384 4768 loco
401 4713 431 4768 in
448 4711 537 4768 locum
554 4717 657 4773 nullam
676 4717 834 4790 corporibus
852 4717 918 4787 ipsis
935 4715 1029 4772 inierri
1046 4717 1235 4786 mutationem,
1254 4731 1343 4786 neque
1360 4717 1414 4774 iter
1430 4717 1458 4774 iu
1473 4717 1559 4788 coelo,
1577 4711 1669 4770 aodm·

324 4805 393 4862 cum,
411 4790 498 4846 vetari
515 4794 653 4852 mosdere.
690 4797 779 4866 Ηιιιιι
797 4798 949 4867 argumenti
965 4795 1018 4852 rim
1035 4793 1188 4862 Macrobius
1206 4796 1235 4852 iu
1253 4796 1391 4854 Somnium
1410 4795 1543 4868 Scipionis
1561 4795 1667 4850 ridetur
