3676 5536
681 339 765 400 Liber
780 339 831 400 111.
847 339 987 412 Digressio
1004 342 1122 413 politico.
1171 339 1172 348 ³
1474 427 1477 444 .
1516 355 1576 416 139

228 521 408 597 geometrica
431 519 579 597 proportio
603 522 642 579 sit
664 521 752 579 etiarn
775 518 959 595 harmonica,
983 529 1015 581 ut
1040 525 1074 596 1,
1099 527 1133 598 2,
1158 528 1193 600 t,
1225 529 1309 588 sieut·
1323 528 1372 590 hic
1394 528 1577 590 commodum

230 615 292 684 est,
321 613 354 666 ut
375 624 512 685 procerus
536 607 655 684 longam
677 614 791 668 vesum
812 605 938 682 habeat,
966 609 1109 670 interdum
1134 630 1201 672 vero
1224 616 1406 678 arithmetice
1427 621 1575 694 proportio

230 703 276 756 est
298 698 386 755 etiam
408 695 585 769 harmonica,
609 703 642 754 nt
657 696 685 767 2,
711 697 739 768 3,
763 694 797 767 4,
821 696 898 756 sicut
919 695 966 755 hic
982 698 1232 774 commodumst,
1256 711 1288 762 ut
1304 721 1455 781 possessor
1471 705 1577 782 longae

227 785 319 844 restis
340 782 469 860 pumilus
491 777 616 842 retineat
639 779 755 858 quidem
779 797 872 854 suum,
896 783 947 843 sed
971 786 998 841 in
1014 788 1169 861 pecuniam
1191 799 1411 872 commutatum,
1432 810 1491 870 qua
1512 809 1577 853 rec-

229 873 288 932 um
310 873 354 928 uti
375 878 488 947 potest,
513 887 601 946 quam
623 869 770 946 superfluo
794 872 894 931 restis.

318 957 374 1020 111.
398 957 472 1018 Cum
488 958 677 1034 ¹gubernandi
698 959 826 1018 rationes
849 972 949 1018 omnes
972 959 1125 1038 complexa
1147 964 1186 1021 sit
1206 963 1333 1038 justitia,
1359 983 1394 1025 ex
1417 965 1577 1028 Aristotele

229 1044 339 1120 allegat
359 1053 457 1121 partes
480 1046 544 1122 ejus
566 1045 656 1120 duas,
680 1047 917 1104 commutativam
941 1047 1171 1123 inaequalitate
1195 1050 1377 1112 arithmetica
1401 1063 1575 1129 remantem,

228 1132 443 1194 distributivam
465 1135 494 1191 io
516 1133 706 1194 similitudine
727 1134 917 1209 geometrica,
947 1136 1008 1209 ipse
1033 1137 1147 1194 tertiam
1168 1139 1296 1216 speciem
1316 1140 1449 1214 justitiae
1472 1141 1577 1202 suadet

228 1239 265 1280 ex
288 1229 411 1297 ubsque
439 1223 566 1298 priorum
591 1221 761 1293 conflatam,
789 1235 864 1295 quae
897 1227 926 1281 et
948 1239 1042 1282 rerum
1067 1225 1182 1299 copiam
1213 1229 1298 1285 certis
1321 1230 1453 1305 personis
1481 1228 1578 1289 viliori
1693 1223 1699 1238 ’

229 1310 323 1387 pretio
347 1306 433 1368 rendi
458 1308 520 1368 vult
543 1327 630 1386 quam
654 1309 756 1368 ceteris
787 1314 816 1366 et
838 1324 896 1374 nou
920 1326 1035 1386 semper
1057 1313 1171 1387 magnis
1195 1330 1301 1389 magna
1329 1313 1462 1374 distribui
1485 1322 1514 1376 et
1535 1319 1578 1378 sic

230 1403 383 1472 utrumque
406 1413 498 1472 genus
524 1396 598 1472 justi
621 1395 723 1456 violari
753 1394 981 1471 quadamtenus,
1003 1399 1039 1456 ,si
1063 1397 1142 1459 salus
1165 1402 1367 1460 universorum
1397 1401 1428 1460 id
1449 1403 1579 1478 postulet

229 1487 329 1544 sotei
353 1483 537 1545 commodum
559 1483 626 1542 inde
649 1482 798 1559 publicum
822 1492 960 1560 emergat.
1006 1485 1071 1545 Non
1102 1487 1174 1547 hene
1198 1489 1339 1548 conflatur
1370 1492 1518 1568 proportio
1542 1507 1578 1550 ax

231 1571 384 1648 speciebus
409 1569 523 1632 duabus
545 1571 621 1645 aliis,
642 1574 667 1642 si
692 1577 844 1647 utramque
866 1573 998 1646 peremit.
1041 1573 1095 1632 Est
1117 1577 1205 1650 igitur
1227 1575 1387 1654 applicatio
1409 1576 1483 1638 haec
1504 1580 1578 1639 meis

229 1657 437 1719 medietatibus
459 1655 636 1719 harmonicis
658 1658 762 1734 aptior.
808 1653 846 1716 Ut
870 1660 1048 1720 innumeris
1072 1663 1107 1736 2,
1138 1665 1172 1735 3,
1204 1665 1221 1721 5
1250 1681 1305 1722 nac
1327 1664 1510 1726 arithmetica
1532 1673 1577 1726 est

229 1763 401 1806 excessuum
417 1747 589 1823 aequalitas,
614 1763 668 1805 nec
684 1746 863 1822 geometrica
878 1749 1053 1822 progressio,
1070 1757 1227 1810 esttamen
1243 1753 1318 1811 inter
1333 1768 1383 1811 eos
1397 1751 1576 1812 harmonica.
1617 1763 1621 1778 '

316 1832 383 1894 Huc
405 1837 433 1892 in
457 1835 514 1894 fine
537 1835 601 1893 libri
634 1837 737 1909 poie'tas
760 1832 975 1906 accommodat,
1008 1837 1057 1910 qui
1080 1836 1231 1898 Themidis
1254 1834 1347 1920 (quae
1367 1840 1485 1915 justitia
1516 1837 1577 1923 est)

229 1928 289 1980 tres
311 1919 423 1996 ιίιιςιιιιι
437 1921 513 1982 tiliae
530 1919 671 1994 adnostros,
696 1919 855 1993 ἐπιιικειιιι,
880 1919 1002 1998 donans:
1030 1921 1120 1998 leges,
1145 1927 1333 2002 aequitatem,
1356 1945 1468 2004 pacem,
1493 1931 1578 2004 quasi

229 2009 318 2066 trium
341 2011 560 2086 proportionum
584 2007 739 2080 tutelares,
764 2005 980 2080 arithmeticae,
1004 2014 1213 2086 geometricae,
1237 2013 1433 2076 harmonicae.

319 2095 373 2154 1v.
397 2095 492 2172 Leges
508 2097 728 2168 connubiorum,
751 2095 939 2170 praecipuum
956 2098 1084 2157 civitatis
1100 2101 1257 2168 vinculum,
1280 2099 1461 2161 luculentum
1478 2121 1579 2164 exem·

232 2181 315 2258 plum
342 2182 561 2242 subministrant
584 2187 669 2264 trium
693 2184 921 2259 proportionum.
967 2183 999 2242 St
1021 2187 1135 2260 patricii
1156 2191 1295 2264 patricias
1318 2187 1423 2250 ducere
1449 2191 1578 2266 jubean-

230 2281 293 2343 tur,
316 2269 426 2346 plebeji
448 2271 598 2350 pleheJas,
622 2273 799 2346 geometrica
821 2270 981 2330 similitudo
1004 2279 1057 2331 est.
1102 2272 1154 2332 Sin
1174 2276 1224 2350 jus
1247 2277 1391 2351 omnihus,
1416 2280 1580 2355 promiscue

230 2358 378 2418 connubia
400 2359 447 2418 rel
471 2365 549 2430 sorte
573 2375 711 2434 quaerere
734 2355 782 2416 vsl
805 2358 913 2432 torma,
937 2359 1052 2435 opibus,
1077 2363 1192 2436 virtute,
1215 2365 1278 2422 sine
1300 2365 1415 2439 generis
1436 2373 1580 2441 respectu,

229 2445 406 2506 conmodere
435 2455 576 2524 quantum
606 2447 720 2522 possis,
750 2461 803 2504 nec
832 2445 893 2504 ulla
926 2446 1054 2510 conditio
1083 2450 1191 2522 vetito,
1224 2449 1297 2510 haec
1328 2452 1383 2510 erit
1415 2453 1579 2528 aequalitas

229 2533 422 2594 arithmetica.
469 2534 576 2594 Verum
599 2535 640 2593 ibi
662 2535 770 2592 civium
794 2534 883 2590 animi
907 2531 1086 2593 divelluntur
1109 2537 1138 2593 in
1157 2537 1309 2610 lectiones,
1333 2537 1381 2596 hio
1396 2539 1580 2603 coutunduu-

231 2627 279 2680 tur
302 2622 432 2693 ordines,
457 2630 610 2698 utrumque
632 2623 827 2697 perniciosum
851 2619 1039 2696 reipublicae.
1086 2621 1196 2682 Suadet
1219 2625 1309 2698 igitur
1323 2619 1463 2702 Bochnns,
1487 2631 1580 2705 patri·-

229 2710 284 2768 ciis
308 2709 488 2768 tenuioribus
511 2709 654 2770 interdum
677 2710 842 2784 permittere
865 2711 1012 2770 connubia
1034 2708 1153 2786 plebaja
1176 2710 1331 2788 opulenta,
1353 2713 1478 2790 plebajis
1502 2716 1581 2776 divi·

230 2797 309 2855 tibus
332 2798 469 2873 patricias
493 2798 603 2872 inopes.
649 2794 715 2854 Hoc
744 2797 820 2853 enirn
844 2797 958 2871 utrique
983 2796 1076 2855 ordini
1107 2796 1309 2872 commodum,
1340 2800 1489 2864 nobilibus
1513 2805 1580 2879 qul·

230 2882 306 2954 dem,
321 2890 362 2942 *ut
384 2886 463 2943 aucti
487 2885 593 2960 opibus
616 2891 752 2942 tueantur
773 2882 870 2942 locum
893 2899 981 2958 quem
1004 2884 1147 2958 obtinent,
1170 2893 1199 2944 ct
1219 2886 1344 2946 laminae
1360 2887 1449 2964 hujus
1471 2891 1580 2951 ordinis

229 2973 417 3044 maritantur3
448 2971 527 3048 plebi
552 2986 638 3043 vero,
668 2979 700 3028 ut
728 2969 873 3047 patefacto
904 2970 941 3029 ad
966 2971 1091 3030 honores
1116 2971 1202 3032 editu
1234 2976 1333 3033 virtuti
1359 2975 1429 3036 deut
1451 2993 1579 3056 operam,

231 3057 358 3136 denique
380 3061 451 3134 reip.
474 3060 544 3136 ipsi,
569 3067 601 3118 ut
624 3056 739 3117 ordines
762 3064 863 3116 mutua
885 3075 950 3117 sese
973 3056 1116 3119 charitate
1140 3061 1378 3136 complectentur.

318 3145 443 3208 Rursum
475 3147 522 3205 hic
551 3149 672 3222 peremit
690 3147 906 3220 »geometricam
934 3145 1114 3222 analogiam,
1154 3156 1186 3207 ut
1213 3147 1413 3210 harmonicam
1443 3150 1578 3228 duceret,

232 3249 328 3308 noque
352 3243 447 3293 tamen
478 3251 541 3293 eam
565 3233 603 3292 ad
626 3251 734 3292 meram
757 3232 966 3308 aequalitatem
992 3233 1192 3296 arithmeticae
1215 3225 1426 3313 progressionis
1456 3239 1579 3316 redegit.

234 3318 274 3380 Ut
297 3323 323 3379 si
349 3325 378 3390 1,
402 3322 430 3393 3,
456 3321 483 3394 9,
507 3323 692 3397 geometrica,
716 3321 881 3397 perimatur,
910 3319 1019 3395 fiatque
1046 3323 1072 3393 1,
1097 3324 1126 3390 3,
1145 3323 1175 3401 8,
1203 3333 1344 3398 quantum
1367 3323 1414 3384 hic
1436 3343 1581 3388 recessum

235 3417 281 3468 est
303 3408 341 3468 ah
369 3411 394 3478 1,
420 3410 449 3480 3,
473 3411 501 3481 9,
526 3407 721 3468 tautumillic
743 3408 915 3480 derogatum
930 3409 1070 3483 patriciis,
1095 3415 1125 3468 et
1139 3417 1280 3485 quantum
1296 3413 1324 3468 in
1344 3416 1371 3485 1,
1397 3413 1425 3484 3,
1451 3413 1480 3486 8,
1504 3430 1579 3488 quo·
1685 3461 1689 3466 .

234 3512 298 3562 rum
323 3512 458 3556 euoessus
483 3497 517 3568 2,
549 3492 673 3577 5(cnm
695 3496 775 3573 prius
803 3501 902 3553 essent
930 3499 965 3566 2,
995 3489 1046 3575 6),
1078 3499 1254 3556 accessimus
1283 3498 1322 3557 ad
1348 3502 1581 3575 progressionem

234 3581 446 3644 arithmeticam
475 3585 505 3652 1,
538 3585 572 3657 3,
604 3586 621 3642 5
646 3578 732 3664 (quia
754 3581 857 3642 horum
889 3597 1024 3642 excessus
1049 3584 1085 3652 2,
1117 3587 1135 3640 2
1165 3580 1341 3666 aequales),
1371 3591 1485 3646 tantum
1517 3573 1577 3648 illi'c

234 3669 335 3730 datum
357 3669 451 3746 plebi,
475 3679 506 3728 ut
528 3672 556 3728 in
581 3673 706 3730 numeris
729 3669 848 3745 quidem
870 3668 1077 3728 concordantia
1099 3673 1325 3738 constitueretur
1343 3674 1417 3732 iuter
1441 3678 1472 3748 1,
1496 3675 1525 3748 3,
1550 3676 1579 3750 8,

232 3760 263 3814 in
287 3775 347 3834 rep.
372 3775 442 3816 vero
465 3757 670 3817 concordantia
700 3758 774 3815 inter
794 3757 934 3833 patricios
962 3765 992 3814 et
1018 3757 1148 3833 plebem,
1176 3766 1313 3820 manente
1336 3767 1433 3820 tamen
1456 3759 1579 3822 distinc-

233 3847 313 3904 tione
337 3845 478 3904 ordinum.
524 3845 606 3905 Haec
629 3847 816 3905 commutatio
843 3847 876 3918 1,
906 3845 923 3902 9
948 3846 976 3901 in
1003 3847 1038 3918 1,
1069 3846 1087 3902 8
1118 3852 1250 3908 occurret
1271 3843 1346 3907 libro
1369 3847 1407 3908 V.
1438 3851 1579 3908 etiamid

231 3931 316 3992 coelo
339 3933 412 4008 ipso.

321 4019 358 4076 V.
381 4019 484 4096 Inepta
513 4027 558 4077 ast
580 4016 763 4078 arithmetico
783 4016 947 4094 aequalitas
974 4019 1003 4076 in
1026 4021 1200 4097 symposia,
1231 4023 1257 4079 si
1284 4022 1448 4098 promiscue
1479 4039 1578 4083 omnes

231 4107 422 4177 accumbant,
449 4105 531 4164 nulla
552 4121 656 4177 sexus,
688 4105 875 4178 conditionis,
905 4107 1010 4166 aetatis
1033 4103 1136 4168 hahita
1157 4109 1284 4183 ratione3
1315 4108 1427 4168 insulsa
1449 4111 1578 4172 vicissim

231 4211 313 4252 mera
342 4193 500 4252 similitudo
529 4194 715 4269 geometrica
759 4193 834 4252 Nam
862 4195 898 4252 si·
917 4192 995 4256 docti
1030 4202 1141 4254 tautum
1175 4193 1284 4274 doctis·
1296 4197 1473 4273 jungantur,
1506 4198 1577 4274 quid

231 4279 391 4358 proderunt
413 4278 575 4357 imperitis?
597 4281 622 4338 si
638 4279 769 4338 leminea
791 4281 862 4339 solis
885 4280 1008 4354 leminis,
1033 4299 1110 4358 quae
1128 4283 1292 4358 uoluptas?
1325 4280 1350 4342 si
1372 4281 1492 4343 clamosi
1515 4285 1577 4346 cla·

232 4369 341 4441 mosis,
371 4370 435 4444 quis
458 4375 559 4426 auctor
582 4368 617 4425 iis
638 4365 824 4426 modestiae?
869 4367 909 4425 At
932 4369 956 4426 si
980 4385 1075 4445 neque
1099 4387 1216 4430 caecam
1239 4371 1448 4446 aequalitatem
1470 4371 1576 4436 admit·

231 4465 296 4524 tas,
324 4472 420 4532 neque
442 4452 841 4527 morosam-similitudinem,
872 4453 923 4513 sed
945 4455 1071 4515 misceas
1093 4464 1262 4532 utramque,
1293 4457 1405 4518 modice
1427 4465 1523 4521 umen
1547 4473 1577 4522 et

233 4561 299 4604 cum
320 4543 431 4618 judicio
453 4543 583 4614 rationis,
607 4541 754 4619 proportio
778 4543 832 4600 erit
854 4540 1030 4601 harmonico.
1074 4543 1191 4602 Efficias
1214 4546 1305 4618 enim,
1328 4552 1361 4605 ut
1382 4563 1467 4608 senes
1486 4549 1576 4624 jove-
1638 4613 1643 4628 ,

237 4647 322 4704 num,
352 4631 410 4689 viri
431 4630 601 4690 laminarum
631 4635 752 4706 aspectu
779 4627 944 4704 gaudeant,
972 4628 1098 4704 Juveoes
1127 4629 1281 4706 prodentis
1302 4649 1419 4709 sonum,
1450 4635 1575 4696 laminas

241 4719 371 4780 viromm
392 4719 564 4779 auctoritate
586 4724 730 4796 regantur,
752 4717 870 4778 senices
893 4715 996 4776 orbani
1018 4718 1144 4776 excitem
1165 4719 1350 4806 moissimque
1369 4729 1399 4783 et
1413 4730 1574 4810 venantur,
