3676 5536
654 355 955 429 unumunurm
972 355 1090 428 prun.
1478 357 1539 420 ses

198 531 505 610 maoncnsssers
530 537 559 610 e,
584 537 613 611 ii,
637 539 665 610 4,
689 537 717 609 i,
741 547 880 613 quaeest
903 540 932 595 in
956 539 985 609 3,
1010 541 1045 610 2,
1070 540 1105 610 4,
1130 537 1160 596 o.
1204 533 1326 596 hiinime
1349 535 1369 596 8
1392 541 1437 595 est
1458 531 1539 594 adu

199 627 233 678 ut
257 623 275 678 4
298 619 336 680 ad
360 625 388 681 6.
434 623 618 683 Eoontrario
632 626 846 700 proportionem
861 625 1059 684 harmonicam
1079 630 1166 700 putat
1181 623 1290 682 turbari
1305 623 1540 699 transpositione.

199 705 294 781 Sane,
318 710 342 766 ei
365 713 582 787 proportionem
605 713 678 771 inter
700 710 773 770 duros
795 715 931 772 terminos
955 711 1034 772 soioe
1057 712 1191 787 aporuit
1212 710 1339 784 nuliam,
1363 709 1463 770 vineit.

286 793 369 856 Haec
390 807 435 860 est
456 815 483 859 n.
505 797 709 860 nonnullorum
731 799 876 860 subtilitas
899 799 1051 876 loquendi,
1082 798 1237 874 conjuncta
1259 815 1325 858 oum
1348 813 1462 858 summa
1484 797 1541 856 ob-

199 883 352 956 scuritate,
380 893 412 944 ut
442 885 472 942 id
502 885 580 963 quod
603 885 705 945 Graeci
730 875 813 966 iop'o's
843 886 1006 964 appeliant,
1037 886 1128 945 iniisse
1150 885 1292 946 rationem
1318 884 1412 945 veiint
1434 883 1539 958 dicere,

199 971 415 1046 proportionem
440 985 525 1046 vero,
541 974 621 1050 quod
644 973 747 1034 Graeci
771 972 932 1054 dsnioyrns.
980 972 1094 1034 Veiiem
1109 971 1244 1050 equidem
1266 973 1295 1032 id
1317 973 1424 1032 imitari
1441 987 1539 1050 posse,

200 1067 233 1115 ιιι
255 1058 357 1118 tenses
388 1077 434 1119 me
456 1064 573 1120 memini
604 1061 745 1122 antehac:
776 1071 807 1123 at
829 1065 909 1141 iosos
932 1059 1053 1122 Graecis
1081 1077 1230 1137 uunquam
1258 1062 1287 1118 in
1301 1061 1461 1120 ‘communi
1484 1075 1541 1118 usu

199 1144 340 1220 ioqueudi
361 1149 484 1206 sumitur
505 1165 559 1225 pro
582 1165 655 1210 roca
677 1148 775 1222 cirron
799 1147 910 1210 Latinis
934 1165 1003 1210 uero
1026 1151 1100 1208 ratio
1125 1147 1295 1208 ereberrime
1314 1155 1400 1208 soom
1422 1163 1541 1208 musam

202 1231 251 1292 vei
274 1229 402 1294 moduni.
448 1234 571 1313 Oportet
592 1238 683 1313 igitur
701 1243 799 1296 terrere
821 1252 928 1297 morem
951 1254 969 1296 a
991 1235 1317 1316 harbariatiraecorum
1332 1234 1541 1295 ei'emeutorum

198 1321 405 1397 interpretibus
428 1323 622 1384 introductum
645 1332 682 1383 et.
695 1325 889 1401 proportionis
911 1341 1014 1384 rocem
1037 1332 1096 1383 tam
1119 1341 1171 1402 pro
1194 1325 1268 1402 λαγῴ
1291 1323 1379 1400 quam
1401 1339 1453 1398 pro
1467 1321 1541 1382 ulra·

199 1409 436 1490 insequentem,
459 1411 538 1486 quod
561 1419 623 1471 toto
646 1410 702 1470 hoc
724 1410 798 1471 iihro
821 1412 919 1472 crebro
942 1411 1026 1472 iacio.

284 1493 354 1555 Jam
377 1498 465 1573 igitur
488 1498 624 1560 distinctu
646 1505 713 1558 sent
734 1501 881 1576 proportio
904 1506 934 1559 et
956 1497 1172 1570 coneordantia,
1197 1504 1226 1557 et
1248 1495 1322 1556 base
1343 1494 1424 1556 iiiius
1447 1495 1540 1556 reiuti

169 1602 173 1610 ·
200 1579 331 1656 qualitas
353 1585 497 1660 quaedam
527 1586 636 1662 iliaque
658 1586 745 1662 hujus
767 1587 938 1664 subjeetum.
982 1584 1197 1646 concordantia
1219 1599 1289 1644 vero
1320 1585 1397 1644 inest
1417 1599 1542 1661 propor-

198 1669 330 1730 tionibus
352 1674 446 1749 primo
470 1681 499 1732 et
522 1689 573 1750 per
595 1693 636 1748 so,
660 1683 803 1750 quatenus
825 1674 893 1734 iiiae
916 1681 985 1735 eunt
1006 1676 1080 1733 inter
1103 1671 1177 1732 duos
1200 1673 1353 1745 terminos,
1384 1688 1442 1732 uon
1465 1687 1541 1749 qur-

195 1763 283 1816 tenus
312 1765 359 1818 est
383 1761 458 1821 inter
488 1761 586 1838 piures
619 1759 769 1822 terminos
784 1763 958 1822 continuitas
989 1760 1133 1838 quaedam
1157 1760 1362 1838 proportionis.
1409 1759 1446 1832 iit
1467 1775 1541 1819 corr-

188 1854 307 1904 eonunt
328 1846 386 1906 duo
408 1851 604 1925 proportionis
634 1850 747 1917 termini
769 1861 827 1908 unu
849 1867 937 1912 cause
959 1849 1047 1922 situs,
1080 1851 1108 1906 in
1131 1864 1189 1924 quo
1211 1849 1292 1924 prius
1315 1854 1359 1906 esi
1389 1853 1418 1906 et
1440 1854 1543 1924 poste-

195 1932 267 2004 rius,
291 1932 343 1993 sed
365 1935 620 2011 quatenus-simui
643 1936 796 2012 pulsantur
817 1936 919 1996 eodem
941 1943 1070 2014 tempore
1093 1935 1169 1995 duae
1192 1933 1336 2008 chordae,
1366 1949 1420 1994 neo
1442 1943 1540 1994 muta-

196 2027 245 2077 tur
267 2018 341 2080 haec
362 2023 569 2082 concordantia
596 2029 708 2083 metato
730 2026 786 2083 situ
809 2012 1005 2084 churecterum
1035 2025 1064 2080 in
1087 2025 1229 2101 scriptura
1256 2027 1308 2082 aut
1338 2024 1368 2079 iu
1391 2022 1537 2082 testudine

198 2123 315 2166 eversa.
361 2108 545 2187 Proportioni
568 2127 647 2184 raro,
672 2127 747 2187 quae
769 2119 813 2170 esi
835 2115 907 2170 inter
923 2121 980 2171 tres
995 2110 1043 2171 rei
1060 2109 1156 2187 piures
1171 2108 1451 2182 terminos,'aocidit
1473 2125 1544 2170 eon-

196 2192 350 2256 eordantia
375 2197 565 2276 secundario,
593 2207 711 2276 propter
738 2199 897 2275 singulares
930 2200 1116 2258 terminorum
1149 2196 1248 2272 bigas,
1283 2198 1312 2254 in
1344 2197 1452 2272 quibua
1486 2199 1542 2256 etsi

195 2284 304 2342 mutari
327 2291 425 2360 potest
447 2293 558 2345 mutato
581 2289 639 2348 situ
662 2285 808 2369 analogia,
832 2285 860 2344 id
871 2283 990 2362 'nempe
1012 2283 1090 2361 quod
1113 2285 1143 2342 iu
1165 2283 1224 2344 iliis
1246 2291 1291 2344 est
1313 2279 1349 2342 de
1365 2285 1545 2360 geometrica

195 2371 386 2450 proportione
408 2372 577 2447 admixtum,
601 2391 695 2450 nequo
717 2381 812 2434 tamen
834 2373 1049 2434 simui-mutari
1072 2371 1199 2449 qualitas
1221 2371 1397 2432 harmonica.
1444 2370 1543 2446 Quare

196 2456 278 2532 quod
301 2455 432 2534 disputat
455 2461 594 2534 Bodinus,
617 2469 743 2537 quatuor
764 2463 834 2535 ista,
858 2462 962 2538 iegem,
985 2460 1059 2537 legis
1082 2461 1242 2532 actionem,
1258 2461 1454 2536 aequitatem,
1477 2477 1544 2518 me-

195 2546 370 2620 gisiratum,
402 2551 562 2625 comparari
595 2557 720 2624 quatuor
749 2552 889 2623 numeris,
925 2549 1094 2608 harmonica
1115 2548 1301 2624 proportione
1323 2544 1480 2623 colligatis,
1512 2553 1541 2606 et

196 2631 444 2706 quemadmodum
469 2638 651 2713 trrnspositis
674 2638 800 2696 numeris
821 2645 921 2714 pereat
944 2641 1109 2708 concentus,
1133 2637 1174 2694 ita
1196 2635 1220 2693 ai
1244 2649 1399 2709 processus
1414 2633 1543 2694 iorsnses

196 2727 228 2776 et
251 2723 399 2780 exsecutio
420 2723 549 2798 potiores
572 2724 734 2784 habeantur
755 2722 881 2799 iegibus,
913 2726 937 2782 si
959 2725 1148 2799 magistratus
1176 2723 1254 2798 prior
1272 2721 1436 2798 aequitate,
1467 2723 1543 2782 civi-

198 2809 268 2864 tatis
290 2807 470 2868 harmoniam
494 2811 618 2870 turbari:
648 2810 677 2869 id
701 2811 816 2887 quidem
839 2811 918 2871 rruiiu
941 2813 1052 2870 ratione
1076 2809 1111 2867 ed
1134 2808 1179 2880 id,
1216 2807 1294 2885 quod
1325 2810 1353 2866 in
1377 2810 1544 2888 proportio·

198 2894 286 2953 nibus
307 2903 355 2954 esi
377 2896 590 2971 harmonicum,
609 2897 660 2958 sed
683 2898 851 2974 simpliciter
872 2897 910 2957 ad
933 2900 1061 2976 ipsarum
1077 2897 1297 2974 proportionum
1319 2903 1461 2970 naturam,
1485 2910 1544 2973 qua

198 2985 405 3058 geometricam
434 3003 494 3060 qun
510 2985 749 3058 arithmeticam,
784 2995 827 3046 est
848 2985 1043 3058 reioreudom,
1075 2982 1132 3046 hoo
1154 2990 1198 3043 est
1227 2983 1265 3042 ad
1288 2983 1317 3042 id
1347 2985 1543 3062 proportionis

198 3085 300 3145 genus,
324 3071 403 3146 quod
426 3089 462 3132 ex
484 3079 607 3149 utreque
630 3079 819 3149 temperatum
842 3081 956 3134 veteres
978 3073 1166 3150 persuasione
1189 3069 1318 3148 quadam
1339 3071 1453 3130 inhnna
1474 3072 1543 3132 har-

197 3157 347 3216 monicum
373 3159 565 3236 appellarunt
610 3161 769 3220 Commune
800 3162 874 3220 euim
902 3160 959 3239 hoc
989 3168 1034 3220 est
1056 3159 1190 3218 omuibus
1217 3157 1360 3234 nuaioqiis
1382 3161 1446 3219 sire
1468 3161 1543 3235 sim·

197 3243 325 3320 plicibus
347 3248 411 3306 sive
434 3249 543 3322 mixtis,
567 3255 776 3324 contraquam
799 3247 885 3308 tradit
907 3245 1052 3320 Bodinus,
1081 3255 1114 3305 ut
1136 3244 1184 3305 rei
1207 3253 1355 3306 mutantur
1376 3247 1406 3306 iu
1429 3250 1544 3324 menies

197 3331 274 3391 alias
302 3337 487 3410 banspositis
513 3338 658 3408 terminis,
690 3333 738 3395 rei
766 3334 850 3411 piane
880 3335 1074 3394 destruantur.
1120 3331 1179 3394 Sed
1210 3331 1248 3391 ad
1278 3350 1340 3418 rem
1368 3334 1466 3395 redeo.
1510 3333 1544 3395 81

197 3435 309 3478 merum
332 3422 481 3481 arbitrium
504 3423 594 3482 habet
615 3425 801 3500 magistratus
823 3421 1004 3499 gubernandi
1028 3422 1091 3480 sine
1113 3420 1237 3496 iegibus,
1260 3437 1355 3498 neque
1370 3420 1544 3498 legumob·

197 3520 297 3567 serrat
319 3515 449 3582 naturae,
474 3526 569 3587 neque
591 3511 660 3570 boni
683 3517 713 3570 et
735 3512 895 3569 innocentis
918 3511 972 3567 viri
996 3509 1093 3568 oifloio
1115 3509 1255 3584 iungitur,
1277 3523 1338 3566 uon
1356 3511 1544 3585 magistratus
1670 3529 1672 3536 ¹

197 3595 263 3667 erit,
287 3594 339 3654 sed
361 3602 509 3674 mannus.
555 3597 687 3674 Cumque
710 3597 850 3656 honorum
871 3597 1034 3674 principum
1056 3608 1193 3654 numerus
1218 3594 1326 3672 oppido
1348 3611 1457 3672 pervus
1480 3599 1544 3655 exi·

195 3687 273 3754 stat,
305 3699 363 3742 non
385 3690 430 3743 est
452 3685 615 3745 consultum
639 3683 830 3762 reipublicae,
859 3701 923 3744 sese
953 3684 1022 3743 huic
1043 3680 1173 3760 periculo
1202 3684 1396 3758 committere,
1428 3685 1544 3760 quoties

196 3777 355 3830 renovatur
377 3773 574 3848 magistratus.
620 3773 775 3832 Etsi-vero
796 3775 947 3847 contingat
969 3769 1011 3829 iiii
1035 3771 1129 3829 bouus
1151 3767 1328 3846 quaudoque
1347 3769 1542 3848 magistratus,

196 3855 349 3916 diuturnus
371 3865 466 3918 tamen
490 3877 554 3920 esse
576 3868 671 3920 sistus
694 3862 748 3920 isto
769 3861 884 3936 nequit;
912 3867 943 3918 ut
958 3843 1021 3920 *ned
1042 3857 1178 3916 salutaris
1201 3857 1395 3934 reipublicae,
1416 3859 1490 3934 quia
1511 3865 1544 3918 ut

194 3945 292 4004 bouus
313 3945 352 4004 eit
374 3945 546 4018 moderator,
569 3947 695 4024 pruriens
710 3949 781 4007 satis
795 3963 852 4006 nou
868 3963 982 4024 semper
997 3949 1059 4018 erit,
1083 3946 1143 4021 qui,
1167 3944 1238 4021 qrrid
1260 3961 1387 4021 aequum
1409 3948 1457 4018 sit,
1480 3946 1543 4006 sine

195 4031 295 4106 legum
319 4048 419 4092 norme
442 4034 553 4113 rideat,
576 4043 606 4094 et
627 4041 661 4094 ut
680 4036 744 4111 ipse
767 4035 866 4094 rideat
888 4041 1085 4111 sequeturque
1109 4031 1187 4110 quod
1207 4041 1326 4105 rectum,
1349 4035 1431 4094 eires
1445 4040 1542 4092 tanum

195 4118 450 4179 calumniabuntur
473 4123 560 4181 etiam
583 4125 709 4198 optima,
739 4123 795 4181 nisi
818 4121 898 4199 iegee
920 4122 994 4194 sint,
1023 4121 1130 4197 quibus
1152 4118 1203 4178 iiie
1225 4119 1303 4180 iacta
1331 4137 1386 4180 sua
1408 4121 1481 4180 tueri
1505 4119 1543 4180 ad

194 4206 337 4284 populum
365 4210 473 4284 possit;
504 4210 583 4268 ciras
613 4208 710 4284 legum
740 4208 892 4286 disciplina
919 4199 988 4269 suut
1017 4207 1182 4277 erudiendi,
1214 4223 1374 4284 poenarum
1404 4208 1542 4285 imagine,

198 4309 277 4371 qnae
299 4291 413 4370 legium
434 4298 686 4375 praescribuntur,
712 4312 731 4355 a
753 4296 912 4356 munnam
942 4294 1131 4358 absterrendi.
1179 4293 1307 4370 iegibus
1335 4296 1424 4372 igitur
1445 4311 1542 4356 curare

193 4380 361 4458 rsepuhiica
381 4386 491 4460 nequit.
738 4403 742 4412 ·

281 4468 427 4530 Vicissim.
453 4470 547 4547 leges,
578 4487 683 4548 paceo
716 4469 860 4532 vocabulo
888 4491 982 4542 ιιιιιιι,
1018 4470 1233 4529 distributivam
1262 4469 1404 4544 justitiae·
1428 4477 1541 4546 purtem

193 4557 325 4632 signant,
358 4575 433 4633 quae
455 4561 484 4616 in
508 4567 585 4620 statu
608 4557 742 4636 populari
771 4559 902 4634 sequitur
930 4556 1142 4616 arithmeticam
1162 4555 1382 4632 aequalitatem.
1427 4556 1540 4632 Quodsi

197 4643 297 4704 omnia
312 4643 356 4703 'sd
379 4645 477 4722 iegum
499 4649 623 4722 rigorem
645 4647 859 4716 examinentur,
891 4643 997 4719 iniuria
1020 4643 1070 4705 flet
1091 4643 1234 4720 piurimis
1279 4642 1376 4720 Leges
1405 4646 1482 4704 euim
1505 4644 1542 4705 de

196 4731 285 4791 iactis
306 4737 456 4806 statuunt,
485 4731 867 4817 uuiia'cireumstantiarum
890 4731 1032 4792 vadente
1062 4729 1202 4808 deiiuitisr
1231 4732 1311 4792 iaetu
1332 4749 1402 4792 reru
1424 4731 1559 4807 singula

194 4819 421 4881 maneriis
448 4824 509 4881 suis
542 4822 687 4901 descripta
719 4829 800 4896 suut,
833 4819 940 4897 quibus
971 4817 1021 4880 rei
1035 4819 1219 4896 ‘uirgarum
1252 4817 1299 4881 rai
1327 4826 1541 4898 aggravatum
