3698 5534
442 324 485 380 De
502 323 622 381 Motibus
641 323 814 381 Plauetnr'um
831 326 1010 387 Harmouieis.
1045 329 1130 387 Liber
1146 331 1178 386 V.
1195 332 1373 388 Prooemium.
1513 338 1575 398 aas

237 505 368 576 conveni,
392 501 520 580 Pragam
542 503 643 564 sedem
665 503 755 581 elegi,
779 504 808 563 id
831 504 957 582 tandem,
982 506 1047 568 Deo
1062 505 1130 586 0pt.
1146 510 1285 585 Maximo,
1309 513 1360 587 qni
1381 513 1507 570 mentem
1529 513 1576 568 irr-

231 593 414 668 ¹spiraverat,
450 591 623 652 desiderium
651 593 754 668 ingens
778 598 965 668 excitaverat,
990 600 1080 656 vitam
1103 601 1189 658 etiam
1217 606 1247 658 et
1270 601 1345 658 vires
1374 600 1482 674 ingenii
1506 615 1576 674 pro·

234 686 355 756 rogante
378 679 533 756 mediaque
547 691 642 740 cetera
664 698 715 757 per
731 680 852 739 duorum
866 680 1078 758 Imperatorum
1096 685 1240 763 hujusque
1256 688 1422 766 provinciae
1438 684 1576 745 Austriae

235 764 477 842 snpr-Antsanae
506 767 662 826 Procerum
693 766 899 828 liberalitatem
928 771 1148 848 suppeditante,
1183 773 1333 832 defunctus
1366 775 1446 849 prius
1475 780 1572 833 astro·

234 846 521 934 nomicaprovincia
544 861 683 930 quantum
699 853 871 930 sufficiebat,
895 857 1021 932 tandem,
1044 861 1172 934 inquam,
1195 863 1223 918 in
1239 859 1334 919 lucem
1348 859 1455 938 protuli
1472 878 1576 937 supra-

235 959 291 1018 que
316 959 402 1018 quern
432 959 548 1019 sperare
578 959 706 1016 unquam
728 946 809 1022 potui
841 946 1022 1003 verissimum
1051 945 1241 1023 deprehendi,
1271 954 1362 1006 totam
1394 948 1576 1008 harmonicas

234 1039 381 1102 naturam,
413 1038 635 1111 quantaquanta
656 1039 716 1102 est,
749 1025 813 1088 c'um
837 1033 972 1090 omuibus
994 1037 1053 1092 suis
1077 1037 1209 1110 partibus
1237 1035 1311 1094 libro
1333 1034 1389 1093 Ill.
1413 1035 1574 1111 explicatis,

234 1119 308 1176 inter
329 1127 426 1177 motus
450 1117 592 1177 coelestes
614 1119 747 1194 reperiri;
775 1135 833 1176 non
857 1135 891 1178 eo
922 1119 1038 1195 quidem
1060 1121 1166 1200 modo,
1198 1141 1285 1200 quem
1308 1140 1362 1198 ego
1389 1139 1576 1200 conceperam

234 1207 330 1264 animo
354 1202 437 1287 (pars
459 1205 532 1265 haec
555 1213 679 1263 estnon
701 1211 849 1280 postrema
870 1210 927 1264 mei
950 1204 1084 1290 gandii),
1108 1209 1161 1269 sed
1176 1209 1373 1270 diversissimo
1390 1209 1447 1268 alio
1471 1210 1574 1268 simul-

234 1310 291 1369 que
314 1301 343 1352 et
364 1295 612 1370 praestantissimo
636 1299 665 1351 et
687 1291 904 1368 perfectissimo.
946 1295 1083 1358 Accessit
1099 1295 1154 1356 hoc
1169 1296 1339 1357 intermedio
1355 1304 1493 1375 tompore,
1517 1295 1575 1373 quo

233 1397 279 1439 me
303 1397 475 1458 suspensum
498 1381 592 1439 tenuit
613 1387 744 1438 motuum
767 1383 910 1440 restitutio
933 1379 1172 1458 laboriosissima,
1196 1388 1385 1463 praecipuum
1409 1392 1438 1443 et
1460 1381 1575 1461 eupidi-

234 1471 303 1527 tatis
325 1486 406 1528 meae
429 1470 637 1528 incrementum
660 1477 689 1526 et
710 1467 852 1543 propositi
875 1470 1103 1544 incitamentum,
1127 1473 1214 1532 lectio
1237 1470 1480 1531 Harmonlcorum
1503 1471 1576 1530 Pto·

233 1555 351 1629 lernaei,
386 1573 463 1632 quae
493 1559 691 1631 manuscripta
717 1554 789 1612 milri
815 1559 974 1616 transmisit
1002 1560 1048 1616 vir
1077 1561 1198 1619 eximius
1232 1560 1328 1636 adque
1358 1559 1575 1636 philosophiam

234 1661 377 1720 omneque
400 1643 474 1704 adeo
498 1660 589 1720 genus
613 1642 781 1701 eruditionis
804 1646 1035 1718 promovendum
1053 1655 1148 1718 natus,
1171 1646 1324 1708 Johannes
1340 1645 1485 1724 Georgius
1498 1647 1576 1705 Her-

230 1731 358 1806 wardus,
382 1731 528 1792 Bavariae
551 1729 760 1801 cancellarius,
783 1731 834 1788 ubi
856 1739 970 1808 praeter
985 1735 1232 1811 exspectationem
1254 1741 1283 1794 et
1297 1751 1411 1793 summa
1433 1752 1498 1793 curn
1520 1733 1576 1792 ad·

233 1821 385 1879 miratione
407 1820 507 1878 inveni
529 1825 622 1876 totum
645 1821 703 1876 lere
724 1815 831 1876 librum
848 1817 910 1894 ejus
934 1822 1050 1879 tertium
1073 1823 1102 1878 in
1117 1822 1220 1882 eadem
1235 1822 1480 1898 contemplatione
1505 1821 1574 1879 har-

230 1910 345 1966 moniae
368 1905 506 1966 coelestis
530 1908 687 1964 insumtom
709 1905 871 1964 autemille
894 1917 923 1966 et
946 1911 1121 1984 quingentos
1137 1925 1238 1970 annos.
1285 1909 1393 1969 Verum
1415 1909 1446 1968 id
1469 1911 1574 1968 aetatis

229 1993 353 2054 multum
376 1993 472 2054 adhuc
497 1992 597 2052 deerat
618 1995 812 2053 astronomiae
834 1996 987 2070 potuitque
1011 1994 1207 2071 Ptolemaeus,
1231 2013 1260 2056 re
1277 1996 1428 2056 infeliciter
1450 2002 1573 2070 tentata,

231 2082 462 2158 desperationem
489 2080 554 2139 aliis
585 2079 728 2155 objicere,
757 2087 791 2138 ut
817 2079 867 2155 qui
896 2099 961 2140 cum
983 2083 1119 2159 Scipione
1143 2083 1334 2144 Ciceroniana
1363 2085 1460 2162 potius
1481 2099 1573 2143 suave
1609 2151 1610 2156 η

231 2169 377 2246 quoddam
401 2171 544 2228 somnium
566 2165 795 2244 Pythagoricum
817 2169 970 2242 recitasse,
1000 2179 1089 2248 quarn
1112 2171 1327 2250 philosophiam
1353 2172 1504 2248 adjuvisse
1528 2173 1574 2229 vi-

231 2256 360 2331 deretur;
384 2266 415 2314 at
437 2273 483 2317 me
506 2270 572 2313 cum
594 2253 645 2314 illa
668 2257 775 2313 veteris
798 2259 994 2316 astronomiae
1017 2258 1142 2332 ruditas,
1167 2267 1229 2318 tum
1251 2259 1298 2318 hic
1320 2261 1383 2336 ipse
1403 2258 1573 2322 meditatio-

229 2361 299 2402 num
323 2346 473 2419 utriusque
497 2361 533 2401 ex
556 2341 721 2418 quindecim
744 2342 907 2402 seculorum
931 2345 1087 2406 intervallo
1110 2363 1267 2407 consensus
1295 2345 1334 2406 ad
1358 2349 1497 2405 amussim
1520 2364 1573 2405 ex-

231 2439 321 2504 actus,
347 2431 531 2491 vehementer
555 2429 737 2488 confirmavit
759 2432 788 2486 in
812 2431 942 2506 urgendo
965 2437 1126 2510 proposito.
1171 2435 1247 2494 Nam
1270 2435 1339 2509 quid
1361 2434 1460 2494 multis
1477 2433 1573 2512 opus?
1607 2439 1611 2454 '

230 2517 298 2596 Ipsa
321 2536 416 2577 rerum
437 2525 541 2576 natura
563 2534 627 2576 sese
649 2517 795 2593 proditum
818 2519 882 2577 ibat
904 2519 1070 2580 hominibus
1098 2537 1149 2600 per
1172 2522 1303 2582 diversos
1332 2521 1502 2581 distantium
1524 2539 1573 2581 se·

231 2605 360 2664 culorum
384 2609 564 2684 interpretes,
587 2603 695 2680 digitus
720 2605 774 2663 Dei
798 2614 879 2678 erat,
903 2615 934 2666 ut
956 2625 1021 2666 cum
1042 2607 1186 2674 Hebraeis
1208 2610 1321 2686 loquar,
1346 2609 1394 2670 hie
1417 2612 1445 2667 in
1469 2611 1573 2668 animis

231 2692 370 2767 duorum,
399 2695 449 2768 qni
479 2709 511 2752 se
539 2700 616 2751 totos
646 2692 884 2770 contemplationi
906 2703 1028 2756 naturae
1052 2696 1246 2771 dedidissent,
1279 2697 1314 2757 de
1345 2697 1573 2758 conformatione

230 2780 329 2839 mundi
353 2787 510 2857 conceptus
534 2779 626 2852 idem,
656 2795 721 2838 cum
744 2789 844 2840 neuter
866 2779 949 2841 alteri
972 2783 1030 2841 dnx
1053 2784 1157 2844 luisset
1185 2785 1302 2844 adhoc
1325 2787 1378 2845 lter
1405 2783 1573 2860 ingredien-

230 2867 307 2928 dum.
352 2867 420 2928 Jam
443 2877 598 2946 postquam
625 2886 644 2925 a
665 2870 813 2926 mensibus
837 2868 997 2928 octodecim
1026 2873 1118 2947 prima
1139 2871 1204 2946 lun,
1236 2874 1368 2932 atribus
1400 2872 1461 2931 dies
1481 2872 1572 2947 justa,

230 2973 249 3015 a
271 2958 454 3033 paucissimis
479 2971 548 3014 vero
572 2953 675 3014 diebus
697 2953 748 3014 Sol
772 2957 834 3032 ipse
857 2973 955 3028 merus,
976 2956 1072 3017 illuxit
1096 2960 1348 3038 contemplationis
1377 2957 1573 3018 admirabilis-

230 3043 329 3116 simae,
352 3043 423 3102 nihil
446 3061 492 3102 me
515 3044 629 3116 retinet,
650 3040 733 3101 lubet
754 3042 904 3119 indulgere
927 3061 1009 3104 sacro
1025 3045 1124 3121 lurori,
1147 3048 1229 3107 lubet
1247 3047 1385 3106 insultare
1400 3046 1572 3106 mortalibus

200 3193 205 3202 ,
230 3131 411 3190 consessione
434 3133 574 3206 ingenua,
605 3146 652 3190 me
673 3145 747 3188 vasa
769 3147 858 3190 aurea
881 3135 1094 3208 Aegyptiorum
1116 3136 1219 3208 iurari,
1243 3145 1276 3195 ut
1298 3134 1362 3195 Deo
1385 3151 1450 3194 meo
1473 3134 1572 3193 taber·

230 3218 367 3278 naculum
399 3236 434 3278 ex
466 3221 503 3276 iis
536 3225 718 3290 construam,
750 3215 919 3294 longissime
953 3221 990 3279 ab
1023 3221 1150 3298 Aegypti
1183 3222 1298 3281 finibus.
1344 3222 1376 3281 Si
1408 3223 1571 3300 ignoscitis,

230 3306 378 3385 gaudebo,
400 3307 424 3364 si
446 3305 632 3377 succensetis,
656 3303 759 3380 ierem,
779 3305 859 3381 jacio
882 3323 917 3366 en
941 3309 1036 3368 aleam
1059 3309 1221 3385 librumque
1240 3310 1336 3369 scribo
1358 3325 1410 3368 seu
1432 3325 1572 3385 praesen·

231 3395 308 3453 tibus
331 3411 382 3453 sen
405 3396 529 3470 posteris
551 3391 732 3470 legendum,
754 3394 823 3452 nihil
848 3396 980 3468 interest,
1010 3405 1157 3474 exspectet
1178 3396 1230 3456 ille
1252 3415 1337 3456 suum
1361 3395 1498 3455 lectorem
1521 3413 1572 3471 per

230 3499 322 3540 annos
345 3489 478 3557 eentum,
508 3482 534 3540 si
556 3480 637 3540 Deus
659 3481 722 3557 ipse
752 3499 803 3558 per
825 3498 967 3542 annorum
989 3499 1061 3554 seua
1083 3484 1176 3543 millia
1205 3483 1462 3560 contemplatorem
1485 3499 1571 3560 prae-

229 3569 353 3628 stolatus
368 3577 423 3629 est

583 3769 722 3847 Capita
749 3769 862 3846 buius
889 3768 982 3828 libri
1009 3778 1099 3830 sunt
1124 3773 1218 3830 ista:

341 3923 360 3980 l.
381 3923 422 3977 De
441 3921 558 3992 quinque
576 3922 669 3978 solidis
686 3921 780 3989 figuris
799 3921 977 3989 regularibus.

325 4003 360 4057 11.
378 4002 420 4056 De
438 4003 599 4070 cognatione
617 4015 679 4056 cum
696 4001 729 4054 iis
747 4001 952 4069 proportionum
971 4003 1195 4058 harmonicorum.

313 4080 362 4137 111.
381 4081 490 4136 Summa
508 4080 647 4134 doctrinae
660 4079 864 4147 astronomicae,
883 4081 1036 4136 necessaria
1053 4080 1088 4136 ad
1104 4081 1356 4151 contemplationem
1370 4081 1570 4139 harmoniarum

227 4159 393 4216 coelestium.

313 4239 358 4294 iv.
378 4239 482 4307 Quibus
505 4235 631 4292 iurabas
656 4235 690 4292 ad
708 4235 877 4305 planetarum
894 4243 984 4292 motus
1008 4239 1207 4305 pertinentibus
1232 4253 1377 4308 expressae
1395 4238 1449 4292 sint
1465 4239 1571 4295 harmo-

226 4318 288 4372 niae
306 4317 442 4386 simplices
462 4324 489 4372 et
507 4315 580 4386 quod
599 4331 691 4370 omnes
710 4316 772 4370 illac
790 4317 817 4370 in
836 4315 912 4370 coelo
930 4318 1113 4385 reperiantur,
1133 4323 1202 4385 quae
1224 4318 1251 4372 in
1270 4323 1352 4372 cantu
1370 4317 1471 4374 insunt.

312 4398 343 4452 V.
364 4395 460 4451 (lieres
479 4395 568 4451 scalae
585 4395 717 4458 musicae,
741 4410 790 4449 sea
808 4394 868 4449 loca
887 4396 1055 4467 systematis,
1079 4403 1106 4451 et
1124 4411 1225 4467 genera
1243 4393 1455 4465 harmoniarum,
1475 4395 1570 4452 durum

227 4483 254 4532 et
270 4475 367 4546 molle,
387 4492 403 4530 a
420 4475 501 4530 eertis
518 4469 640 4530 motibus'
654 4487 784 4542 expressa
801 4489 872 4532 esse.
1492 4527 1496 4540 ,

313 4553 359 4608 Vl.
378 4553 471 4608 Tonos
489 4569 537 4608 seu
556 4553 650 4608 modos
668 4553 787 4608 musicos
806 4551 928 4623 singulos
948 4552 1146 4619 quodammodo
1166 4553 1309 4623 asingulis
1319 4553 1435 4622 planetis
1448 4551 1569 4622 exprimi.
1660 4607 1661 4610 ,

311 4631 371 4687 vn.
393 4633 594 4702 Contrapuucta
611 4647 660 4688 seu
677 4631 832 4686 harmonias
851 4628 1017 4686 uuiverssdes
1036 4632 1153 4686 omnium
1173 4632 1343 4701 planetarum
1367 4647 1466 4702 easque
1484 4631 1569 4688 direr-

226 4729 284 4782 eas,
303 4712 382 4766 aliam
401 4711 506 4766 scilicet
523 4727 557 4765 ex
576 4711 640 4781 alia,
661 4713 777 4768 existere
795 4725 884 4782 posse.

313 4789 385 4846 VIII.
402 4789 436 4844 In
448 4789 565 4859 planetis
574 4805 717 4859 expressas
727 4802 788 4845 esse
796 4794 907 4845 naturas
916 4785 1032 4859 quatuor
1041 4804 1145 4862 vocum,
1158 4790 1281 4863 dicanti,
1293 4789 1351 4858 alti,
1365 4793 1476 4861 tenoris,
1485 4789 1569 4850 hassi.
