3732 5528
317 329 382 392 864
831 324 979 382 Ptolemaei
991 324 1145 386 Eumenia

313 501 423 570 quidem
441 501 557 572 partium
576 499 669 557 circuli
694 517 743 570 per
760 499 860 568 figurae
877 501 1040 570 geometrice
1056 501 1150 570 divim
1175 499 1257 556 ammi
1275 513 1338 554 vero
1362 504 1427 554 sant
1450 513 1505 554 non
1529 498 1594 554 nudi
1611 515 1660 556 na·

313 583 393 649 meri,
419 581 468 636 sed
486 580 579 636 circuli
597 580 706 648 quidam
723 580 900 650 potentiales,
922 581 1004 650 idque
1022 581 1187 649 formaliter,
1212 593 1262 636 sen
1283 577 1374 648 potius
1395 577 1527 656 imagines
1546 577 1609 648 Dei,
1633 577 1661 631 in

253 736 261 760 Ι
314 675 369 729 quo
386 658 481 718 circuli
499 658 696 726 ideaacterna.
732 659 800 716 Vide
820 660 866 717 lib.
884 661 928 716 1v.
946 676 1003 731 cap.
1021 662 1047 718 8.

847 945 987 1028 CAPUT
1015 944 1129 1026 lllll.¹'

377 1119 422 1174 De
446 1117 675 1176 similitudine
699 1119 847 1190 perlecti
870 1119 1114 1190 systematisll)
1136 1135 1207 1174 cum
1230 1117 1363 1174 circulo
1384 1133 1444 1189 per
1466 1116 1602 1172 medinm

901 1222 1074 1276 signorum.

411 1369 641 1432 Familiaritstes
670 1373 758 1449 igitur
788 1372 951 1432 animorum
978 1367 1170 1430 humanorum
1198 1387 1264 1430 cum
1294 1369 1471 1430 harmonicis
1506 1387 1558 1446 per
1587 1370 1661 1431 bac-

315 1463 399 1516 tenus
422 1458 501 1518 dicta
523 1459 608 1520 nobis
631 1460 669 1520 ob
694 1459 796 1519 oculos
817 1461 931 1536 positae
954 1455 1107 1534 sunto111);
1137 1459 1274 1518 inventae
1304 1465 1373 1516 sunt
1395 1459 1490 1532 enirn,
1520 1465 1553 1517 ut
1577 1475 1660 1518 com·

313 1543 421 1620 pendio
444 1547 622 1624 complectet
644 1550 751 1622 omnia,
776 1546 1019 1606 identisonantiae
1043 1553 1072 1604 et
1086 1548 1296 1605 consonantiae
1310 1561 1363 1622 per
1377 1545 1530 1622 primarias
1546 1547 1661 1606 animae

314 1639 412 1710 partes
436 1632 621 1708 distributae,
646 1635 756 1694 formae
779 1651 848 1693 sero
871 1641 1008 1692 cantuum
1030 1649 1082 1710 per
1104 1635 1211 1692 termas
1228 1629 1436 1710 virtutum¹V);
1460 1635 1502 1691 sic
1525 1631 1663 1693 differen-

315 1722 375 1779 tiae
398 1722 476 1780 circa
497 1720 747 1781 tetrachordorum
770 1737 877 1798 genera
900 1721 1055 1796 generibus
1077 1722 1217 1779 virtutum
1240 1717 1382 1797 dignitate
1408 1727 1438 1779 et
1459 1719 1661 1796 magnitudine

315 1805 573 1884 cinerescentia
606 1816 635 1868 et
656 1809 861 1869 translationes
893 1807 928 1866 de
953 1815 1022 1868 tono
1049 1804 1079 1865 in
1109 1815 1212 1866 tonum
1245 1807 1455 1867 mutationibus
1487 1823 1599 1867 morum
1632 1811 1661 1867 in

315 1897 533 1956 occurrentibus
565 1897 645 1957 vitae
674 1897 898 1956 circumstantiis
929 1902 997 1954 sunt
1026 1903 1222 1972 comparatae.
1273 1895 1391 1968 Restat,
1422 1902 1453 1954 ut
1483 1893 1540 1954 hoc
1570 1897 1660 1956 etiam

315 1973 531 2058 confirmemus,
562 1983 731 2044 coelestium
754 1985 969 2062 suppositiones
999 1983 1035 2044 ed
1062 1984 1265 2060 proportiones
1288 1983 1472 2044 harmonicas
1501 2000 1566 2042 esse
1589 2001 1661 2044 con-

314 2067 514 2148 iormatasw).
560 2069 618 2134 Ubi
641 2075 758 2150 gemina
782 2075 830 2132 via
854 2069 1028 2146 incedemus,
1052 2089 1111 2134 una
1126 2073 1280 2144 communi,
1304 2069 1340 2132 de
1355 2065 1490 2131 omnibus
1506 2077 1558 2136 aut
1572 2089 1661 2147 quam

314 2159 464 2238 plurimie3
488 2159 581 2220 altera
603 2160 758 2237 singulari,
773 2160 819 2220 'de
843 2158 964 2234 singulis
987 2175 1102 2230 eornm,
1132 2176 1208 2236 quae
1229 2158 1427 2236 particulatim
1450 2158 1662 2234 comprehensa

315 2243 459 2326 suntin).
504 2245 634 2308 Priorem
666 2255 694 2307 et
717 2263 899 2307 communem
921 2247 988 2306 hinc
1011 2246 1171 2321 ordicmor3
1201 2245 1287 2324 qnod·
1304 2248 1379 2320 enim
1409 2247 1492 2304 initio
1516 2245 1661 2320 videmus,

314 2335 380 2395 sola
406 2334 586 2396 interpellari
615 2339 744 2395 motione
774 2343 803 2395 et
831 2349 919 2393 sonos
948 2337 1115 2410 pertransiri
1138 2334 1313 2410 absolrique
1344 2340 1374 2393 et
1403 2331 1535 2392 similiter
1562 2341 1661 2392 motus

315 2421 457 2484 coelestes
480 2421 599 2497 locales,
623 2425 665 2482 elc
687 2431 720 2482 ut
742 2422 854 2482 nullam
876 2421 928 2480 illa
949 2421 1132 2482 alterativam
1155 2423 1346 2481 mutationem
1360 2421 1542 2481 substantiae
1561 2439 1660 2481 aecum

314 2511 421 2581 trabat,
445 2527 482 2570 ea
503 2513 572 2588 ipse
595 2526 626 2571 rc
649 2509 792 2570 eriineitur
815 2508 1029 2586 quodammodo
1052 2505 1316 2587 propositurum).

404 2598 535 2657 Alterum
558 2605 761 2675 argumentum
785 2597 842 2656 boc
865 2605 917 2670 est,
941 2597 1018 2673 qnod
1042 2605 1071 2656 et
1093 2595 1263 2657 coelestium
1287 2613 1439 2674 corpomm
1462 2593 1661 2656 revolutiones

316 2700 416 2745 omnes
440 2685 594 2746 circulares
617 2693 685 2744 sunt
706 2693 736 2744 et
758 2683 911 2744 ordinatae
933 2683 1150 2762 regularesque,
1171 2692 1200 2744 et
1222 2691 1414 2764 systematum
1427 2683 1661 2744 harmonicorum

316 2771 517 2846 absolutiones
547 2771 869 2850 redintegrationesque
900 2771 1031 2832 similiter
1053 2767 1221 2851 hebentss).
1266 2772 1341 2833 Nem
1369 2773 1423 2831 etsi
1450 2775 1582 2836 extensio
1614 2789 1661 2831 or-

316 2857 486 2936 dinatioque
509 2877 646 2920 sonorum
670 2861 700 2918 in
723 2867 804 2919 recta
825 2861 906 2922 linea
929 2857 1019 2920 veluti
1043 2859 1198 2922 succedere
1221 2857 1335 2920 videtur
1349 2855 1396 2939 X),
1428 2869 1460 2918 at
1481 2860 1610 2940 iacqltaa
1633 2868 1662 2919 et

315 2944 394 3024 quod
417 2947 481 3006 soni
505 2955 582 3006 certo
605 2946 693 3008 modo
716 2955 785 3008 sunt
812 2950 887 3008 inter
909 2965 941 3008 se
963 2950 1122 3024 comparati
1146 2943 1212 3030 (qui
1235 2945 1339 3008 modus
1368 2950 1497 3025 ipsorum
1526 2950 1662 3025 proprius

316 3037 375 3112 est)
398 3032 604 3096 determinatur
627 3044 656 3098 ct
679 3037 885 3111 constringitur
913 3037 944 3092 in
965 3051 1055 3095 nuum
1078 3033 1260 3112 umdemque
1283 3037 1434 3096 circuitum
1465 3033 1503 3094 ad
1526 3052 1659 3095 nonnam

314 3123 453 3182 motionis
476 3121 690 3204 circularium),
722 3125 784 3182 acsi
805 3141 842 3184 ne
872 3125 918 3182 eui
947 3121 1064 3198 quidem
1087 3124 1258 3200 principium
1289 3122 1408 3200 aliquod
1431 3130 1536 3184 natura
1566 3122 1661 3197 detur,

315 3209 366 3272 sed
389 3211 535 3287 positione
558 3212 652 3271 solnm
676 3217 842 3270 assumatur
863 3210 938 3270 aliae
961 3207 1057 3284 aliud,
1087 3212 1119 3268 in
1140 3209 1221 3271 locos
1248 3210 1349 3271 ordine
1379 3209 1567 3271 succedentes
1591 3227 1662 3288 pro·

315 3301 468 3376 gressnris.
513 3298 583 3360 Sive
613 3317 683 3376 ergo
716 3299 783 3374 quis
814 3298 952 3358 circubrm
983 3299 1131 3375 signorum
1161 3299 1264 3359 mentis
1290 3299 1499 3374 lmag'natione
1528 3307 1610 3359 secet
1632 3300 1660 3356 in

315 3386 455 3446 alterutro
477 3395 650 3464 punctorum
681 3385 942 3462 aequinoctialium
968 3392 998 3445 et
1019 3384 1112 3445 veluti
1134 3385 1309 3463 explicatum
1340 3387 1428 3461 inque
1456 3385 1576 3462 longum
1608 3403 1660 3445 cx·

317 3483 431 3534 tensum
454 3475 582 3553 applicet
605 3475 757 3553 systemati
781 3475 910 3550 perlecto
933 3472 1121 3550 disdiapason
1150 3473 1310 3533 secundum
1332 3471 1470 3550 aequales
1497 3472 1661 3548 longitudi-

316 3579 384 3636 nes,
404 3569 547 3638 punctum
570 3561 693 3622 alterum
716 3561 949 3637 aequinoctiale,
979 3561 1007 3617 in
1032 3578 1090 3637 qno
1113 3563 1203 3626 sectio
1232 3577 1287 3618 non
1312 3569 1357 3620 est
1379 3561 1472 3634 lacta,
1500 3561 1610 3628 incidet
1632 3563 1660 3618 in

316 3667 432 3722 mesen3
462 3658 492 3708 at
521 3650 620 3710 circuli
649 3652 720 3710 secti
744 3653 886 3710 terminus
916 3649 988 3708 alter
1010 3648 1039 3708 in
1059 3649 1386 3726 proslambanomenon,
1415 3647 1494 3724 alter
1516 3649 1544 3704 in
1573 3657 1659 3708 neten

317 3735 551 3816 hyperbolaeon;
578 3738 642 3798 sire
665 3755 681 3798 e
705 3740 851 3798 contrario
879 3745 1008 3816 systema
1030 3733 1218 3813 disdiapason
1249 3737 1278 3794 in
1299 3735 1437 3795 circulum
1467 3743 1660 3812 contorqueas

318 3830 475 3903 potestate,
499 3833 530 3884 et
551 3827 696 3902 coaptatis
720 3826 847 3886 invicem
870 3831 937 3884 nete
959 3823 1176 3900 hyperbolaeon
1201 3829 1231 3884 et
1251 3821 1563 3900 proslambanomenon
1588 3822 1660 3882 duos

202 3971 207 3978 .
315 3915 429 3973 sonitus
445 3913 475 3970 in
489 3929 579 3972 unum
594 3912 751 3989 redegeris,
775 3915 845 3972 unio
868 3911 942 3971 baec
964 3909 1171 3970 diametreliter
1187 3909 1304 3987 quidem
1318 3917 1482 3988 opponetur
1501 3912 1558 3986 ipsi
1572 3927 1658 3984 mese,

315 4017 409 4061 nesus
431 4000 487 4060 iste
515 4004 569 4060 erit
593 4016 663 4059 sero
687 3998 843 4077 adipeam
871 3997 1050 4058 concordans
1081 3999 1110 4054 in
1133 3997 1296 4058 identisono
1321 3997 1460 4078 diapason
1469 3993 1539 4079 ΧΠ).
1584 3997 1659 4073 Quin

265 4083 267 4088 ’
316 4089 405 4149 etiam
427 4087 483 4147 hac
506 4089 556 4147 ria
577 4086 773 4162 probabilitas
796 4087 885 4162 hujus
907 4086 1133 4160 comparationis
1156 4086 1311 4158 stabilitur,
1334 4084 1411 4162 qnod
1433 4101 1493 4145 non
1516 4085 1661 4145 absimilia

317 4178 490 4252 contingunt
512 4175 692 4252 oppositioni
717 4168 882 4235 diametrali
905 4174 934 4230 in
958 4171 1065 4231 circulo
1088 4174 1137 4247 iis',
1169 4191 1244 4250 quae
1267 4176 1343 4232 clrca
1364 4171 1505 4250 diapason
1532 4173 1660 4233 accidere

317 4263 580 4324 demonstravimus
589 4259 669 4336 ¹¹¹¹).
713 4260 790 4320 Nam
819 4263 848 4320 ln
873 4261 1057 4336 oppositione
1088 4259 1340 4338 comprehenditur
1367 4263 1443 4321 ratio
1470 4259 1562 4337 dupla
1590 4253 1661 4319 inter

316 4347 410 4408 totum
440 4349 580 4411 circulum
611 4356 641 4409 et
673 4349 886 4410 semicirculum
896 4343 975 4426 ΧΠ),
1012 4346 1229 4426 plurimumque
1261 4347 1446 4422 aequalitatis
1478 4363 1548 4426 prae
1583 4355 1661 4409 cete-

317 4433 436 4510 ris1V),
470 4449 499 4497 et
529 4435 609 4514 quod
645 4453 697 4514 per
727 4447 858 4508 centrum
888 4435 987 4494 circuli
1017 4452 1075 4494 una
1097 4436 1161 4496 sola
1190 4435 1330 4496 diameter
1358 4437 1521 4496 necessario
1545 4435 1660 4508 incedit,

319 4538 397 4597 quae
419 4525 513 4599 prima
535 4533 691 4586 causaest
714 4526 903 4602 aequalitatis
927 4519 1125 4598 ugonem),
1149 4523 1286 4600 quodque
1309 4540 1383 4599 qnae
1405 4523 1491 4584 aliter
1505 4523 1661 4586 traducun-

317 4617 381 4682 tur,
410 4610 463 4668 etsi
488 4613 748 4672 circumferentiam
778 4621 869 4674 totam
899 4613 928 4668 in
951 4618 1137 4687 quotcunque
1162 4619 1261 4688 partes
1291 4609 1430 4686 aequales
1453 4609 1600 4685 dividant,
1631 4616 1662 4668 at

317 4712 376 4754 non
406 4697 450 4754 sic
472 4705 502 4756 et
523 4706 616 4758 totum
648 4699 785 4776 planum,
820 4701 959 4760 diameter
989 4715 1059 4758 vero
1087 4707 1117 4758 et
1138 4699 1398 4758 circumferentiam
1430 4707 1460 4758 et
1479 4698 1598 4776 planum
1620 4698 1662 4756 si·

317 4780 522 4864 millium).
566 4785 644 4847 Hine
666 4798 719 4863 est,
743 4787 823 4865 quod
846 4787 1092 4863 configurationes
1106 4793 1249 4846 asnorum
1263 4785 1376 4847 round
1391 4785 1576 4849 diametrslcs
1590 4788 1680 4844 inter,
