3732 5528
310 339 372 398 aaa
422 317 427 322 ¹
777 329 941 401 appendicis
958 330 1182 388 Harmonicorum

309 512 383 572 hacc
406 511 535 572 efficacia
557 512 587 570 in
609 517 741 571 naturam
763 509 950 570 sublunarem
963 509 1092 586 majoris
1114 520 1158 571 εει
1174 525 1290 588 operae,
1313 527 1400 587 quam
1416 527 1493 587 quae
1516 529 1535 570 a
1557 527 1656 571 erasm

310 605 386 674 altre,
410 617 496 675 quem
519 607 577 660 tam
599 598 685 659 lacile
708 597 887 658 excludimus
911 599 949 658 ab
972 598 1123 678 inanibus,
1146 601 1288 676 praestari
1311 601 1412 676 possit.

397 684 489 760 Unde,
511 688 615 763 pergis,
649 689 694 745 ris
717 684 911 756 radiationum
934 695 977 745 ert
999 689 1029 743 in
1053 686 1144 746 aiire‘l
1189 683 1273 746 Unde
1296 687 1393 762 inquis
1417 685 1536 746 inesse?
1580 685 1656 744 Num

312 791 348 834 cx
371 789 416 849 eo,
439 773 518 851 quod
540 773 675 852 planetae
698 772 838 834 coelestes
862 775 987 832 animam
1012 771 1117 833 aSole
1141 774 1311 850 accipiunt?
1355 773 1391 831 ld
1413 776 1489 832 enim
1512 773 1658 832 antehoc

309 861 391 920 orode
413 862 518 938 legitur
540 866 569 918 in
592 869 643 920 tua
665 863 804 920 oratione.
851 863 941 937 Atqui
965 860 1037 918 nihil
1060 877 1134 938 opus
1159 871 1204 922 εει
1226 861 1352 938 planetis
1376 863 1488 934 anima,
1520 877 1581 937 qna
1602 877 1657 922 nc·

309 951 440 1026 gotiantc
463 949 707 1008 radiatiosuassin
730 947 820 1008 Terra
842 950 1028 1008 formatarum
1050 951 1098 1008 vis
1121 951 1223 1008 veniat
1250 951 1279 1005 in
1304 953 1409 1008 adrem.
1455 948 1531 1008 Nam
1553 949 1577 1006 si
1600 949 1657 1008 hoc

309 1045 395 1108 osset,
419 1036 471 1094 illa
492 1036 675 1112 planetarum
698 1038 797 1094 anima
819 1052 885 1094 cum
907 1035 1117 1096 radiationibus
1139 1039 1211 1114 ipsis
1233 1039 1288 1096 iter
1314 1035 1434 1099 haberet
1457 1038 1655 1096 necessarium

318 1126 345 1180 in
371 1123 476 1182 Terras
505 1133 626 1200 ιειιιιι.Ι
654 1124 746 1200 Atqui
769 1123 826 1182 hoc
856 1123 916 1182 lieri
940 1141 997 1182 non
1024 1131 1129 1200 potest
1175 1122 1264 1183 Nulla
1288 1125 1362 1184 enim
1394 1131 1436 1181 εει
1465 1125 1510 1182 via
1532 1126 1566 1182 in
1588 1127 1658 1182 octe

313 1209 543 1285 sedictionem,
565 1213 621 1270 nisi
645 1209 762 1287 quando
785 1212 961 1286 geometrica
983 1210 1083 1288 aliqua
1106 1212 1292 1270 conformitas
1325 1213 1353 1268 in
1377 1221 1498 1287 aspectu
1529 1227 1581 1270 seu
1603 1228 1659 1268 an·

313 1297 383 1374 quio
408 1299 542 1361 binarum
569 1298 764 1360 radiationum
794 1307 838 1358 est
865 1297 1033 1375 spectanda.
1077 1297 1144 1359 Hoc
1173 1315 1241 1358 vero
1276 1300 1342 1374 quis
1362 1299 1562 1357 internuncius
1590 1297 1657 1358 hinc

308 1404 327 1444 a
350 1385 447 1445 Terris
465 1402 562 1462 ,usqae
585 1385 622 1444 ad
645 1385 803 1445 Saturnum
827 1393 856 1444 ct
877 1384 985 1445 dorem
1009 1385 1131 1456 indicet,
1160 1386 1282 1445 atinde
1306 1387 1419 1446 animas
1442 1385 1490 1445 rei
1512 1385 1655 1462 cujusque

310 1491 403 1548 auam,
427 1473 475 1534 rel
497 1475 648 1550 utriusque
670 1471 852 1533 communem
875 1475 903 1531 in
927 1473 1032 1533 Terras
1056 1473 1190 1548 deducat,
1215 1482 1249 1552 ιι
1271 1473 1319 1532 hic
1340 1473 1392 1532 illa
1414 1476 1476 1532 uim
1499 1478 1564 1532 adri
1585 1489 1656 1532 con-

313 1561 393 1620 ciliet
414 1577 563 1638 praesens.
608 1562 724 1621 Dixeris
745 1563 854 1639 potius,
877 1559 973 1620 lamen
997 1565 1093 1637 ipsum
1115 1561 1311 1637 planetarum,
1340 1579 1375 1620 ex
1398 1577 1458 1636 quo
1480 1559 1656 1620 radiaticnes

310 1657 453 1724 constant,
476 1649 552 1708 hanc
575 1664 639 1708 csse
662 1651 804 1723 animam,
828 1652 903 1707 sicut
926 1656 1013 1708 antea
1035 1659 1165 1713 nostrum
1188 1649 1266 1707 hunc
1288 1653 1386 1708 adrem
1407 1649 1501 1706 iecisti
1524 1650 1656 1725 spiritum

310 1740 425 1796 atrimae
447 1735 557 1798 mundi.
601 1735 676 1795 Mihi
699 1739 797 1796 omn-ia
819 1736 978 1796 succedunt
999 1737 1123 1811 facilius,
1146 1734 1315 1796 iacultatem
1332 1737 1460 1811 aliquam
1476 1736 1656 1811 spiritualem

309 1825 338 1882 in
362 1823 452 1884 Tarra
474 1824 601 1903 ponenti.

397 1911 504 1973 Terrae
528 1914 655 1972 animam
683 1911 755 1970 dicis
784 1913 882 1989 potius
905 1923 969 1971 case
999 1913 1036 1970 ab
1066 1915 1132 1972 aire
1161 1919 1190 1971 ct
1221 1913 1252 1969 in
1284 1915 1368 1990 ac'rc,
1400 1927 1488 1986 quam
1522 1917 1555 1968 ot
1576 1913 1652 1970 adria

147 1981 158 1994 ”
236 2016 237 2020 ’
310 2007 407 2059 motus
430 2017 448 2059 a
470 1999 577 2059 Terrae
591 2003 697 2066 anima
717 1999 884 2076 procedant.
928 1999 1114 2076 Nonpugno,
1139 2001 1207 2075 quin
1224 2000 1283 2060 imo
1305 2001 1348 2058 sic
1369 1998 1486 2074 publice
1507 1997 1652 2075 profiteor,

309 2088 403 2161 hanc,
434 2105 522 2164 quam
545 2069 627 2163 dico,
656 2087 763 2147 Terrae
786 2086 971 2162 laenitatem,
1005 2086 1139 2146 animalis
1162 2087 1300 2160 similem,
1331 2103 1383 2162 per
1405 2087 1532 2164 speciem
1555 2085 1655 2162 egredi
1711 2081 1716 2092 '

311 2177 399 2235 etiarn
421 2176 450 2233 in
473 2181 569 2236 a'erem
593 2177 796 2235 circumfusum
826 2177 924 2255 ihiquc
947 2191 999 2252 pro
1022 2191 1053 2234 re
1075 2181 1146 2240 nata
1173 2179 1292 2251 gignere
1315 2172 1458 2248 bruchus,
1490 2173 1605 2232 cicadas
1627 2181 1657 2232 ct

310 2262 369 2324 alia
391 2265 509 2322 insecta.
555 2263 595 2322 At
623 2265 810 2341 praecipuam
839 2263 881 2322 iili
912 2261 1040 2322 sedem'
1033 2279 1061 2320 ιι
1086 2266 1152 2322 aiire
1182 2279 1306 2339 ponere,
1342 2275 1481 2320 excursus
1508 2261 1635 2320 εοΙιιι
1627 2271 1658 2318 ιιι

310 2351 400 2411 Τειιι
423 2350 596 2425 concedere,
631 2351 687 2410 hoc
709 2349 829 2426 perinde
851 2349 924 2408 mihi
946 2351 1077 2424 ridetur,
1107 2366 1142 2409 ac
1165 2353 1189 2408 si
1213 2353 1278 2426 quis
1300 2349 1415 2408 animae
1438 2347 1542 2408 saitem
1565 2365 1659 2424 vege·

310 2440 399 2498 tantis
422 2441 450 2496 in
473 2439 589 2498 homine
612 2437 712 2497 sedem
732 2439 920 2516 praecipuam
940 2438 1051 2498 diceret
1075 2451 1197 2514 vapores
1220 2428 1287 2496 illos
1311 2452 1481 2514 excerpere
1505 2438 1658 2514 exspiran-

310 2535 354 2586 tes
378 2527 466 2603 inqoe
488 2526 611 2585 sinubus
635 2529 762 2602 corporis
785 2525 953 2602 haerentes,
977 2527 1028 2584 uhi
1051 2523 1203 2600 pediculos
1227 2532 1256 2585 et
1277 2523 1384 2584 similia
1406 2525 1508 2600 gignit.

399 2611 518 2690 Pergis:
554 2617 605 2672 ιιι
633 2615 725 2672 vitam
754 2611 804 2671 dat
834 2615 918 2690 aquis
950 2621 979 2672 et
1001 2621 1108 2685 terrae,
1141 2621 1170 2672 ει
1192 2612 1326 2671 omnibus
1357 2629 1394 2670 ex
1416 2613 1451 2670 iis
1477 2612 1655 2686 compositis.

313 2699 411 2759 Velim
433 2703 514 2776 scire,
538 2718 606 2758 num
630 2707 726 2760 tecum
749 2706 825 2759 stare
847 2701 1007 2759 contendes
1031 2698 1239 2760 Aristotelem?
1283 2697 1342 2757 Hic
1356 2697 1473 2774 quidem
1487 2699 1585 2757 omnia
1600 2699 1658 2756 ista

313 2786 404 2847 calori
427 2787 504 2848 Solis
526 2789 646 2862 tribuit,
671 2791 721 2846 ιιι
736 2787 793 2844 iiii
817 2789 890 2846 inter
912 2791 1104 2848 instrumenta
1125 2797 1179 2847 est
1224 2786 1261 2845 Et
1289 2803 1376 2861 quam
1407 2794 1439 2844 tu
1462 2785 1535 2844 dicis
1565 2787 1657 2843 vitam

315 2878 343 2934 in
368 2878 452 2951 aquis
475 2883 504 2935 et
526 2875 633 2934 terris?
677 2875 779 2934 Nonne
802 2878 897 2953 pisces
913 2877 1017 2934 ¹innuis
1040 2875 1111 2947 illic,
1134 2875 1182 2934 hic
1198 2873 1337 2953 plantas?
1382 2872 1445 2950 Ego
1461 2889 1531 2932 vero
1554 2889 1658 2931 vocem

313 2962 382 3021 olim
407 2964 559 3022 obscuram
584 2981 601 3020 a
624 2963 764 3038 chymicis
787 2966 845 3021 tuis
868 2963 971 3039 hausi,
994 2961 1074 3023 Solis
1090 2979 1153 3022 esse
1169 2961 1359 3035 heneficium,
1383 2977 1439 3020 non
1462 2961 1554 3032 airis,
1579 2959 1658 3035 quod

311 3067 391 3109 mare
414 3058 526 3110 scateat
547 3053 698 3122 monstris,
732 3050 809 3126 quod
833 3059 910 3110 ιειιι
927 3053 1045 3130 planias
1076 3051 1138 3109 sine
1161 3051 1286 3122 semine,
1321 3047 1400 3124 quod
1422 3048 1545 3122 lacuna,
1579 3047 1657 3106 Solis

313 3137 464 3198 ardoribus
486 3139 644 3212 tepefacta,
673 3147 778 3197 mures·
792 3138 943 3215 producat:
989 3136 1143 3213 Quomodo
1166 3140 1257 3196 vitain
1281 3135 1345 3195 aliis
1370 3135 1450 3195 dabit
1473 3139 1540 3207 adr,
1569 3151 1657 3210 quam

310 3225 480 3285 nonhabet
503 3225 585 3303 ipse?
629 3226 692 3284 Nisi
723 3234 753 3284 tu
777 3225 832 3285 sub
864 3229 938 3285 air'ria
962 3243 1034 3285 soce
1064 3225 1149 3284 nohis
1177 3225 1326 3302 quippiam
1358 3222 1486 3282 divinius
1509 3222 1656 3296 obtrudaa,

312 3329 400 3389 quam
423 3321 467 3373 ast
489 3315 543 3372 iste
566 3329 619 3373 nos
642 3315 843 3386 circumstans,
867 3331 902 3373 ex
925 3314 1094 3372 humoribus
1116 3321 1290 3372 extenuatus
1315 3327 1414 3389 vapor.
1460 3310 1536 3383 Scio,
1562 3313 1657 3386 pisces

239 3413 260 3478 j
309 3405 407 3460 adrem
429 3402 577 3461 continere
599 3403 628 3458 in
652 3403 799 3477 geminata
822 3404 930 3476 vesica,
953 3400 1005 3462 sed
1028 3418 1104 3476 quae
1128 3399 1184 3460 illis
1207 3403 1427 3458 instrumentum
1443 3407 1488 3456 cst
1510 3406 1606 3456 motus
1627 3408 1657 3456 et

311 3491 434 3564 quietis,
467 3497 496 3550 et
518 3487 670 3566 cujusdam
694 3491 778 3564 quasi
802 3491 1001 3566 suspensionis
1024 3486 1165 3546 staturalis
1188 3505 1224 3547 ex
1246 3505 1341 3562 aquae
1364 3485 1532 3563 superficirr3
1559 3487 1657 3561 itaqua

309 3586 400 3636 restat
422 3579 459 3636 iis
483 3578 529 3636 hic
552 3580 601 3636 adr
623 3579 728 3636 vesicis
751 3576 880 3651 inclusis,
906 3579 992 3637 etiam
1016 3593 1081 3635 cum
1097 3578 1195 3634 anima
1210 3577 1335 3634 excessit
1350 3591 1514 3651 corpusque
1524 3575 1656 3632 exanime

310 3663 454 3742 dependet
479 3665 540 3740 jem
562 3681 581 3722 a
604 3673 720 3738 ventre,
752 3665 801 3740 qui
826 3667 955 3726 vesicam
984 3664 1061 3724 hanc
1083 3666 1229 3736 continet,
1260 3679 1326 3721 cum
1349 3664 1429 3738 prius
1461 3661 1490 3720 id
1514 3659 1654 3722 benelicio

309 3755 422 3822 atrimae
453 3754 593 3812 niteretur
623 3753 791 3812 incumbens
824 3756 919 3812 ventri
950 3758 979 3812 et
1001 3759 1197 3810 sustentatum
1225 3750 1262 3809 ah
1287 3766 1331 3808 eo.
1378 3747 1460 3808 Adeo
1492 3747 1587 3808 dilisrt
1609 3749 1655 3806 in·

311 3845 502 3898 strumentum
524 3857 542 3898 a
564 3847 690 3915 motore,
724 3845 775 3900 adr
804 3841 841 3899 ab
865 3844 970 3900 animo.
1016 3840 1084 3899 Scio
1115 3841 1217 3912 etiam,
1251 3837 1390 3896 animalia
1416 3835 1557 3895 beneficio
1581 3836 1655 3894 aiiris

311 3930 437 3986 animam
459 3927 590 4001 retinere,
614 3927 771 3987 intercluso
795 3927 846 3987 illo
870 3932 1030 4006 exspirare;
1054 3935 1178 3988 nonest
1201 3935 1298 3984 tamen
1321 3929 1371 3984 adr
1385 3925 1483 3982 anima
1506 3925 1579 4000 ipsc,
1602 3939 1654 3982 nec

314 4018 405 4074 vitam
427 4013 478 4074 dat
499 4017 666 4090 inspiratus,
690 4014 741 4075 sed
766 4015 889 4076 ventilat
912 4018 1057 4076 flammam
1074 4017 1153 4075 vitae
1177 4017 1204 4071 in
1224 4013 1318 4072 cordia
1334 4013 1454 4071 latebris
1476 4011 1655 4087 flagrantem,

312 4111 451 4179 vetatque
474 4119 509 4162 ne
533 4101 583 4160 illa
605 4118 637 4162 se
660 4104 754 4180 ipsam
777 4111 880 4180 suapte
903 4105 1024 4180 iuligine
1048 4104 1180 4175 suliooet,
1204 4100 1376 4160 collocatam
1400 4107 1451 4158 ιιι
1473 4115 1530 4157 ιιι
1550 4099 1656 4158 arden-

309 4198 367 4250 tem
382 4193 445 4266 ipae
460 4205 609 4266 nunquam
632 4189 707 4250 ultro
730 4190 873 4268 incendit;
904 4192 997 4251 multo
1019 4195 1114 4249 rninus
1138 4193 1200 4249 rita
1221 4191 1283 4266 ipse
1299 4195 1342 4247 est
1363 4195 1415 4246 ιιι
1431 4187 1549 4262 abipso
1565 4193 1655 4246 cocta.

310 4279 355 4338 De
377 4279 484 4356 plantis
507 4277 578 4336 nihil
602 4277 696 4338 simile
720 4278 777 4337 dici
800 4285 911 4354 potcst;
938 4278 1033 4339 nullas
1056 4281 1103 4337 hic
1126 4279 1204 4336 ritae
1228 4285 1324 4352 partes
1347 4282 1444 4334 ιιιειιι
1466 4278 1529 4348 adr,
1564 4291 1600 4332 ne
1622 4281 1655 4332 ut

310 4367 531 4427 instrumentum
547 4363 680 4441 qnidcm3
704 4368 758 4424 nisi
783 4368 812 4424 in
828 4376 969 4444 quantum
986 4368 1045 4442 igni
1063 4373 1091 4424 et
1104 4366 1238 4424 flammae
1254 4361 1375 4422 similior
1394 4369 1438 4420 est
1454 4363 1516 4420 vita
1531 4361 1655 4438 plantae,

304 4469 399 4528 qoam
421 4455 495 4528 adri,
521 4459 549 4512 et
572 4461 669 4512 ιειιειι
693 4453 852 4513 secundum
875 4462 904 4514 te
926 4459 976 4514 adr
999 4456 1086 4514 etiem
1108 4453 1216 4513 'Petrae
1239 4455 1330 4510 vitam
1354 4449 1413 4508 dat.

397 4539 503 4600 Mirum
527 4539 671 4616 equidem,
695 4541 801 4600 Terrae
825 4549 856 4600 ιι
879 4542 932 4601 das
956 4543 1055 4610 vitam
1083 4556 1179 4617 nsque
1201 4555 1248 4622 ms
1270 4539 1378 4616 pateris
1400 4533 1495 4595 eidem
1518 4535 1657 4610 inspirare

312 4643 395 4687 suam
419 4629 559 4702 animam,
583 4645 643 4704 qua
666 4631 756 4688 vivat

399 4717 485 4774 Acria
506 4723 605 4776 motus
626 4735 647 4776 a
674 4717 784 4775 Ter-roe
803 4691 963 4791 procedere
985 4719 1108 4790 animo,
1139 4714 1196 4773 hoc
1212 4719 1256 4772 est
1277 4709 1367 4788 paulo
1389 4709 1513 4770 alicuius
1535 4710 1657 4769 verbum

312 4815 417 4864 ames
438 4801 636 4880 philosophia.
680 4803 806 4880 Propius
829 4821 900 4865 vero
922 4811 967 4865 est
989 4803 1099 4874 dicere,
1122 4806 1218 4864 adrem
1241 4802 1322 4876 gigni
1347 4799 1386 4859 ah
1407 4799 1509 4858 anima
1531 4797 1655 4876 Τειτεε,
