3480 5548
250 377 269 437 8
829 364 999 425 Prooemium

249 567 354 614 cavere
377 549 486 626 voluit,
514 566 552 610 ne
578 548 652 610 liber
680 565 751 610 suos
778 547 857 626 apud
878 546 971 610 Italos
996 553 1117 628 propter
1137 547 1353 628 copcmicanas
1381 548 1541 610 sententies
1562 549 1590 608 in

250 657 285 702 eo
307 637 415 700 relatas
443 637 502 716 legi
524 643 681 698 vetaretur.
734 637 827 715 Typis
857 652 1023 714 expressam
1051 637 1129 696 hanc
1160 635 1425 714 „admonitionem“
1454 652 1512 696 non
1541 634 1593 695 de-

248 725 467 806 prehendimus3
490 732 591 786 contra
605 727 635 784 in
654 725 859 801 manuscriptis
875 723 1092 786 Viennensibus
1108 723 1254 801 exemplar
1269 743 1287 784 a
1301 723 1429 801 Keploro
1445 726 1591 801 scriptum,

250 813 329 894 quod
347 816 412 893 jam
432 812 620 891 subjecimus.

287 1012 557 1088 Admonitioad
585 1010 789 1100 bibliopolas
813 1013 974 1186 firtones,
1000 1011 1204 1100 praesertim
1231 981 1334 1083 ltclos
1362 1009 1407 1082 de
1435 1009 1547 1099 Opere

846 1133 1029 1187 armenico.

352 1249 462 1329 Scripsi
490 1248 564 1308 haec
586 1246 674 1308 homo
697 1227 883 1323 Germanus,
903 1265 983 1309 more
1005 1253 1035 1308 et
1055 1247 1190 1310 libertate
1213 1245 1403 1326 Germanica,
1436 1265 1512 1325 quae
1535 1265 1593 1326 quo

249 1339 342 1418 major
365 1345 425 1413 est,
455 1337 512 1398 hoc
534 1334 600 1413 plns
622 1334 692 1396 fidei
721 1335 857 1396 conciliat
885 1337 1059 1412 ingenuitati
1087 1335 1365 1413 philosophantium.
1410 1334 1592 1415 Christianus

249 1437 347 1490 tamen
369 1443 442 1500 snm,
466 1423 617 1484 Ecclesiae
638 1421 730 1496 filius,
754 1430 783 1482 et
806 1423 967 1483 doctrinam
990 1422 1187 1499 catholicam,
1211 1431 1348 1500 qnantum
1372 1423 1436 1499 eJus
1459 1423 1496 1484 ad
1518 1420 1593 1484 hane

249 1531 342 1593 nsque
363 1531 458 1574 meam
480 1517 607 1574 nentem
630 1526 733 1586 cepere
755 1513 853 1587 potui,
883 1527 942 1570 non
968 1509 1121 1571 voluntate
1143 1518 1256 1573 tautum
1285 1509 1459 1589 amplector,
1489 1511 1541 1572 sed
1564 1517 1593 1570 et
1648 1544 1651 1552 ·

245 1603 357 1682 judicio
386 1600 563 1678 comprobo,
599 1598 678 1675 qnod
706 1614 767 1657 non
796 1615 854 1658 uno
883 1597 949 1658 loco
985 1598 1072 1676 hujus
1108 1601 1203 1676 operis
1233 1598 1438 1659 demonstravi.
1490 1598 1593 1658 Cetera

249 1691 338 1770 igitur
358 1695 476 1750 securos
497 1704 552 1748 vos
573 1685 699 1770 reddunt
720 1693 900 1763 possuntque
919 1686 992 1746 lerre
1014 1694 1065 1746 ant
1080 1693 1157 1746 certe
1172 1703 1230 1745 uon
1255 1684 1442 1746 reformidant
1457 1701 1592 1746 censuras

249 1779 354 1840 vestris
376 1777 536 1854 provinciis
559 1775 697 1850 usitatas3
719 1775 760 1832 in
782 1790 842 1833 uuo
864 1772 971 1836 Terrae
992 1780 1075 1834 motu
1098 1775 1174 1834 circa
1198 1773 1297 1836 Solem
1318 1790 1415 1834 annno
1438 1773 1593 1832 difficultas

250 1869 349 1940 oritur,
379 1881 414 1924 eo
438 1862 518 1941 quod
539 1863 758 1939 importunitate
780 1859 970 1938 quorundam,
994 1861 1133 1938 dogmata
1155 1863 1349 1923 astronomica
1371 1862 1436 1921 loco
1457 1877 1516 1920 nou
1538 1878 1591 1920 sno

248 1969 385 2029 necque
412 1967 465 2029 par
492 1957 553 2012 erat
580 1946 718 2010 methodo
740 1950 978 2026 proponentium,
1009 1950 1142 2010 effectum
1171 1956 1230 2026 est,
1262 1956 1295 2011 ut
1320 1949 1407 2012 lectio
1430 1948 1592 2025 Cepernici,

250 2057 327 2119 qnae
354 2039 392 2100 ab
424 2039 507 2098 anuis
536 2037 626 2115 penln
655 2037 751 2096 mione
783 2037 932 2114 octoginta
962 2032 1016 2119 (ex
1042 2053 1100 2114 quo
1122 2036 1217 2096 Paulo
1239 2037 1294 2096 III.
1318 2037 1437 2098 Summo
1458 2035 1592 2096 Pontifici

250 2145 325 2207 opus
348 2121 529 2208 dedicatum)
557 2125 704 2186 liberrima
729 2123 796 2200 luit,
825 2141 968 2202 suspensa
994 2141 1087 2202 porro¹
1104 2125 1153 2199 sit,
1184 2124 1277 2184 donec
1308 2143 1382 2209 opus
1410 2122 1591 2185 emendetur:

250 2214 329 2294 quod
352 2232 408 2292 ego
430 2213 577 2275 seniculus
596 2213 659 2290 jam
674 2212 828 2289 (lopemici
852 2210 1021 2289 discipulus,
1044 2218 1077 2271 ut
1099 2229 1185 2288 quem
1204 2213 1267 2289 jam
1282 2230 1301 2272 a
1315 2215 1355 2271 ab
1379 2213 1462 2272 annis
1478 2228 1591 2290 sequor,

249 2321 342 2383 nuper
363 2300 520 2363 admodum
542 2301 580 2360 ab
603 2299 717 2360 idoneis
738 2301 853 2360 rescivi.
887 2298 1061 2376 Quanquam
1083 2315 1142 2360 non
1165 2299 1269 2358 desunt
1290 2301 1344 2358 viri
1368 2317 1405 2361 ex
1425 2299 1592 2359 clarissimis

250 2391 416 2466 ordinibus,
445 2390 573 2465 politicis
596 2395 626 2449 et
647 2387 862 2462 ecelesiasticis,
885 2387 936 2464 qni
958 2393 1140 2447 astronomos
1162 2387 1237 2447 beue
1259 2405 1375 2464 sperare
1395 2387 1533 2465 jubeant,
1557 2403 1591 2446 eo

250 2479 330 2558 qnod
356 2495 411 2538 nec
437 2476 580 2556 perlatam
609 2475 687 2535 hanc
715 2490 881 2550 censuram,
914 2491 969 2534 nec
995 2473 1124 2535 libertati
1151 2473 1330 2551 disputandi.
1347 2475 1383 2534 de
1405 2475 1492 2535 rebus
1515 2491 1592 2535 mere

249 2567 431 2628 naturalibus
451 2561 674 2639 illustrandique
696 2561 753 2620 Dei
776 2578 866 2638 opera
888 2563 1052 2639 oppositam
1074 2579 1126 2639 pro
1148 2562 1290 2640 repagulo
1313 2561 1453 2624 dictitent.
1468 2549 1592 2621 'Enim-

250 2671 320 2715 vero
350 2671 403 2714 seu
428 2653 511 2727 jacta
540 2654 578 2710 sit
607 2649 686 2724 alea,
716 2665 769 2709 san
791 2650 820 2706 io
849 2648 1010 2726 periculum
1035 2667 1082 2711 res
1096 2649 1249 2726 adducta,
1282 2650 1397 2728 culpam
1420 2665 1475 2726 ego
1497 2667 1591 2710 meam

251 2745 374 2818 ingenue
390 2740 492 2813 fateor,
515 2740 566 2814 qui
589 2738 773 2797 cunctatione
795 2738 887 2796 uirnia
906 2753 1036 2798 meorum
1058 2753 1178 2815 opernm
1193 2737 1410 2817 philosophiam
1426 2736 1592 2798 defensione

250 2847 305 2889 sna
327 2827 496 2888 destitutam
517 2825 679 2902 praeveniri
702 2841 766 2884 snm
788 2841 905 2902 passus.¹
939 2825 1014 2884 Nam
1036 2825 1175 2902 prolecto,
1199 2829 1224 2886 si
1247 2825 1316 2903 quid
1339 2843 1394 2904 ego
1417 2824 1513 2901 video,
1536 2826 1593 2886 hoc

246 2915 431 2993 judicabunt,
454 2912 530 2974 lecto
547 2912 603 2972 hoe
618 2927 705 2989 opere
719 2910 906 2987 Harmonico,
928 2911 1097 2974 Italicorum
1111 2920 1140 2974 et
1151 2912 1392 2992 philosophorum
1407 2914 1591 2975 doctissimus

251 3011 281 3066 et
302 3003 506 3080 theologorum
527 2999 763 3077 religiosissimus
786 3001 925 3078 quisque:
949 3007 1059 3060 tantam
1078 3018 1141 3062 esse
1156 3002 1348 3079 majestatem,
1371 3009 1483 3062 tantm
1498 3002 1592 3061 subli-

250 3093 380 3152 mitatem
398 3089 487 3166 hujns
510 3103 630 3165 opernm
652 3086 817 3146 divinorum
839 3087 1039 3166 dispositionis
1061 3088 1255 3165 harmonicae,
1278 3099 1311 3150 ut
1325 3089 1503 3168 Cepernicus
1524 3096 1593 3150 anto

250 3177 512 3257 promulgationem
540 3174 628 3252 huJus
653 3177 754 3251 'operis
782 3175 957 3237 sufficienter
989 3175 1081 3237 audiri
1111 3193 1296 3254 nequaqnam
1325 3179 1461 3255 potuerit
1513 3176 1593 3238 Petit

250 3270 350 3343 itaque
377 3261 577 3344 philosophia,
608 3265 682 3340 petit
712 3261 890 3339 Copemieus
922 3263 1093 3324 beneficium
1122 3266 1313 3325 restitutionis
1341 3268 1371 3324 in
1401 3266 1546 3343 integrum
1574 3283 1593 3326 a

115 3431 121 3442 ,
250 3354 389 3432 principe,
408 3352 496 3418 salvo
510 3351 620 3411 honore
633 3348 774 3427 judicum,
797 3350 916 3412 eosdem
931 3353 1006 3411 enim
1021 3351 1097 3427 illos,
1120 3368 1229 3412 novum
1241 3352 1384 3430 judicium
1400 3352 1591 3428 judicaturos,

127 3483 131 3504 .
251 3459 330 3503 nova
351 3458 406 3500 sna
428 3439 615 3512 documenta,
646 3455 722 3514 quae
744 3437 783 3498 ad
803 3439 880 3500 hanc
901 3457 995 3516 usque
1018 3437 1094 3501 diem
1115 3446 1334 3517 procuratorum
1357 3458 1475 3505 suorum
1497 3439 1593 3518 negli-

249 3531 351 3609 gentia
373 3531 561 3606 ignoraverat
582 3526 661 3603 ipse,
684 3525 874 3586 ventilatnros
897 3534 927 3586 et
947 3528 1075 3603 potietur
1096 3535 1126 3588 et
1147 3529 1229 3589 ultro
1246 3529 1392 3606 implorat
1437 3528 1499 3589 Vos
1521 3545 1591 3589 vero

250 3614 429 3694 bibliopolae
457 3621 534 3676 recte
563 3611 681 3691 quidem
711 3621 741 3673 et
758 3591 871 3674 ordine
898 3614 1024 3690 iacietis,
1056 3615 1081 3675 si
1111 3613 1287 3693 exemplaria
1308 3618 1470 3678 reverentia
1488 3615 1592 3694 judicii

250 3723 309 3766 non
330 3703 420 3782 vulgo
443 3719 551 3763 venum
574 3701 742 3780 exponatis:
775 3707 807 3760 at
832 3700 905 3762 illud
932 3704 1046 3763 interim
1073 3705 1192 3778 scitote,
1216 3703 1306 3764 datos
1329 3721 1383 3764 vos
1407 3721 1471 3764 esse
1493 3705 1592 3782 philo-

250 3792 380 3872 sophiae,
404 3791 488 3852 datos
509 3790 594 3850 bonis
616 3789 784 3850 auctoribus
807 3788 899 3850 veluti
921 3789 1103 3866 tabelliones,
1126 3790 1274 3852 mittendis
1295 3791 1334 3852 ad
1353 3791 1468 3869 judices
1491 3791 1592 3853 deien-

250 3882 396 3943 sionihus:
419 3881 519 3955 itaque
542 3877 675 3940 vendetis
698 3875 875 3954 exemplaria
895 3879 1011 3938 nonnisi
1034 3877 1177 3957 theologis
1199 3881 1319 3939 summis
1356 3881 1470 3940 nonnisi
1493 3879 1592 3956 philo-

250 3970 407 4047 sophorum
431 3967 613 4042 clarissimis,
643 3963 913 4026 mathematicorum
934 3967 1193 4042 exercitatissimis,
1216 3967 1334 4045 metbap
1355 3971 1501 4046 ysieorum
1522 3984 1592 4046 pro·

249 4056 437 4130 fundissimis,
461 4053 500 4114 ad
522 4070 596 4133 quos
616 4052 689 4112 mihi
704 4052 856 4130 Copernicl
876 4057 1056 4130 procuratori
1076 4054 1137 4115 alia
1157 4055 1208 4116 via
1227 4071 1286 4116 non
1308 4063 1390 4132 potet
1411 4055 1524 4132 aditus,
1547 4055 1591 4114 his

250 4145 376 4219 quidem,
399 4149 432 4203 ut
446 4141 619 4220 dispiciant,
633 4142 729 4200 sintne
743 4141 800 4202 ista
814 4157 926 4201 merum
940 4141 1059 4204 humani
1072 4141 1246 4204 luxuriantis
1264 4145 1372 4221 ingenii
1389 4149 1590 4217 commentum,

250 4248 288 4291 an
318 4232 428 4309 potius,
461 4249 497 4292 ox
530 4232 595 4308 ipsa
623 4234 729 4289 natura
750 4227 901 4306 depromta
928 4246 1013 4305 esse,
1042 4231 1129 4292 rebus
1157 4230 1381 4293 evidentissimis
1410 4232 1592 4310 comprobari

250 4319 359 4395 possit,
390 4317 448 4376 illis
471 4334 540 4379 vero
563 4324 596 4378 ut
618 4314 791 4391 deliberent,
820 4333 890 4375 unm
912 4317 1053 4380 immensa
1074 4319 1148 4381 haee
1170 4323 1290 4398 operuin
1312 4319 1477 4380 divinornm
1498 4318 1592 4398 gloria

250 4407 281 4463 in
303 4403 409 4481 vulgus
431 4406 602 4482 spargenda,
626 4421 664 4464 au
686 4406 783 4482 potins
806 4405 1003 4466 contrahenda
1025 4413 1055 4468 et
1075 4403 1156 4469 lama
1175 4409 1238 4485 ejus
1260 4409 1389 4468 censuris
1403 4407 1592 4486 opprimenda

251 4495 305 4568 sit;
328 4491 604 4571 utrisque-deniqne
626 4495 655 4552 io
678 4491 756 4552 huuc
776 4491 872 4565 linem,
895 4500 930 4553 ut
951 4496 1020 4571 qnia
1035 4494 1227 4574 Coperoicum
1248 4494 1459 4556 emendandum
1481 4496 1512 4556 hi
1534 4495 1591 4556 illis

251 4586 303 4642 ant
323 4578 505 4640 tradiderunt
522 4579 585 4655 jam
607 4587 658 4642 ant
680 4579 795 4641 hadent
816 4578 926 4656 adhuc,
955 4581 1075 4644 videant
1097 4585 1185 4662 igitur
1207 4583 1331 4662 utrique,
1353 4599 1392 4643 an
1414 4587 1591 4644 astronomia

252 4668 413 4745 Copernici,
438 4665 585 4728 delineata
605 4669 634 4726 in
657 4669 729 4730 meis
752 4667 974 4730 Commentariis
997 4669 1032 4732 de
1053 4673 1181 4733 motibus
1203 4669 1313 4734 Stellae
1334 4669 1452 4743 Martis,
1476 4673 1591 4733 exculta

251 4773 322 4819 vero
344 4759 373 4817 in
396 4755 546 4832 Epitomes
569 4754 773 4820 Astrouomiae
793 4764 878 4836 parte
905 4758 1012 4836 altera,
1045 4777 1122 4838 quae
1150 4775 1228 4819 nunc
1253 4761 1308 4821 sub
1335 4759 1436 4838 proelo
1466 4767 1523 4835 est,
1553 4775 1589 4820 an

252 4845 340 4906 eoam
368 4844 442 4906 haec
463 4848 594 4904 motuum
623 4843 791 4907 coelestium
818 4845 924 4924 politia
952 4847 1129 4923 harmonica,
1160 4852 1274 4908 exemto
1300 4853 1381 4910 motu
1408 4845 1534 4909 Telluris
1561 4853 1591 4908 et
