3698 5534
263 303 360 391 fore
561 353 564 358 ·
812 326 961 384 sermm
977 324 1130 384 samona

295 498 466 561 hnmanitas
484 500 519 561 ab
536 501 596 558 aliis
615 503 756 574 creaturis,
775 518 854 574 qnae,
873 503 971 560 menda
989 511 1137 575 compotes,
1155 501 1216 560 illas
1234 503 1373 575 percitus
1384 507 1546 575 suntaptae.
1575 503 1643 562 Vide

294 578 356 635 libri
373 581 425 636 mei
441 584 532 651 quarti
548 581 637 652 capite
654 581 741 638 tertio.
1130 643 1136 663 ,
1367 639 1370 650 .

382 658 455 715 Nota
472 661 519 716 IV.
554 663 594 718 ln
610 663 684 730 solae,
704 661 749 728 ait,
768 664 811 735 asts,
830 679 899 735 quoe
916 680 944 720 se
957 664 1050 733 primo
1069 670 1176 722 movent
1201 680 1320 736 quaeque
1342 669 1406 720 runt
1423 666 1542 722 rorem
1553 667 1645 737 perti·

294 735 376 808 ciple
395 740 531 796 euidenter
548 741 668 812 conspici
683 748 814 796 actorum
825 742 1021 799 harmonicam.
1037 793 1039 798 ,
1057 739 1126 796 llam
1139 741 1228 796 omnia
1246 738 1354 810 quidem
1372 741 1428 800 suis
1441 752 1565 800 constare
1583 763 1645 816 pro·

294 815 480 886 portionibus,
498 819 525 874 iu
545 819 587 873 his
606 819 737 875 contineri
757 819 883 880 salutem,
911 819 936 874 in
957 821 1098 876 contrariis
1117 821 1267 890 interitum,
1287 818 1335 876 sed
1353 819 1455 884 idncn
1473 824 1504 878 in
1520 825 1645 882 omnibus

294 906 357 947 ease
373 897 564 966 conspicuum,
593 913 647 953 non
666 905 739 953 certe
766 899 794 952 iu
818 901 946 976 materiae
969 900 1190 971 alterationibus;
1217 900 1444 970 quae-subJectio
1472 901 1588 958 refertur
1610 901 1646 959 ad

295 973 503 1040 praemissorum
520 977 670 1032 membrum
688 978 816 1044 alterum,
840 981 912 1048 quod
932 981 1052 1052 dixerat,
1077 983 1165 1036 omnia
1184 982 1240 1038 suis
1267 984 1392 1041 dunstane
1415 983 1646 1052 proportionibus,

295 1049 376 1140 fiam
394 1053 541 1110 meandum
560 1062 675 1115 motum.
695 1057 747 1112 hoc
764 1063 809 1111 est
826 1059 916 1113 omnia
933 1060 1006 1129 gigni
1023 1061 1147 1128 tandem,
1171 1063 1195 1116 sl
1213 1067 1304 1120 certae
1323 1063 1512 1120 alienationum
1531 1077 1644 1132 propor-

294 1135 384 1185 hones
399 1135 613 1203 praecessorum
637 1136 680 1192 vel
699 1138 722 1190 si
739 1145 830 1192 certae
848 1139 903 1194 mut
928 1139 955 1193 in
973 1155 1003 1194 re
1019 1141 1080 1210 lpse
1097 1143 1287 1212 proportiones
1312 1145 1473 1213 qualitatum
1491 1149 1519 1197 et
1538 1139 1646 1210 quanti·

294 1213 389 1279 mlum,
408 1217 464 1266 tum
483 1229 642 1281 permanere
660 1216 699 1271 rei
718 1231 795 1270 snam
813 1216 938 1286 sormamj
959 1221 983 1273 si
1000 1235 1064 1275 vero
1082 1220 1227 1277 turbentur
1244 1222 1316 1290 illua,
1334 1224 1431 1292 perire.
1467 1223 1527 1276 Hoc
1544 1221 1648 1276 hristu-
1672 1263 1675 1268 .

296 1283 377 1374 ῑςῙθῦ,
396 1297 476 1360 puto,
500 1296 592 1350 masia
610 1293 731 1364 appellat
749 1294 951 1352 elementorum.
986 1299 1084 1368 Neque
1102 1308 1195 1356 tamen
1212 1299 1273 1357 ideo
1297 1301 1366 1357 haec
1382 1301 1539 1358 harmonica
1556 1315 1647 1356 rernm

295 1367 435 1436 proportio
453 1387 503 1440 pro
520 1371 656 1449 efficiente
674 1389 757 1430 cauea
775 1377 963 1447 constituitur,
982 1377 1011 1433 in
1024 1377 1125 1434 talibus
1138 1379 1286 1436 naumann
1308 1386 1336 1436 et
1353 1380 1521 1436 naturalibus
1538 1377 1649 1444 sufficit,

295 1449 326 1498 ut
344 1462 428 1502 causa
446 1449 488 1520 sit,
507 1452 565 1506 sine
584 1467 638 1522 qua
655 1467 718 1507 non.
756 1452 877 1510 Observa
896 1471 959 1512 vero
978 1455 1022 1511 hic
1037 1456 1146 1511 modum
1164 1455 1305 1525 loquendi:
1326 1459 1515 1516 ›Hmueoas'ca
1529 1459 1604 1518 rotie
1622 1463 1649 1514 el

223 1587 248 1602 Ι,
290 1527 457 1614 peremnia
472 1536 498 1585 et
516 1531 717 1588 marcescens
735 1538 827 1588 tuetur
843 1535 1012 1605 insubjectic
1030 1538 1111 1592 rebats
1124 1539 1318 1608 proportiones
1329 1538 1528 1595 scemeca«
1562 1531 1648 1603 uuae

296 1607 331 1655 ert
349 1603 441 1674 aliqua
459 1623 553 1690 causa,
582 1626 664 1680 quam
681 1609 811 1668 rationem
831 1613 964 1684 appellat,
992 1614 1054 1670 fusa
1071 1629 1120 1682 per
1137 1630 1181 1670 res
1200 1614 1341 1672 universes
1368 1621 1395 1670 et
1413 1622 1540 1684 separata
1557 1629 1573 1668 a
1592 1615 1647 1670 ein·

296 1680 375 1751 gulis,
393 1684 550 1744 harmoniae
568 1687 595 1744 in
614 1687 668 1744 illia
686 1696 787 1745 auctor.
825 1692 858 1748 ln
876 1709 980 1750 summa
998 1695 1058 1762 ipsa
1076 1693 1115 1748 rei
1133 1692 1267 1750 cudentis
1279 1692 1435 1750 Ptolemaeo
1464 1700 1492 1748 et
1507 1693 1646 1760 ignoranti

297 1775 390 1816 vocem
408 1763 482 1822 illam
500 1768 674 1836 virgilianam
693 1771 830 1838 exprimit:
855 1773 943 1829 Deum
962 1773 1001 1827 ire
1016 1787 1069 1841 per
1086 1789 1180 1830 omnes
1202 1780 1289 1828 terras
1306 1779 1466 1840 amensque
1487 1773 1568 1826 maris
1587 1787 1649 1828 coe-

295 1837 406 1912 lumque
422 1845 595 1914 profundum.

385 1924 483 1994 litque
501 1933 624 2000 umescit
642 1934 722 1990 sliam
739 1934 873 1990 rationem
888 1931 1076 2008 sublunarem,
1101 1946 1171 2002 quae
1189 1915 1405 1986 etiam'meutem
1429 1931 1546 1986 hominis
1565 1931 1651 1986 ratio·

297 2015 412 2072 nemque
431 2005 500 2074 (eius
517 2007 674 2070 facultatem
692 2018 783 2084 unm)
801 2016 829 2069 in
847 2014 1034 2068 harmonicum
1052 2017 1176 2066 ornatum
1194 2009 1346 2081 descripsit

384 2083 458 2140 Nota
475 2087 507 2142 V.
545 2091 670 2162 Causam,
689 2111 738 2150 cur
754 2111 808 2150 non
826 2092 1074 2150 animadvertantur
1092 2090 1280 2160 proportiones
1298 2089 1326 2144 in
1344 2090 1472 2157 materia,
1491 2091 1592 2161 allegat
1610 2091 1651 2146 in·

298 2158 473 2250 stabilitatem
492 2167 559 2238 ejus.
596 2171 657 2237 Hoc
674 2172 765 2228 multis
782 2172 869 2228 modis
886 2170 1000 2240 intelligi
1018 2179 1119 2240 potest.
1156 2169 1208 2225 Vel
1226 2170 1312 2235 enirn,
1330 2169 1404 2239 qnod
1422 2177 1486 2225 sunt
1506 2171 1652 2226 materiata

298 2253 327 2291 ιιι
345 2241 474 2298 continuo
491 2256 638 2318 augmento
655 2257 704 2304 aut
722 2251 906 2316 decremento,
924 2257 955 2304 ut
971 2250 999 2306 in
1018 2249 1127 2307 animali
1138 2250 1241 2306 sanitas
1259 2255 1287 2303 et
1298 2250 1409 2304 morbus
1430 2247 1650 2307 brundusinae

299 2314 400 2375 habent
417 2325 613 2394 successiones,
632 2335 663 2382 ut
681 2329 781 2384 animal
800 2327 855 2382 lero
874 2345 1012 2397 uunquam
1030 2328 1074 2384 rol
1090 2344 1158 2399 pure
1177 2344 1271 2383 sanum
1289 2327 1326 2381 sit
1344 2326 1386 2382 rel
1404 2343 1472 2396 pure
1485 2325 1650 2390 morbidum

297 2389 380 2464 idque
399 2407 454 2478 tum
471 2407 620 2462 secundum
638 2407 743 2478 copiam
761 2409 903 2464 humorum
921 2408 992 2462 inter
1005 2423 1034 2462 se
1053 2408 1229 2476 diversorum,
1246 2423 1327 2477 quum
1341 2406 1489 2463 secundnm
1501 2406 1650 2476 qualitates

299 2479 420 2562 eorporis
439 2497 473 2536 er
492 2485 550 2540 eliis
569 2487 659 2542 causis
678 2488 833 2542 existentes
871 2486 972 2553 Quodsi
997 2485 1054 2540 lere
1073 2499 1211 2554 nunquam
1230 2485 1322 2540 existit
1339 2485 1368 2540 in
1384 2485 1494 2540 animali
1511 2486 1551 2555 id,
1578 2485 1654 2557 quod

296 2563 402 2622 tutius]
430 2569 457 2616 et
475 2563 626 2620 dimensum
651 2571 706 2635 est,
733 2581 797 2636 erpo
817 2567 897 2620 etiam
915 2565 1075 2635 principium
1104 2581 1157 2618 non
1180 2565 1261 2620 datur
1286 2565 1534 2635 comprehensionis
1558 2565 1653 2634 justae

300 2639 495 2710 proportionis,
518 2644 589 2712 quia
611 2644 657 2699 hic
675 2644 762 2702 locum
781 2643 864 2699 habet
889 2643 956 2699 illud
974 2643 1094 2698 axioma:
1123 2641 1195 2710 quod
1222 2643 1289 2698 nihil
1306 2645 1399 2700 renlat
1424 2645 1451 2700 in
1474 2644 1652 2716 intellectum,

300 2713 372 2784 quod
390 2731 445 2772 non
463 2721 539 2789 prius
561 2723 644 2780 fuerit
661 2724 690 2780 in
708 2741 797 2780 sensu.
834 2724 909 2780 Haec
928 2731 1018 2779 autern
1041 2730 1107 2780 tunc
1126 2721 1293 2778 solummodo
1319 2723 1409 2780 locum
1427 2723 1545 2790 habent,
1571 2726 1595 2778 ai
1613 2727 1652 2780 iu·

300 2790 427 2852 tellectua
445 2816 499 2856 non
515 2800 598 2858 fuerit
616 2805 656 2859 rei
674 2803 878 2873 cognoscendae
894 2802 1073 2872 architectus,
1098 2817 1186 2870 usque
1203 2799 1291 2856 ideam
1315 2817 1366 2857 nec
1388 2804 1565 2872 archetypum
1591 2804 1651 2870 ejus

301 2891 394 2932 secum
411 2882 486 2936 intus
504 2879 708 2952 circumgestat,
727 2883 815 2952 qualis
833 2882 879 2938 ille
898 2897 958 2937 esse
976 2881 1083 2939 debeat.
1120 2880 1190 2949 liam
1207 2880 1260 2936 hoc
1278 2883 1301 2936 si
1319 2890 1407 2950 esset,
1429 2890 1461 2938 ut
1477 2887 1521 2936 est
1539 2881 1574 2937 in.
1586 2883 1652 2938 divi·

301 2957 343 3040 nis
361 2959 483 3029 adeoque
501 2960 582 3016 etiam
600 2961 627 3016 in
644 2961 771 3019 humanit
783 2962 920 3032 operibus,
939 2968 1005 3017 tunc
1016 2958 1086 3016 nihil
1096 2957 1240 3026 impediret
1251 2960 1291 3013 rei
1303 2957 1475 3026 instabilitas,
1495 2961 1653 3028 quominus

300 3033 334 3088 lis
352 3039 502 3106 momentis,
536 3037 634 3109 quibus
652 3047 741 3096 motus
759 3042 786 3095 in
803 3039 1019 3110 proportionalia
1036 3039 1123 3106 venit,
1150 3037 1292 3108 proportio
1314 3045 1499 3108 agnoscatur,
1520 3037 1653 3120 siquidem

226 3121 235 3130 ’
301 3113 457 3171 intellectus
474 3114 520 3173 ille
539 3116 698 3174 facultatem
715 3119 817 3176 hebeat
833 3117 1024 3188 percipiendas
1046 3117 1086 3172 rei
1104 3124 1183 3172 extra
1201 3132 1230 3172 se
1255 3117 1429 3172 constitutae.
1466 3117 1525 3186 Quo
1545 3117 1654 3171 nomine

301 3193 407 3249 videtur
424 3211 480 3249 non
498 3195 662 3252 instabilitas
682 3198 836 3258 accomoda
842 3237 850 3268 ,
879 3197 928 3254 sed
947 3197 1070 3255 deiectus
1087 3195 1226 3254 facultatis
1244 3195 1411 3266 percipiendi
1428 3212 1472 3266 ea,
1494 3211 1565 3265 quae
1584 3196 1654 3252 liunt

303 3273 330 3328 in
349 3273 484 3330 continuis
503 3276 630 3330 mammae
649 3276 854 3332 alterationibus
873 3276 1023 3333 meandum
1041 3283 1171 3345 quantum
1192 3284 1219 3330 et
1237 3275 1324 3346 quale.
1359 3275 1433 3330 Nihil
1457 3292 1523 3330 sane
1540 3275 1655 3345 impedit

303 3351 391 3406 Deum
408 3352 572 3410 instabilitas
590 3365 713 3412 moturum
731 3355 954 3426 planetariorum,
984 3371 1038 3424 quo
1057 3354 1145 3410 miuus
1164 3354 1311 3410 tardissimi
1336 3355 1371 3410 ad
1388 3355 1572 3410 velocissimos
1591 3370 1653 3424 pro·

302 3433 505 3504 portioneutur,
531 3437 653 3505 quamvis
671 3437 808 3492 rarissime
832 3437 959 3506 planetae
978 3434 1046 3492 fiant
1072 3435 1141 3490 alter
1160 3432 1361 3501 velocissimus,
1389 3432 1459 3488 alter
1483 3432 1655 3488 tardissimus

304 3508 384 3566 simul
408 3514 503 3569 eodem
526 3525 656 3586 tempore.
692 3516 768 3572 Nihil
792 3514 907 3584 impedit
929 3520 1054 3568 naturam
1078 3512 1253 3568 sublunarem
1280 3520 1415 3580 perpetua
1438 3519 1467 3566 et
1490 3527 1600 3588 semper
1616 3511 1669 3565 in·t

304 3589 425 3658 aequalis
444 3593 575 3664 digressio
593 3593 764 3664 planetarum
781 3595 852 3652 inter
871 3610 913 3662 se,
944 3611 998 3664 qua
1016 3591 1144 3648 distentia
1161 3589 1284 3660 ipsorum
1312 3604 1419 3660 semper
1437 3591 1572 3659 vadatur,
1601 3607 1656 3659 quo

305 3665 392 3724 minus
410 3671 482 3728 hanc
500 3673 547 3728 illa
565 3675 778 3744 comprehendat
796 3685 825 3731 et
841 3674 999 3732 harmonica
1016 3674 1050 3729 ab
1068 3671 1237 3728 inconcinnis
1250 3670 1394 3738 discernat,
1414 3669 1514 3740 quippe
1525 3671 1656 3742 temporit

200 3784 205 3793 ι
305 3745 391 3816 ipsine
411 3749 529 3808 discreta
552 3753 715 3810 evolutione.
754 3754 829 3812 Nihil
855 3753 968 3826 impedit
987 3753 1110 3809 auditum
1128 3754 1256 3811 continua
1273 3757 1302 3806 et
1324 3749 1459 3808 instabilis
1476 3750 1593 3805 intensio
1617 3747 1656 3806 vel

304 3825 426 3882 remissio
446 3830 562 3902 alicujus
580 3832 712 3902 chordae,
741 3832 874 3890 edulium
894 3833 1023 3900 collatae,
1052 3848 1106 3902 quo
1129 3831 1218 3886 minure
1242 3829 1444 3900 deprehendat,
1472 3830 1571 3898 quibus
1593 3831 1655 3887 illae

304 3911 446 3966 momentis
465 3919 623 3979 consonent,
642 3912 741 3982 quibus
760 3911 909 3970 dissonent.
946 3911 1147 3982 aequalitates
1166 3912 1283 3981 primae,
1301 3909 1433 3978 calidum,
1452 3909 1587 3977 frigidum,
1607 3908 1656 3964 hu·

304 3989 414 4060 midnrn,
433 3993 543 4060 siccum,
563 3998 644 4060 atque
664 3991 745 4053 etiarn
764 3992 881 4064 qualitas
900 3992 1098 4060 quadamtenus
1116 4006 1164 4046 seu
1182 3990 1262 4046 molis
1280 4005 1328 4046 seu
1341 3987 1478 4060 ponderis,
1496 3989 1581 4044 tactui
1594 3994 1658 4042 suut

306 4067 429 4137 objecta,
454 4077 543 4125 tactus
562 4084 626 4127 vero
645 4071 693 4137 (sc.
713 4070 772 4140 ipso
792 4071 949 4128 Ptolemaeo
968 4071 1092 4140 doctore,
1121 4066 1294 4138 praecedenti
1313 4068 1417 4138 capite)
1443 4066 1537 4122 rudior
1560 4083 1657 4124 sensus

305 4158 348 4202 est
369 4157 397 4202 et
417 4148 589 4218 obliviosior,
609 4155 666 4204 tum
686 4148 853 4222 percipiendi
871 4149 1063 4219 proportiones
1083 4150 1253 4218 objectorum
1270 4163 1380 4203 suorum
1399 4163 1452 4200 non
1471 4147 1563 4202 hebet.
1600 4145 1660 4202 Etsi

306 4225 377 4280 enim
395 4227 517 4283 animans
535 4223 611 4283 tactu
628 4227 756 4298 percipit,
783 4227 849 4298 quid
867 4227 919 4283 sibi
937 4227 1033 4296 quovis
1057 4232 1180 4296 tempore
1198 4225 1355 4292 conueniat,
1381 4225 1409 4282 id
1427 4232 1517 4280 tamen
1543 4225 1658 4294 percipit

307 4321 362 4360 non
380 4305 529 4362 secundum
548 4324 688 4364 numerum
707 4308 857 4376 specierum
875 4305 1054 4369 diversarum,
1083 4314 1113 4359 ut
1132 4313 1195 4360 srrnt
1221 4304 1248 4358 iu
1267 4304 1430 4360 harmonicis
1456 4304 1577 4360 diversae
1595 4321 1657 4359 con-

306 4385 461 4454 sonendae,
485 4388 534 4443 scd
551 4395 657 4443 tantum
681 4388 829 4444 secundum
848 4387 979 4442 unitatem
997 4385 1200 4442 convenientiae
1220 4399 1301 4453 suae,
1326 4392 1357 4438 ut
1376 4383 1398 4438 si
1417 4383 1491 4438 auris
1513 4385 1542 4437 in
1560 4395 1657 4450 genere

309 4479 428 4520 consona
445 4466 589 4536 percipiat,
617 4465 769 4524 edissenis
787 4465 920 4522 laedatur.
956 4465 1018 4520 Non
1037 4472 1079 4520 est
1096 4465 1179 4532 igitur
1202 4463 1270 4518 haec
1295 4462 1434 4532 perceptio
1460 4462 1569 4532 proprie
1586 4475 1656 4514 cona-

308 4544 439 4612 parativa,
457 4545 521 4614 qnia
533 4547 727 4602 numerositate
740 4555 823 4613 caret,
836 4561 891 4600 non
903 4543 985 4614 igitur
997 4551 1061 4612 apta
1072 4541 1301 4613 proportionibus,
1321 4555 1391 4609 quae
1403 4541 1522 4596 numeris
1538 4547 1658 4595 utuntur.

310 4615 427 4688 Deinde,
446 4625 497 4678 etsi
516 4624 555 4680 sic
572 4625 797 4696 qualitercunque
816 4625 932 4696 percipit
951 4623 1073 4680 animans
1092 4637 1136 4688 ea,
1162 4635 1231 4690 quae
1250 4627 1314 4676 sunt
1332 4619 1375 4672 vel
1392 4619 1464 4674 intra
1482 4633 1525 4689 se,
1544 4617 1586 4674 vel
1604 4619 1656 4672 rim

308 4695 427 4756 inierunt
446 4705 550 4769 corpori
569 4721 633 4776 suo,
656 4715 685 4760 at
704 4721 758 4762 non
777 4703 933 4760 extenditur
951 4702 986 4758 ad
1003 4718 1049 4770 ea,
1077 4715 1146 4772 qnae
1174 4705 1238 4754 sunt
1256 4705 1347 4766 exne,
1376 4705 1407 4752 ut
1434 4695 1544 4752 auditus
1569 4695 1657 4750 fertur

310 4774 391 4832 etlam
408 4777 442 4834 ad
461 4795 542 4837 sonos
561 4793 706 4842 extremos
751 4783 840 4840 Causa
858 4788 913 4846 est,
933 4781 998 4850 quia
1015 4777 1160 4835 visibilium
1187 4785 1215 4833 et
1232 4775 1389 4832 audibilium
1414 4773 1518 4846 species
1542 4789 1590 4831 sen
1609 4771 1654 4828 de-
