3676 5536
759 329 842 389 ῙιἹιιι
857 332 904 388 tv.
924 333 1011 402 eaput
1028 331 1049 388 l.
1461 357 1464 369 ’
1514 341 1575 403 219

229 509 347 583 ιιιιιιιιι,
372 515 402 570 ιι
423 507 510 588 plane
527 505 664 571 'tabulam
686 527 791 589 rasam,
814 519 847 570 ut
869 515 898 570 in
922 529 980 590 qua
1002 513 1170 590 inscriptum
1193 513 1233 572 sit
1253 511 1335 588 nihil,
1357 527 1395 574 ne
1412 515 1576 577 matbema-

228 598 318 655 ticum
341 596 467 674 quidem,
490 600 609 660 inscribi
632 617 701 658 vero
723 600 837 677 possint
860 603 973 676 omnia3
995 600 1051 661 hac
1074 602 1191 676 inquam
1214 601 1243 657 ln
1263 607 1346 678 parte
1368 619 1423 662 neo
1445 605 1474 662 iu
1490 603 1577 664 Chri-

229 685 327 744 stiana
349 685 488 761 religione
511 685 680 747 tolerandus
703 695 747 747 est
769 696 798 747 et
820 689 933 748 invenit
953 697 1021 766 post
1043 687 1156 765 aliquot
1171 687 1271 749 secula
1294 706 1360 749 cum
1380 689 1453 751 alias
1469 691 1575 752 multas

228 768 369 846 ιιθιιας,
392 779 426 833 ut
446 771 574 850 loquitur
596 773 730 851 Procles,
753 781 816 836 tum
830 774 965 836 Prcclum
988 779 1083 854 ipsum
1100 773 1315 852 adversarinmq
1338 794 1506 856 quanquam
1527 779 1577 841 hic

228 857 418 920 Aristotelem
442 861 536 937 ipsum
559 863 676 922 nomine
697 879 756 924 non
777 865 858 938 citat,
881 862 1033 926 Platonem
1056 879 1140 938 varo,
1164 878 1251 940 quem
1275 863 1416 940 defendit,
1440 857 1576 928 numina·

228 953 289 1008 tum
311 955 413 1023 aperte
435 947 537 1008 ducem
560 967 645 1011 sunm
667 950 826 1026 profitetur.

317 1033 415 1112 Huius
443 1037 531 1112 igitur
551 1036 649 1098 Procli
678 1036 894 1115 philosophiam
925 1037 961 1100 de
990 1038 1144 1115 speciebus
1174 1053 1268 1098 rerum
1295 1038 1575 1116 matbematicorum,

227 1139 301 1198 quas
324 1139 381 1198 ego
403 1126 541 1184 terminos
563 1124 700 1202 profiteor
721 1126 917 1204 proportionis
938 1125 1125 1188 harmonicae
1146 1141 1239 1202 purae
1264 1132 1292 1185 et
1313 1134 1443 1188 semaiae
1465 1147 1484 1189 a
1506 1147 1575 1190 scn-

226 1208 345 1284 silibus,
376 1227 483 1288 operae
514 1214 640 1288 pretium
668 1219 713 1272 eat
739 1229 774 1273 er
804 1213 868 1289 slus
896 1211 1019 1272 librol
1052 1215 1081 1270 in
1105 1211 1186 1272 Euci
1216 1211 1273 1272 huc
1301 1217 1509 1306 transscribere
1537 1217 1575 1277 de

229 1297 318 1357 verbo
342 1296 379 1356 ad
404 1299 533 1362 verbnm
620 1302 623 1310 '
668 1307 672 1316 '

310 1383 671 1460 sicilia:1tetrquumen
692 1398 724 1445 ut
741 1390 890 1461 rideamus,
916 1407 1047 1463 quaenam
1067 1389 1252 1460 ¹subsistentis
1273 1407 1321 1446 seu
1340 1391 1460 1446 essendo
1478 1391 1576 1448 debeat

224 1467 356 1538 assignari
379 1467 576 1524 mathematicis
602 1467 748 1536 generibus
775 1475 804 1525 et
827 1469 991 1542 speciebus?
1026 1467 1267 1526 eoncedendumne
1295 1468 1345 1535 sit,
1372 1468 1419 1523 illa
1436 1486 1453 1525 a
1471 1471 1575 1526 sensili·

224 1545 276 1600 bus
295 1547 497 1604 subsistentiam
514 1546 646 1616 accipere,
664 1545 720 1602 sire
737 1563 787 1618 per
804 1546 1019 1613 abstractionem,
1037 1555 1068 1602 ut
1085 1561 1144 1602 mos
1163 1555 1205 1602 est
1222 1547 1360 1619 loquendi,
1378 1549 1435 1604 sire
1453 1565 1503 1620 per
1520 1551 1575 1607 col-

223 1621 368 1682 lectionem
386 1643 494 1698 eomm,
518 1641 587 1696 quae
605 1633 669 1682 sunt
685 1641 735 1695 per
751 1635 843 1696 partes
861 1627 1030 1698 dispersa,'
1022 1645 1050 1682 ιιι
1070 1635 1152 1684 unam
1179 1641 1347 1686 communem
1364 1627 1497 1682 rationem
1515 1627 1575 1694 lieu

224 1701 428 1774 delinitionemi,
446 1721 516 1762 anua
535 1706 615 1762 etiam
634 1712 699 1760 ante
714 1707 783 1762 haec
799 1707 866 1776 ipsis
884 1705 974 1762 danda
992 1703 1177 1774 subsistentia,
1195 1715 1225 1759 ut
1241 1703 1320 1765 Plato
1339 1711 1455 1776 usurpat
1470 1714 1498 1762 et
1516 1707 1573 1763 uni·

223 1783 361 1838 versitatis
378 1795 469 1840 rerum
487 1785 642 1864 progressio
660 1783 846 1842 demonstrat?
939 1841 943 1854 ,

310 1860 429 1919 Primum
447 1855 540 1932 itaque
559 1863 581 1917 si
600 1861 778 1932 affirmamus,
807 1865 910 1935 species
929 1863 1134 1920 mathematicas
1152 1880 1169 1918 a
1187 1861 1331 1919 sensilibus
1350 1865 1487 1935 constitui,
1510 1865 1574 1921 dum

225 1939 315 1995 anima
333 1958 350 1997 a
367 1938 480 2012 trigonis
503 1949 552 1998 eut
575 1938 694 1998 circulis
700 1906 883 1999 materialibus
908 1943 1026 2014 speciem
1045 1945 1203 2000 circularem
1227 1949 1275 1998 aut
1295 1941 1455 2012 trigonieam
1480 1962 1575 2001 secun·

224 2017 300 2076 daria
318 2023 434 2092 quadam
452 2023 576 2093 genitura
592 2023 621 2076 iu
639 2038 668 2078 se
687 2022 747 2094 ipsa
765 2023 875 2078 format:
902 2037 1018 2092 quaero,
1036 2022 1108 2078 nude
1125 2022 1217 2077 veniat
1234 2021 1385 2096 rationibus
1404 2025 1463 2092 (seu
1481 2024 1574 2081 deflui·

226 2099 353 2164 tionibus)
371 2103 417 2158 illa
434 2107 511 2158 tanta
528 2103 662 2157 certitudo
688 2111 819 2171 tantaque
837 2103 994 2157 accuratio?
1028 2103 1090 2157 Erit
1112 2104 1182 2157 enim
1207 2108 1255 2157 aut
1271 2117 1288 2156 a
1305 2101 1450 2158 sensilibus
1470 2111 1522 2164 ‚aut
1540 2102 1574 2157 ab

223 2179 284 2250 ipsa
301 2181 395 2237 anima.
431 2183 469 2237 At
486 2181 654 2252 impossibile
680 2179 869 2256 assusilihus;
896 2179 980 2234 multo
1006 2195 1122 2249 mmqne
1147 2179 1234 2248 maior
1259 2177 1398 2242 subtilitas
1424 2189 1452 2236 ιι
1469 2181 1575 2236 ιιιιιιο

223 2259 295 2316 inest
312 2263 462 2320 rationibus
480 2263 547 2318 istis
586 2263 625 2318 ab
644 2261 733 2316 anima
751 2260 845 2331 igitur,
864 2271 934 2326 quae
952 2257 1117 2330 imperfectis
1135 2257 1345 2337 perfectionem·
1372 2259 1479 2315 minime
1498 2275 1574 2316 accu-

223 2342 290 2395 ratis
309 2339 485 2397 subtilitatem
503 2339 577 2394 illam
596 2347 750 2395 accuratam
772 2336 908 2392 conciliet.
945 2337 996 2392 Dic
1021 2337 1105 2408 cuim,
1131 2336 1178 2394 ubi
1196 2333 1267 2391 inter
1291 2335 1401 2392 sensilia
1424 2338 1576 2395 inveniatur

122 2422 125 2431 '
223 2427 320 2476 ustura
346 2419 515 2490 impartibilis
537 2414 660 2498 (puncti)
685 2426 713 2473 et
738 2413 880 2471 latitudine
904 2429 999 2470 careus
1027 2413 1070 2493 (ut
1091 2381 1184 2484 iines)
1214 2419 1241 2468 et
1262 2413 1448 2484 profunditate
1470 2414 1574 2496 (uten-

228 2501 383 2585 petficies),
413 2517 460 2564 aut
478 2497 525 2563 ubi
542 2507 693 2578 aequalitas
711 2507 841 2563 linearum
861 2521 895 2558 ex
913 2511 1017 2573 centro,
1048 2512 1095 2559 aut
1116 2505 1162 2560 ubi
1180 2501 1370 2575 proportiones
1388 2519 1495 2576 semper
1513 2522 1575 2562 con·

223 2597 327 2648 stantes
349 2592 465 2650 laterum
487 2587 621 2670 (materia
643 2593 700 2652 mei
723 2591 789 2652 iibri
804 2587 841 2669 Ι.)
864 2597 911 2648 ιιι
934 2589 981 2646 ιιι
1004 2591 1164 2662 angulorum
1188 2589 1385 2648 rectitudines?
1420 2593 1483 2648 Non
1500 2593 1574 2663 equi-

225 2667 288 2726 dem
305 2672 392 2736 ridec‚
409 2681 440 2728 ιιι
458 2683 522 2730 sunt
538 2674 685 2734 commixta
702 2681 729 2730 et
747 2671 860 2729 confusa
876 2673 947 2726 inter
966 2686 995 2726 se
1014 2671 1105 2725 omnia
1121 2671 1266 2743 partibffia',
1285 2672 1354 2729 nibil
1372 2667 1514 2740 sincerum,
1535 2673 1574 2730 ni·

222 2747 261 2804 hil
288 2765 304 2804 a
328 2751 463 2805 saumario
490 2767 540 2805 stro
562 2769 676 2821 purum3
703 2753 792 2808 omnia
815 2749 965 2824 partibilis,
991 2756 1020 2805 et
1043 2765 1115 2824 quas
1138 2751 1206 2807 iocis
1231 2751 1326 2808 dissita
1348 2761 1376 2810 et
1394 2769 1463 2825 quae
1487 2752 1572 2810 unita

224 2827 366 2896 Quomodo
385 2829 467 2898 igitur
483 2829 696 2886 immobilibus
688 2848 774 2900 ipsam
794 2831 943 2888 durabilem
967 2831 1112 2884 essentium
1137 2848 1170 2886 ex
1189 2829 1333 2887 mobilibus
1356 2833 1478 2903 aliasque
1495 2815 1604 2888 aliter

222 2905 386 2963 ιιιιιιιιιιιιιιι
404 2907 626 2964 conciliabimus?
663 2909 798 2980 Quicquid
817 2911 887 2964 enim
899 2909 1102 2966 subsistentiam
1115 2926 1192 2966 suam
1210 2909 1294 2966 hahet
1310 2927 1328 2966 a
1345 2912 1424 2968 motis
1443 2910 1576 2976 essentiis

220 2982 322 3039 habere
340 3000 400 3038 eam
417 2985 575 3041 mutabilem
593 2987 771 3043 conceduut'
763 2989 822 3057 ipsi.
859 2987 896 3042 Et
923 2988 1058 3056 quomodo
1085 2989 1220 3046 accuratis
1244 2996 1272 3044 at
1296 2992 1376 3046 certis
1395 2990 1539 3061 speciebus
1558 3007 1575 3047 a

222 3079 277 3118 non
295 3065 428 3120 accuratis
447 3066 650 3135 impetrabimus
669 3067 832 3122 accuratiam
846 3067 942 3124 suam?
979 3065 1063 3122 Omne
1075 3083 1206 3140 namque,
1224 3068 1298 3140 quod
1309 3085 1392 3126 musa
1403 3077 1446 3126 est
1457 3068 1574 3128 notionis

221 3155 329 3234 semper
345 3141 517 3208 mutabilis,'
508 3159 596 3212 ipsum
613 3144 698 3202 multo
716 3146 801 3215 magis
819 3153 861 3202 est
873 3143 937 3200 tale.
972 3143 1186 3216 supponendum
1199 3163 1263 3216 ergo
1276 3148 1336 3214 erit,
1353 3149 1470 3205 animam
1487 3150 1574 3220 ipsam

223 3219 380 3288 genitricem
399 3237 460 3276 esse
478 3223 727 3278 mathematicarum
753 3224 904 3294 specierum
927 3224 1114 3278 strutionum.
1150 3223 1234 3295 Atqui
1257 3224 1305 3280 illa
1330 3225 1497 3282 continens
1488 3245 1517 3284 ιιι
1535 3245 1573 3299 se,

224 3307 255 3352 nt
273 3299 358 3369 prima
377 3302 567 3372 exemplasse
585 3302 783 3373 paradigmata,
807 3301 954 3358 secundum
973 3301 1116 3356 essentiam
1136 3301 1196 3372 ipsa
1215 3302 1363 3368 subsistere
1381 3304 1459 3372 facit,
1487 3317 1518 3362 ut
1536 3308 1574 3362 ita

222 3391 278 3446 siut
294 3387 482 3460 generationes
506 3381 705 3467 (Christianus
721 3385 867 3458 subaudit,
892 3387 1000 3446 creatio
1020 3403 1115 3446 rerum
1131 3382 1299 3470 sensilium)
1311 3392 1379 3446 nihil
1392 3393 1476 3460 aliud,
1493 3409 1574 3463 quam

221 3477 434 3549 propagationes
453 3479 618 3547 specierum,
637 3477 753 3545 quaein
771 3475 911 3546 illaprius
929 3474 1036 3530 inerant
1066 3469 1210 3547 (rationes
1241 3477 1432 3536 creandorum
1466 3495 1573 3555 corpo·

222 3581 287 3624 rum
317 3561 539 3624 mathematicas
562 3563 627 3622 Deo
658 3568 828 3622 coaeternas
860 3557 949 3619 fuisse
972 3559 1126 3635 Deumque
1153 3563 1280 3622 animam
1308 3572 1338 3624 ιι
1359 3573 1487 3626 ιιιιιιιιιι
1509 3583 1574 3625 esse

220 3650 501 3728 superexcellenter,
531 3653 643 3711 animas
674 3665 744 3710 vero
774 3649 918 3707 humanas
949 3663 1013 3704 esse
1036 3645 1094 3706 Dei
1124 3653 1262 3709 creatoris
1294 3652 1453 3728 imagines,
1485 3656 1574 3712 etiam

222 3741 253 3797 in
276 3736 484 3797 essentialibus
508 3753 561 3798 sno
584 3735 680 3809 modo,
703 3737 732 3795 id
755 3738 853 3796 sciunt
867 3733 1050 3813 Christiani),
1072 3743 1140 3792 tunc
1157 3737 1264 3795 Platoni
1283 3742 1484 3800 consentiemus
1506 3745 1574 3800 haec

222 3819 352 3888 dicenter,
371 3825 399 3875 ιι
416 3835 482 3875 rara
499 3821 617 3877 essentia
633 3819 828 3874 mathematum
846 3817 924 3873 nobis
941 3817 1050 3872 inventa
1062 3814 1120 3872 erit
1158 3816 1205 3872 din
1217 3827 1310 3876 autem
1321 3821 1418 3888 aulum,
1439 3837 1500 3878 cum
1519 3839 1573 3878 non

220 3909 335 3963 haberet
359 3921 409 3961 nec
426 3908 502 3976 prius
520 3907 644 3962 alicunde
668 3907 818 3976 accepisset
842 3905 961 3961 rationes
980 3905 1187 3962 mathematicas
1213 3901 1258 3985 (si,
1283 3923 1348 3966 cnm
1370 3923 1428 3968 non
1452 3908 1576 3967 fuissent

221 3995 231 4050 i
256 3993 280 4050 si
303 3987 492 4070 concreatae),
521 3993 694 4050 nihilominus
718 3992 902 4050 admirabilem
925 3993 998 4050 hunc
1021 3999 1146 4052 ornatum
1166 3997 1375 4054 immateriatum
1398 3999 1484 4066 texit,
1513 3999 1572 4070 pul·

220 4011 381 4131 eieramus
403 4073 472 4126 hanc
499 4071 709 4141 speculationem
734 4073 858 4142 enititur,
882 4074 1017 4145 quomodo
1040 4089 1103 4146 ergo
1129 4074 1265 4132 discernet
1286 4075 1326 4130 sic
1351 4079 1454 4146 genita.
1483 4077 1573 4132 sintne

221 4161 398 4218 subsistentia
420 4169 448 4215 et
467 4161 619 4216 constantia
637 4159 750 4234 (μιιιιμα
772 4147 831 4219 non
856 4181 955 4238 γοιιμα
967 4155 1054 4237 lego),
1072 4177 1107 4216 ιιι
1126 4157 1153 4215 in
1171 4169 1268 4216 ventos
1286 4162 1402 4218 evanida
1421 4171 1448 4218 et
1467 4173 1575 4234 spectra

220 4243 313 4314 potius
336 4255 417 4310 quam
439 4239 521 4294 sera?
557 4239 662 4306 Quibus
685 4241 785 4295 normis
810 4257 861 4296 usa
883 4242 1021 4298 ιιιιιιιιιιι
1046 4255 1137 4296 comm
1162 4241 1308 4296 metietur?
1346 4243 1404 4298 Imc
1429 4243 1574 4314 quomodo,

220 4336 284 4376 cum
302 4319 446 4375 essentiam
470 4335 562 4374 eorum
589 4335 643 4374 non
669 4319 794 4388 haberet,
822 4319 907 4388 gignit
929 4327 1032 4374 tantam
1051 4319 1216 4374 ‘sanciatam
1238 4320 1392 4376 renonum?
1427 4321 1497 4378 Nam
1520 4323 1573 4388 hoc

220 4407 303 4470 pacto
322 4396 460 4453 ιοιιιιιιιιιι
478 4395 584 4452 illorum
603 4397 807 4452 subsistentiam
824 4398 954 4452 faciemus
973 4411 1061 4488 neque
1078 4397 1114 4454 ad
1132 4397 1219 4453 ullum
1237 4415 1348 4468 scopum
1368 4400 1410 4457 rel
1429 4402 1573 4460 terminum

221 4477 385 4532 tendentem.
423 4475 491 4530 Sunt
509 4491 571 4542 ergo
590 4475 695 4530 animae
712 4474 797 4543 ipsius
816 4474 924 4530 soboles
943 4475 1048 4542 species
1066 4475 1281 4547 mathematicae,
1300 4495 1350 4535 nee
1365 4479 1449 4538 hahet
1465 4481 1514 4538 illa
1529 4501 1571 4539 ra·

220 4555 319 4623 dones,
338 4559 406 4646 quas
424 4552 572 4622 constituit,
591 4570 608 4607 a
626 4552 779 4621 sensilibus,
798 4554 863 4624 quin
880 4554 973 4624 potius
990 4555 1057 4609 haee
1075 4557 1110 4611 ab
1127 4555 1181 4610 iliis
1193 4563 1388 4646 propagantur,
1407 4568 1525 4630 suumne
1542 4561 1572 4616 hi

221 4635 318 4690 enixum
337 4631 423 4702 ipsius
441 4639 468 4685 et
485 4629 553 4686 haec
570 4631 715 4701 puerperia
732 4633 947 4702 permanentium
966 4640 993 4688 et
1009 4631 1167 4702 perennium
1186 4633 1337 4704 specierum
1359 4637 1501 4694 euidentia

310 4709 434 4766 &cundo
452 4711 474 4764 si
493 4709 526 4764 ab
544 4711 615 4766 infra
632 4720 661 4766 et
677 4727 694 4766 a
712 4712 858 4768 sensilibus
877 4711 1028 4781 colligimus
1050 4712 1170 4768 rabones
1187 4713 1380 4772 mathematum
1398 4721 1457 4785 (seu
1476 4718 1570 4774 defini-

222 4791 331 4858 dones),
350 4786 485 4860 quomodo
503 4803 558 4845 nou
576 4789 701 4852 meliores
720 4797 799 4852 erunt
817 4789 1074 4864 demonstrationes,
1097 4809 1166 4869 quas
1184 4793 1353 4855 cunnum
1372 4795 1500 4866 sensilia,
1512 4849 1515 4858 ,
1526 4795 1572 4856 ‹le-
