3732 5528
829 321 971 391 Apologia.
1015 373 1020 386 ,
1291 365 1294 378 .
1509 325 1571 384 cta

225 481 373 558 temporis.
420 479 609 556 Quinetiam
639 480 699 542 alia
721 483 841 560 ingenia
867 485 926 544 illis
949 481 1116 560 Orphaicis,
1146 479 1206 542 alia
1226 480 1270 543 his
1298 481 1481 558 geometricis
1504 487 1574 557 apta

224 579 301 644 sunt,
326 577 358 627 ut
380 579 522 644 quantum
544 577 576 628 tu
592 571 662 629 abes
686 590 705 629 a
719 571 975 648 comprehensione
999 569 1177 630 certitudinis
1200 568 1431 640 mathematicae,
1459 573 1571 626 tantum

226 675 280 734 ego
304 657 356 715 tibi
380 659 509 716 vicissim
532 655 665 716 cedam
657 675 685 714 ιιι
713 658 913 734 conjectandis
937 657 994 718 illis
1017 658 1239 734 aenigmatibus.

311 741 398 817 Quod
427 761 496 804 vero
520 747 654 820 quinque
682 763 837 820 corpora
839 764 861 807 a
881 746 1078 824 symbolismis
1105 744 1191 806 trudis
1216 743 1421 820 Pythagoricis
1452 742 1488 801 ad
1518 723 1571 801 de-

224 833 449 890 monstrationes
482 835 694 891 astronomicas
724 841 753 891 et
779 832 1001 894 mathematicas
1029 831 1159 903 traduxi,
1194 831 1241 890 hic
1265 848 1332 908 ergo
1355 831 1408 889 tibi
1432 847 1570 910 pernego,

225 937 246 976 u
267 935 341 976 uero
362 916 553 996 philosophia
575 919 618 978 od
637 919 768 995 fictiones
791 928 818 978 et
840 920 950 980 deliria
973 937 1019 980 mo
1042 913 1268 996 transmissam)

311 1005 366 1064 Ad
389 1005 575 1083 Analysin
598 1005 668 1068 XV.
714 1003 801 1081 Quod
829 1008 906 1081 diri,
937 1005 968 1066 in
996 1007 1261 1084 comparationibus
1292 1022 1379 1081 saepe
1408 1006 1571 1080 usuvenire,

227 1102 260 1151 ut
283 1094 410 1151 crinibus
433 1091 574 1152 trahenda
597 1097 663 1167 sint,
689 1111 764 1168 quae
788 1113 845 1154 non
869 1096 945 1154 ultro
969 1104 1138 1170 sequuntur,
1163 1093 1193 1151 id
1215 1093 1350 1169 probrum
1367 1091 1478 1150 nullum
1500 1108 1573 1151 con·

225 1182 317 1252 tirret,
350 1179 429 1256 quod
459 1180 507 1239 vel
537 1183 565 1239 in
599 1190 646 1259 te,
674 1179 817 1256 Roberte‚
851 1185 898 1242 vel
929 1184 958 1239 in
982 1195 1048 1242 tuos
1071 1181 1253 1240 Hermeticos
1285 1178 1448 1255 conjectum
1479 1177 1573 1238 rideri

222 1270 326 1344 possit.
371 1267 429 1327 Res
460 1270 530 1345 ipsa
545 1268 674 1344 loquitur
703 1272 877 1345 experienti,
908 1270 1019 1329 nullum
1049 1271 1137 1346 igitur
1166 1285 1260 1343 neque
1284 1267 1352 1326 mihi
1376 1267 1428 1325 ahs
1453 1275 1481 1326 te
1504 1266 1574 1326 licet

225 1357 299 1414 irato
323 1356 467 1432 probrum
498 1367 645 1431 regestum
677 1366 764 1432 puto,
797 1357 865 1416 dum
893 1367 1060 1434 retorques,
1096 1373 1142 1415 me
1175 1357 1363 1414 intentionem
1386 1353 1572 1432 Pythagorae

227 1437 312 1524 (nam
336 1443 508 1502 Aristoteles
531 1461 567 1502 cx
591 1461 644 1502 suo
668 1461 755 1512 sensu
784 1461 841 1503 non
865 1439 1010 1526 loquitur)
1035 1445 1162 1503 crinibus
1190 1445 1323 1516 traxisse.
1369 1441 1573 1517 Coniecturam

231 1531 307 1602 dixi,
333 1531 455 1589 vocibus
474 1531 583 1606 ,lorte,
606 1533 748 1593 tortasse“
776 1533 883 1608 ubique
900 1534 1092 1610 interspersis.
1137 1529 1203 1590 Hoc
1226 1536 1288 1590 erat
1314 1533 1455 1589 intentum
1477 1537 1573 1588 textus
1630 1555 1636 1576 ·

226 1619 301 1689 mei,
326 1635 413 1693 quem
436 1619 483 1676 hic
506 1611 656 1692 dissolvis,
679 1619 848 1692 ostendero,
874 1629 902 1694 te
924 1623 952 1678 in
978 1619 1169 1698 occupatione
1192 1615 1302 1677 versari
1324 1617 1391 1690 tali,
1416 1634 1491 1694 quae
1516 1615 1573 1674 dil·

223 1703 369 1776 ficultates
401 1708 509 1782 pariat,
541 1722 595 1764 nec
625 1703 773 1783 aspidum
802 1705 1037 1766 mathematicam
1064 1709 1199 1784 patiatur.
1250 1705 1295 1764 Τιι
1328 1723 1397 1763 vero
1429 1707 1571 1780 pervertis

224 1809 346 1880 scopum
368 1809 498 1851 mearum
522 1813 741 1870 orothaoiosoasJ
771 1812 829 1854 non
852 1805 918 1854 sunt
941 1792 1009 1854 illae
1033 1802 1218 1873 comparatae
1248 1801 1281 1852 ut
1305 1791 1497 1868 Pythagorae
1519 1795 1570 1864 ia-

226 1883 379 1952 tentiones,
404 1880 454 1938 sed
478 1889 510 1937 ut
533 1897 593 1939 rem
616 1884 719 1957 ipsam,
744 1885 872 1958 quinque
896 1882 1007 1942 scillcet
1030 1899 1160 1958 corpora,
1185 1881 1222 1939 ad
1245 1881 1468 1940 astronomicam
1492 1883 1571 1938 veri·

227 1974 316 2024 tatem
351 1967 580 2026 accommodent.
633 1967 764 2027 Gratiam
797 1980 893 2028 tamen
925 1969 1038 2042 babeo,
1072 1967 1151 2045 quod
1185 1967 1446 2028 demonstrationes
1481 1983 1572 2042 meas,

225 2071 404 2130 quamquam
427 2057 591 2130 incogitans
616 2067 643 2114 et
667 2057 846 2132 obtrectans,
871 2059 980 2116 ornasti
1005 2056 1115 2133 elogio,
1134 2055 1219 2133 'quod
1242 2059 1303 2114 vim
1325 2061 1353 2113 et
1375 2073 1479 2130 ormo,
1504 2073 1573 2114 mo·
1652 2120 1657 2130 ,

224 2159 325 2200 auam
343 2141 518 2218 pedumque
540 2146 650 2204 alcum
673 2146 819 2218 agnoscis.
865 2144 911 2202 Tu
936 2147 1029 2203 virum
1052 2154 1080 2202 te
1094 2139 1219 2221 praesta,
1243 2141 1336 2201 nodos
1350 2141 1417 2201 illos
1432 2141 1571 2214 dissolve,

225 2237 258 2286 ut
280 2231 377 2287 irritos
408 2229 461 2288 hos
490 2229 576 2288 nixus
605 2230 793 2290 demonstres.
846 2232 996 2302 Violentio
1027 2239 1068 2291 ιιι
1095 2248 1152 2290 non
1184 2248 1261 2302 mea,
1292 2229 1343 2288 sed
1367 2229 1520 2305 Copemioi
1544 2239 1573 2289 et

227 2318 421 2375 vetustissimi
445 2315 616 2390 Aristarchi,
642 2335 701 2394 qua
722 2327 850 2394 urgetur
873 2336 930 2377 non
955 2327 1067 2392 natura,
1092 2318 1144 2377 sed
1165 2318 1314 2394 popularis
1336 2316 1454 2376 humani
1479 2335 1571 2392 gene-

223 2405 264 2462 ris
288 2406 386 2480 opinio
411 2404 621 2481 oculorumque
646 2405 866 2483 deceptionibus
894 2409 1014 2465 nimium
1042 2413 1151 2482 agnata
1173 2407 1306 2481 ingenia,
1339 2404 1418 2480 quod
1446 2403 1572 2463 Terram

222 2494 303 2550 irater
337 2497 423 2550 ostro
450 2493 527 2566 leno,
568 2491 670 2568 Neque
703 2500 800 2554 tamen
829 2511 923 2570 prave
952 2501 988 2554 ut
1015 2511 1137 2553 sarsum
1170 2493 1271 2551 tandm
1294 2496 1426 2568 copitar,
1458 2490 1508 2552 sed
1538 2499 1572 2551 ut

223 2577 315 2638 Terra
337 2581 441 2638 inertia
464 2597 518 2638 sua
541 2579 661 2652 fruatur,
686 2589 717 2638 ut
740 2579 888 2656 regionem
904 2585 1091 2658 assignatam,
1117 2592 1197 2639 motu
1214 2598 1323 2652 caretis,
1347 2581 1412 2655 ipse
1429 2584 1571 2655 seipsam

224 2666 366 2738 obtineat,
390 2668 572 2742 permittitur.
620 2667 686 2726 lim
710 2685 798 2726 unam
821 2687 959 2744 agnosco,
985 2669 1101 2744 qualem
1124 2677 1185 2726 tute
1207 2655 1334 2728 Rober'te
1357 2677 1425 2726 tuae
1449 2665 1570 2725 intulisti

225 2755 340 2822 manui,
366 2753 433 2810 dum
457 2756 513 2812 ista
534 2753 693 2828 scriberes,
727 2773 814 2832 quam
837 2757 949 2816 scilicet
972 2755 1079 2815 Terrae
1104 2757 1187 2815 iniert
1209 2759 1306 2813 anima
1328 2755 1420 2830 ipsius
1444 2757 1520 2812 intus
1544 2762 1573 2812 ei

224 2843 337 2917 species
362 2844 490 2916 corporis
514 2839 625 2900 Solaria
650 2847 787 2914 exterius,
811 2852 935 2918 utraque
958 2843 1037 2902 illam
1061 2861 1189 2902 movens.
1236 2841 1321 2917 Quod
1343 2843 1440 2900 lumen
1464 2841 1570 2900 'lerrae

223 2929 319 2987 tribuo
345 2931 542 2986 mutuatitium
571 2946 607 2986 ex
630 2929 713 2999 Sole,
745 2931 775 2988 id
799 2949 857 2989 non
885 2930 1011 2990 allevia
1035 2941 1092 3004 est,
1126 2949 1212 3006 quam
1236 2933 1260 2988 si
1283 2929 1393 2988 homini
1417 2928 1569 2988 dormienti

223 3018 288 3091 quis
311 3016 468 3092 palpebras
492 3034 543 3092 per·
568 3020 625 3074 vim
649 3016 781 3090 divellat,
805 3027 837 3076 ut
861 3017 960 3077 Solem
980 3019 1041 3094 jarn
1066 3025 1159 3077 ortum
1189 3017 1376 3094 lucentesque
1401 3034 1436 3076 ex
1460 3017 1571 3075 illumi·

221 3106 339 3162 natione
362 3102 439 3162 Solis
468 3112 582 3162 montes
605 3107 774 3180 conspiciat.
796 3181 801 3190 Ι
821 3105 852 3166 Si
876 3108 921 3163 vis
952 3116 995 3165 est
1022 3105 1159 3178 dicenda,
1190 3123 1268 3182 quoe
1299 3111 1484 3180 tempestates
1507 3108 1570 3179 ciet,
1656 3171 1658 3178 .
1710 3097 1722 3108 ’

221 3193 289 3248 neri
312 3199 339 3248 et
362 3194 450 3265 aquis
473 3193 618 3266 imperat,
649 3210 684 3250 ea
707 3202 787 3251 tanto
810 3193 905 3267 major
929 3203 973 3252 est
996 3212 1031 3252 cx
1054 3201 1120 3266 tua,
1151 3211 1238 3270 quam
1269 3211 1304 3251 ex
1326 3211 1390 3251 mea
1415 3195 1572 3270 sententia,

222 3287 332 3354 quanto
357 3277 450 3353 major
474 3280 520 3336 ris
543 3288 602 3350 est,
637 3281 661 3337 si
686 3278 857 3354 Germania,
881 3281 905 3337 si
929 3279 1081 3339 Britannia
1104 3289 1267 3339 exterorum
1290 3281 1458 3356 tyrannide,
1491 3279 1570 3354 quod

223 3366 311 3438 absit,
335 3367 523 3442 opprimatur,
549 3379 635 3441 quant
660 3367 684 3424 sl
709 3369 859 3443 quaelibet
881 3369 1034 3443 provincia
1057 3366 1209 3442 indigenae
1234 3367 1370 3440 antiquas
1393 3367 1491 3441 stirpis
1515 3364 1570 3424 do-

223 3453 335 3513 minatu
360 3459 500 3512 teneatur.
546 3453 649 3530 Neque
673 3463 769 3514 tamen
801 3455 874 3512 mihi
896 3455 994 3524 anima
1016 3453 1124 3512 Terrae
1152 3457 1209 3512 ciet
1231 3453 1379 3536 aetherea,
1409 3455 1570 3513 auctarium

223 3539 279 3634 hoc
302 3527 383 3598 tuum
407 3541 459 3599 tibi
482 3540 599 3602 habeto.

310 3626 386 3685 Solis
419 3635 515 3686 motus
546 3646 631 3686 ame
663 3627 744 3686 nulla
768 3629 797 3684 ri
820 3627 1008 3700 cohibentur,
1040 3625 1135 3684 nullos
1166 3627 1241 3685 enim
1270 3643 1333 3684 esse
1361 3633 1457 3685 motus
1480 3629 1569 3686 centri

222 3711 323 3772 doceo.
368 3711 408 3774 Ut
430 3723 526 3774 tamen
550 3694 575 3774 is
599 3732 650 3790 per
672 3717 799 3790 speciem
823 3731 971 3790 egressam
1003 3715 1096 3772 etsie
1119 3731 1196 3772 mero
1219 3722 1290 3772 nutu
1318 3709 1570 3796 (accettanquil-
1644 3736 1649 3748 ·

223 3795 351 3883 litatem)
375 3800 507 3878 planetas
537 3820 654 3862 movere
682 3805 793 3878 possit,
826 3793 1007 3861 volritionem
1037 3801 1077 3859 illi
1111 3801 1237 3877 corporis
1264 3804 1340 3860 circa
1362 3817 1446 3859 stram
1475 3819 1568 3876 arena,

225 3895 384 3949 attestante
408 3908 494 3948 sensu
517 3891 596 3967 ipso,
621 3889 736 3965 largior.

315 3975 369 4034 Ad
393 3977 573 4054 Anolysin
596 3977 681 4036 XVl.
735 3977 877 4055 Nuspiam
909 3977 1015 4036 elarius
1046 3985 1182 4054 apparet,
1216 3994 1261 4036 mc
1295 3979 1322 4034 in
1354 3979 1570 4053 comparatione

223 4066 335 4123 versari
358 4072 521 4123 nostrorum
545 4083 683 4141 operum,
717 4083 772 4122 non
796 4067 825 4122 in
850 4065 1074 4138 obtrectatione,
1098 4082 1186 4142 quam
1209 4065 1271 4138 hic,
1301 4067 1349 4123 ubi
1374 4082 1427 4140 ego
1451 4065 1570 4140 subjee-

219 4158 281 4210 tum
306 4169 387 4210 mcae
409 4150 622 4212 harmonices
617 4171 643 4210 m
668 4161 823 4228 angustum
847 4152 995 4243 contraho2
1021 4153 1098 4230 quod
1119 4160 1293 4212 contemtum
1303 4148 1386 4229 quid
1410 4161 1462 4225 est,
1487 4161 1569 4211 tuum

220 4256 304 4312 vero,
336 4239 482 4318 Roberte‚
514 4241 632 4316 arnpllo.
678 4239 756 4316 Quid
784 4258 842 4299 non
872 4241 969 4298 turbat
988 4232 1062 4299 ira?
1107 4239 1149 4298 Nc
1180 4239 1237 4300 lroe
1259 4242 1376 4317 quidem
1400 4244 1569 4318 concoquis,

221 4329 337 4402 quaeris
361 4327 440 4402 quod
463 4337 564 4386 mutuo
588 4344 727 4403 reponas,
760 4328 864 4404 objicis
888 4330 1062 4386 contrariam
1085 4327 1320 4403 amplitudinem,
1344 4328 1570 4404 exprobraturus

223 4416 324 4489 utique
347 4417 507 4473 contrarias
531 4417 691 4490 angustias,
715 4416 738 4474 si
762 4417 890 4492 spatium
907 4433 961 4489 ego
984 4416 1080 4492 majus
1096 4414 1270 4474 harmonicis
1285 4420 1356 4475 meis
1378 4433 1569 4492 arrogassem.

309 4501 461 4574 Caesaris,
494 4521 540 4562 me
564 4502 699 4562 coelestis
722 4503 890 4562 harmoniae
915 4503 1086 4562 descensum
1109 4503 1146 4561 ad
1170 4520 1222 4562 nos
1253 4503 1330 4562 nolle
1353 4507 1495 4580 respicere
1519 4511 1571 4562 aut

220 4587 380 4648 attendere.
428 4587 504 4663 Quid
529 4589 623 4660 dicas,
656 4607 713 4646 non
737 4592 837 4665 capio,
868 4608 1014 4649 nonaum
1046 4593 1121 4649 enim
1154 4588 1230 4649 filius
1258 4591 1419 4668 sapientias
1442 4589 1568 4650 Herme-

222 4674 307 4746 ticao,
331 4693 385 4736 nec
408 4679 526 4736 assuevi
548 4677 744 4736 locutionibus
768 4677 977 4752 aenigmaticis.
1023 4677 1098 4736 Nam
1122 4676 1157 4735 dc
1172 4677 1330 4738 Jamblicbi
1347 4676 1464 4738 oraculo
1481 4694 1569 4754 supra

203 4765 294 4822 ·satis
318 4766 399 4838 cari,
423 4764 572 4840 quomodo
596 4763 625 4823 id
649 4766 737 4824 etiam
760 4781 816 4842 ego
839 4763 1010 4840 intelligam.
1059 4765 1108 4823 list
1130 4781 1190 4823 una
1212 4782 1283 4826 sana
1307 4767 1396 4840 ratio,
1428 4781 1488 4841 qua
1510 4782 1569 4824 non
