3676 5536
247 349 309 411 236
662 339 705 395 De
725 334 989 406 configurationibus
1007 337 1184 394 Harmonicis.

245 521 277 576 flt
293 520 340 575 ille
361 519 420 589 ipse
438 515 659 586 configurationis
677 514 799 584 angulus.
837 511 911 579 uuas
930 511 1002 568 inter
1018 513 1120 581 egum
1139 514 1274 583 quodnam
1293 517 1328 571 sit
1346 517 1504 592 discrimen,
1527 539 1596 593 quas

247 599 366 658 vicissim
384 595 526 668 cognatio,
551 609 584 650 ex
602 594 678 649 bisce
697 592 893 660 schematibus,
919 607 990 662 quae
1011 591 1075 649 binc
1092 593 1186 650 ordine
1211 605 1240 648 se
1267 601 1361 650 mutuo
1385 609 1598 668 consequuntur,

245 680 280 737 ad
299 679 405 734 oculum
421 679 506 746 patet
541 675 610 730 Bina
628 685 744 740 namque
766 672 905 727 schemata
927 679 992 728 sunt
1010 669 1234 731 ὀπιπικοοθοια,
1252 673 1373 743 ‘primurn
1396 676 1527 734 diameter
1545 682 1597 737 sipi

379 792 428 841 „3⁸
442 788 477 832 at.
609 742 675 824 ipit,
694 769 742 808 seu
759 743 864 809 biseeet
882 752 1009 807 circulum
1029 751 1111 807 ducta
1127 767 1176 820 per
1193 757 1323 822 centrum,
1343 769 1391 809 seu
1408 763 1516 828 tangas,
1536 773 1596 814 cum

611 833 664 888 duo
681 831 749 887 radii
772 847 823 900 pro
840 832 942 901 angulo
967 831 1035 886 duos
1058 835 1147 886 metes
1165 844 1214 884 seu
1232 830 1323 898 potius
1345 835 1472 902 angulum
1492 838 1596 893 nullum

610 911 728 980 iaciunt,
746 912 773 966 lu
791 911 890 968 lineam
909 925 989 965 unam
1007 916 1110 966 rectam
1122 909 1251 965 ordinati.
1288 910 1362 966 idem
1378 915 1549 982 cogitandum
1563 915 1597 972 de

610 991 801 1061 conjunctione
818 986 859 1064 (l,
884 990 926 1045 vel
948 985 988 1065 (l)
1006 988 1182 1058 planetarum,
1201 1004 1272 1057 quae
1283 989 1429 1060 improprie
1447 993 1601 1074 configura3

610 1072 649 1128 tio
667 1071 771 1127 dieitur.
807 1071 877 1126 Nam
894 1070 917 1124 si
936 1069 990 1124 duo
1008 1067 1134 1138 planetae
1146 1069 1247 1125 fuerint
1263 1071 1314 1126 sub
1327 1072 1420 1128 eodem
1433 1083 1533 1144 puncto
1551 1092 1596 1130 ao·

611 1151 688 1217 diaci,
707 1151 773 1206 tun'c
789 1150 817 1204 in
829 1157 923 1206 centro
933 1148 1048 1217 angulus
1058 1147 1207 1213 nutussst,
1224 1149 1251 1203 in
1265 1151 1481 1210 circumferentia
1497 1155 1597 1212 infiniti

612 1239 640 1286 et
661 1231 747 1286 latera
764 1230 866 1300 figurae
884 1235 948 1284 suut
965 1235 1079 1298 puucta3
1099 1229 1215 1284 circulus
1233 1231 1338 1287 seilicet
1355 1239 1397 1288 est
1414 1234 1498 1290 ueluti
1511 1235 1599 1307 figura

607 1305 804 1378 iufiuitangule.
840 1309 915 1364 Haec
936 1307 1113 1377 configuratio
1130 1323 1184 1364 nou
1206 1308 1302 1366 habuit
1320 1327 1390 1382 opus
1411 1322 1597 1382 repraesenta-

608 1393 683 1447 tione
701 1388 811 1446 oculari.

697 1467 802 1523 Deinde
820 1471 980 1534 tetragonus
998 1465 1078 1519 edam
1097 1465 1148 1520 sibi
1165 1467 1218 1537 ipsi
1232 1466 1415 1540 damnosis,
1434 1473 1497 1542 quia
1514 1489 1597 1545 ungu·

610 1550 667 1617 lus,
686 1562 766 1617 quem
785 1545 837 1602 duo
854 1546 941 1599 latera
958 1543 1074 1598 formant
1095 1543 1123 1599 in
1148 1546 1375 1618 circumferentia,
1402 1559 1535 1624 nequatur
1552 1569 1598 1608 un·

611 1629 675 1699 gulo
694 1629 722 1682 iu
740 1631 847 1694 centro,
872 1639 951 1694 quem
970 1621 1108 1677 subtendit
1131 1639 1214 1679 unum
1240 1627 1321 1682 latus.
1357 1628 1400 1684 Ex
1425 1646 1457 1685 eo
1475 1633 1598 1702 trigonus

611 1711 762 1776 hexagono,
780 1711 951 1775 pentagonus
970 1702 1064 1757 subse
1082 1704 1316 1774 quinquangulus,
1334 1715 1483 1778 octogonus
1502 1712 1598 1768 step„

611 1785 786 1855 oetangulae,
814 1784 967 1851 decagonus
991 1779 1085 1837 stellae
1109 1780 1290 1853 decaugulae,
1318 1785 1507 1857 dodecagouue
1533 1791 1598 1846 duo.

613 1863 779 1935 decangulao
797 1861 1032 1931 ἀπιπεκονθιισιη
1057 1868 1089 1916 ut
1106 1859 1129 1915 si
1147 1862 1227 1919 nnius
1245 1879 1279 1919 en
1298 1866 1378 1922 sociis
1396 1869 1487 1935 anguli
1505 1885 1599 1924 omnes
1690 1927 1692 1930 ,

610 1945 732 2015 inscripti
750 1942 860 1998 suntin
879 1938 1130 2008 circumferentiam,
1149 1941 1220 1996 latus
1234 1943 1293 2011 qius
1312 1944 1450 2001 subtendit
1463 1949 1598 2020 angulum,

609 2024 707 2094 reliqui
731 2037 814 2078 uuum
837 2020 865 2074 iu
889 2025 982 2073 centro
1000 2017 1170 2075 collocatum.
1209 2021 1308 2076 Centra
1325 2032 1415 2078 susem
1437 2025 1599 2082 circulorum

611 2104 729 2160 omnium
748 2101 910 2157 adumbrant
927 2097 1050 2163 Terram,
1078 2097 1197 2154 velutin
1214 2101 1302 2158 medio
1321 2105 1410 2168 situm
1436 2107 1528 2162 circuli
1546 2108 1598 2176 ipsi

609 2183 652 2239 vel
670 2182 824 2249 zodiacum,
844 2194 877 2233 ex
895 2177 980 2233 Terra
997 2177 1185 2248 lmagu'natum,
1203 2191 1421 2254 repraesentant,
1445 2184 1487 2240 vel
1506 2202 1598 2255 quern·

610 2277 718 2331 cunque
736 2259 817 2316 aliurn
835 2256 964 2312 circulum
982 2255 1093 2312 zodiaco
1106 2258 1319 2331 subordinatum,
1338 2263 1532 2326 metiendorum
1552 2283 1597 2322 an·

246 2342 371 2414 gulorum
390 2360 473 2400 causa
489 2343 683 2414 imaginatum
701 2340 796 2412 quales
815 2335 908 2394 circuli
919 2341 1061 2404 potestate
1080 2344 1145 2392 suut
1163 2340 1268 2397 animae
1285 2343 1375 2412 ipsae.
1401 2359 1472 2412 quae
1489 2362 1597 2400 mosen·

246 2433 290 2480 tur
307 2423 475 2494 aspectibus,
493 2424 586 2479 circuli
604 2422 663 2478 scil.
682 2422 717 2477 ab
735 2421 795 2489 ipsa
811 2415 894 2472 veluti
913 2413 1062 2484 quantitate
1081 2416 1212 2474 abstracti
1232 2420 1314 2489 inqua
1331 2423 1425 2492 puncti
1444 2424 1594 2491 qualpqqgg

246 2507 274 2556 el
290 2501 429 2580 illidium
448 2505 558 2573 capacis
577 2504 717 2572 angustias
735 2499 845 2557 redacti.

331 2599 414 2654 Posui
432 2607 522 2656 sutem
539 2599 631 2656 stellas
650 2599 717 2654 duas
736 2597 872 2655 radiantes
891 2605 969 2656 extra
985 2600 1059 2654 bunc
1075 2597 1214 2665 circulum,
1242 2599 1323 2653 alium
1342 2599 1396 2654 alla
1414 2599 1547 2677 alborem,
1566 2611 1597 2658 ut

247 2675 348 2730 oculari
366 2679 617 2748 repraesentatione
634 2693 781 2746 monerem,
799 2677 865 2733 nibil
884 2681 988 2736 referre
1006 2678 1039 2735 ad
1058 2677 1298 2747 configurationem
1316 2681 1343 2734 in
1362 2678 1454 2748 Terra,
1473 2680 1545 2737 altus
1563 2697 1597 2737 an

245 2753 354 2810 humilis
372 2757 483 2826 planeta
501 2757 580 2812 sitin
599 2758 683 2820 coelo,
703 2765 730 2812 et
749 2773 831 2828 posse
848 2776 932 2815 unum
951 2761 1005 2814 alio
1024 2759 1115 2814 multis
1133 2757 1236 2813 vicibus
1249 2773 1309 2813 esse
1322 2756 1453 2829 altiorem,
1472 2769 1598 2818 manente

247 2833 341 2889 eadem
359 2835 572 2904 configuratione
589 2837 618 2891 in
636 2837 728 2892 Terra.

334 2931 433 3000 Porro,
458 2932 531 3001 quod
548 2933 576 2987 in
594 2933 728 2989 axiomata
747 2925 835 3004 ptimo
853 2949 907 2989 uox
924 2950 1077 3003 congrua
1098 2935 1249 3004 praecedit,
1275 2933 1442 2990 insecundo
1464 2951 1516 2990 uox
1535 2937 1597 2991 aei·

214 3009 345 3078 abilis,
363 3011 391 3064 id
409 3026 464 3066 non
481 3009 601 3074 fortuito,
620 3013 668 3066 sed
687 3014 777 3069 studio
797 3013 898 3070 iactum
917 3021 967 3071 est.
1004 3016 1074 3070 Nam
1091 3014 1164 3083 quod
1177 3013 1273 3086 aliquis
1287 3023 1414 3084 aspectus
1433 3021 1476 3070 est
1489 3013 1597 3090 efficax,

245 3089 273 3145 iu
292 3105 375 3145 causa
392 3097 434 3144 est
453 3093 566 3158 utruque
584 3089 681 3157 figura
699 3100 755 3147 tam
773 3093 822 3148 illa
839 3109 909 3163 quae
927 3094 1059 3162 iuscripta
1077 3101 1119 3150 est
1137 3093 1165 3147 in
1177 3091 1426 3158 circumferentiam,
1445 3107 1525 3162 quam
1543 3093 1596 3158 illa

246 3169 411 3240 cujusnam
430 3168 544 3235 angulus
563 3165 695 3224 formatur
719 3187 769 3239 per
786 3171 878 3226 radios
896 3171 924 3226 in
943 3177 1048 3238 centro,
1072 3177 1187 3239 utraque
1210 3181 1264 3226 um
1289 3179 1401 3242 propter
1418 3171 1596 3244 scibilitatem

246 3264 327 3318 quam
344 3256 457 3318 propter
475 3248 693 3318 congruentiam,
719 3265 772 3305 non
790 3249 819 3305 id
835 3259 925 3305 tamen
945 3249 1102 3320 aequaliter.
1138 3251 1212 3319 Quae
1231 3249 1321 3304 omnia
1342 3250 1463 3319 indigent
1480 3249 1596 3318 expliea-

153 3381 155 3388 ,
245 3329 319 3384 tione
337 3327 418 3398 paulo
437 3326 591 3398 prolixiori,
621 3343 690 3396 quae
708 3333 830 3382 curtam
849 3329 885 3382 sit
903 3327 1026 3398 spinosa,
1051 3343 1134 3383 causa
1152 3335 1194 3383 cst
1210 3328 1305 3396 unica,
1323 3336 1355 3383 ut
1373 3337 1531 3398 aspectuum
1549 3343 1597 3382 uu·

246 3421 336 3462 merus
360 3407 554 3478 philosophicis
578 3406 727 3463 rationibus
752 3407 849 3474 minui,
876 3405 919 3462 uel
944 3406 1040 3462 saltem
1063 3407 1091 3462 iu
1115 3407 1215 3478 padus
1234 3416 1324 3463 certos
1349 3406 1478 3476 distingui
1501 3408 1596 3478 possit.

246 3483 315 3539 llam
334 3485 410 3541 siud
429 3485 543 3540 usitatos
567 3493 630 3540 octo
653 3491 772 3555 quatuor
796 3484 909 3554 insuper
926 3485 1068 3541 admittere
1087 3485 1233 3540 voluissem
1258 3486 1317 3541 eine
1341 3485 1413 3540 ouini
1438 3485 1598 3555 discrimine,

247 3565 380 3635 potuisset
397 3566 466 3620 baec
484 3565 633 3634 disputatio
652 3580 744 3620 carere
764 3563 868 3632 aliquot
887 3563 1063 3633 sequentibus
1080 3564 1158 3634 quasi
1170 3563 1409 3634 propositionibus,
1427 3565 1528 3634 quippe
1540 3571 1598 3619 tan·

250 3650 308 3702 mm
326 3645 354 3699 in
373 3645 575 3715 comparatione
594 3644 741 3713 occupatis.

334 3736 564 3815 Propositio
585 3734 611 3795 I.
655 3735 753 3811 Maior
785 3741 829 3794 eet
858 3735 1053 3796 radiationum
1083 3737 1219 3812 coguatio
1250 3752 1316 3796 cum
1338 3735 1446 3795 circulo
1478 3737 1598 3813 eiusque

247 3826 388 3898 acubus,
411 3842 500 3902 quam
525 3832 588 3884 erat
610 3823 876 3885 consonantiarum.

335 3924 419 3994 cnjus
438 3924 616 3982 fundamenta
632 3923 701 3979 libro
717 3922 765 3978 111.
784 3923 933 3992 praemissa
950 3929 1027 3990 stunt,
1053 3921 1152 3991 idjam
1169 3922 1196 3976 in
1215 3923 1313 3977 librum
1332 3922 1378 3976 IV.
1398 3923 1494 3978 merito
1512 3931 1598 3978 trans

246 4013 399 4062 sumeretur
416 4013 448 4061 ut
466 4005 587 4068 axiomac
615 4005 747 4075 probatur
763 4009 853 4056 tamen
872 4003 919 4058 eie.
957 4003 986 4070 1)
1005 4003 1204 4058 consonantiae
1222 4011 1286 4058 suut
1304 4017 1440 4069 sonorum,
1459 4002 1520 4056 soni
1538 4017 1598 4058 eon·

395 4122 445 4172 m
461 4122 494 4165 η
640 4083 740 4138 sistunt
756 4081 783 4136 in
802 4081 929 4147 motibus,
947 4081 1109 4151 illorumque
1128 4073 1248 4142 acumina
1274 4089 1302 4135 et
1319 4079 1476 4149 gravitates,
1502 4080 1599 4150 quibus

638 4161 832 4216 consonantiae
851 4162 1050 4230 exprimuntur,
1078 4160 1201 4214 oriuntur
1225 4159 1398 4214 sceleritate
1422 4163 1452 4212 et
1474 4159 1599 4214 tarditate

541 4269 544 4279 v
638 4248 768 4298 motuum.
786 4256 837 4310 per
854 4239 1037 4295 demonstrata
1054 4237 1115 4293 libri
1133 4236 1182 4292 ΙΙΙ.
1219 4239 1302 4307 Atqui
1328 4240 1434 4294 sonitus
1452 4240 1555 4294 celeres
1573 4245 1600 4293 ct

639 4318 710 4374 tardi
730 4318 875 4373 eliciuntur
898 4335 931 4373 ex
949 4318 1035 4374 tensis
1058 4317 1191 4389 pulsatis,
1215 4333 1270 4371 non
1293 4323 1397 4372 tautum
1421 4317 1445 4372 ai
1462 4318 1599 4373 circularis

640 4399 675 4455 sit
693 4397 795 4465 tensio,
822 4397 971 4454 sedetiam
994 4403 1021 4452 et
1038 4396 1123 4452 multo
1142 4396 1227 4464 magis
1250 4396 1274 4451 si
1296 4397 1444 4452 rectilinea.
1479 4397 1543 4451 Non
1559 4412 1599 4452 re·

640 4475 759 4547 spiciunt
778 4475 860 4544 igitur
877 4477 1069 4533 consonantiae
1083 4476 1236 4532 immediate
1248 4475 1378 4531 circulum
1395 4475 1508 4543 ejusque
1522 4493 1600 4532 arcus

639 4569 721 4610 causa
740 4569 806 4609 suae
823 4553 927 4622 figurae
946 4555 1091 4624 circularis,
1110 4557 1159 4610 sed
1176 4571 1258 4610 causa
1276 4553 1454 4621 longitudinis
1473 4553 1599 4622 partium,

639 4635 822 4704 proportionis
840 4650 877 4688 sc.
897 4633 1004 4689 illarum
1026 4642 1136 4690 mutuae
1159 4633 1328 4701 habentque,
1352 4631 1426 4699 quuod
1443 4631 1559 4700 babent,
1584 4646 1600 4685 a

638 4712 754 4781 cuculo,
780 4713 860 4767 mam
879 4719 959 4780 tuuc,
983 4713 1006 4767 si
1024 4714 1140 4768 circulus
1158 4713 1311 4768 destructus
1334 4710 1416 4779 inque
1434 4719 1537 4767 rectum
1556 4727 1601 4765 ex·

637 4797 731 4846 meus
750 4799 801 4847 est.
837 4792 974 4860 aspectus
992 4799 1085 4848 contra
1097 4793 1152 4860 ‘per
1170 4791 1353 4846 definitionem
1375 4794 1397 4847 l.
1417 4797 1481 4846 sunt
1499 4789 1600 4859 anguli,
