3698 5534
278 337 341 397 2⁵18
663 330 706 384 Da
723 327 845 385 Motibus
862 326 1037 382 Plancianum
1055 325 1234 382 Harmonicis.

278 527 330 572 mee
353 511 532 570 eneenuteae
552 507 667 569 orbitae
687 509 783 567 outae
804 506 936 568 babeant
957 508 1038 566 inter
1058 523 1088 564 ee
1100 510 1330 582 proportionem
1343 523 1478 566 eausam
1495 521 1627 582 propor-

238 617 254 628 ·
281 601 372 658 itania
393 597 623 656 intervallorum
645 596 781 655 duorum
803 613 823 652 a
847 593 924 655 Sole.
953 592 1063 674 ·Simul
1087 602 1184 653 autem
1215 593 1444 653 demonstratum
1466 602 1511 652 eat
1533 611 1551 651 a
1573 609 1627 664 nra,

277 685 408 748 orbitam
427 684 572 758 planetae
594 700 652 743 esee
674 683 847 759 eiliptieam,
870 689 898 740 et
921 682 1040 755 Solem,
1062 682 1178 758 [ouum
1200 689 1308 756 matres
1330 699 1389 740 esre
1410 683 1445 739 im
1467 682 1562 741 attero
1581 682 1630 758 {a-

277 789 382 833 corum
405 772 497 844 bujres
519 771 638 846 ellipsis,
661 774 765 846 itaque
785 769 864 844 fleri,
887 777 923 828 ut
940 769 1084 845 planeta,
1115 769 1253 829 absoluto
1274 772 1365 830 totius
1386 771 1530 827 maritus
1552 787 1629 844 quo-

219 929 223 944 ·
270 862 386 920 drante
414 875 435 916 a
456 873 511 917 cuc
534 859 669 935 apltelia',
696 859 830 932 praedae
858 857 1006 916 mediocre
1034 855 1141 916 babeat
1166 857 1365 915 intervallum
1395 875 1415 915 a
1439 855 1522 930 Sale,
1553 859 1632 914 inter

278 950 451 1008 monimum
474 947 507 1002 in
531 945 649 1020 apbelio
678 951 706 1004 et
726 947 891 1003 minimum
914 947 949 1002 iu
969 944 1122 1021 periiselio.
1168 943 1212 1002 Ex
1241 943 1287 1002 his
1310 959 1381 1003 vero
1410 941 1524 1002 duobus
1547 945 1631 1002 axio-

282 1035 411 1094 matibus
433 1031 594 1103 conficitur,
624 1040 660 1092 ut
681 1031 813 1096 diurnus
831 1032 976 1108 planetae
996 1030 1114 1090 medius
1136 1038 1235 1092 mutua
1258 1035 1293 1090 in
1314 1034 1474 1092 eccentrico
1495 1029 1574 1089 idern
1595 1033 1634 1090 eit

278 1131 306 1184 et
327 1139 416 1181 uersu
439 1121 502 1193 ejus
524 1123 677 1178 eccentrici
700 1137 791 1178 arcus
814 1117 946 1178 diurnus
975 1119 1035 1176 iliis
1056 1121 1230 1192 momentis,
1260 1119 1369 1194 quibua
1390 1120 1515 1194 planeta
1537 1121 1634 1178 ertia

276 1210 335 1287 piae
362 1205 543 1284 quadrantis
572 1209 727 1266 eccentrici
757 1207 795 1265 ab
828 1205 960 1283 apleelio¹
974 1209 1159 1280 computati,
1190 1206 1258 1265 licet
1278 1207 1328 1266 ille
1356 1205 1514 1282 quadrans
1544 1221 1634 1265 verua

278 1297 378 1356 adbuc
399 1297 501 1353 minor
523 1302 674 1370 appareat
697 1297 781 1367 justo
804 1293 985 1368 quadrante.
1031 1293 1170 1368 Sequitur
1198 1293 1339 1370 amplius,
1371 1293 1452 1370 quod
1479 1293 1540 1350 duo
1563 1295 1633 1368 qui-

277 1401 396 1459 cunque
419 1399 509 1441 arcera
531 1384 686 1441 eccentriei
708 1381 814 1440 diurni
836 1383 998 1455 υεήεείεπί,
1023 1379 1192 1456 aequaliter
1214 1397 1283 1448 aere
1305 1381 1465 1452 distanter,
1495 1380 1573 1438 alter
1594 1379 1633 1438 ab

279 1471 405 1548 aphelio,
429 1470 507 1528 alter
528 1489 549 1528 a
569 1469 730 1546 perindie,
749 1471 852 1541 juncti
873 1475 1004 1543 aequent
1024 1467 1101 1527 duaa
1122 1467 1250 1528 diurnos
1272 1469 1400 1544 media,-
1432 1475 1461 1528 et
1488 1483 1541 1544 per
1563 1483 1635 1526 con-

279 1567 425 1635 sequeus,-
449 1573 518 1615 cum
549 1560 588 1616 eit
615 1555 720 1616 eadem
750 1556 935 1615 ciradorum
965 1557 1137 1632 proportio,
1177 1573 1255 1631 quae
1286 1547 1522 1626 diametrorum,
1553 1553 1635 1631 quod

203 1693 205 1701 .
279 1646 384 1706 eadem
410 1647 448 1702 sit
476 1649 633 1720 proportio
659 1646 753 1701 unius
783 1643 890 1702 diumi
911 1641 1004 1702 medii
1025 1642 1068 1701 ad
1085 1644 1209 1716 ,iunctae
1230 1644 1342 1704 medios
1370 1659 1472 1704 amaea
1501 1645 1582 1702 inter
1606 1659 1635 1701 re

279 1735 427 1810 aequales,
451 1739 616 1808 quatiunt
637 1733 672 1789 in
695 1737 755 1790 toto
777 1733 916 1804 circuitu,
942 1737 1084 1806 quaeest
1105 1729 1197 1790 medii
1219 1731 1326 1790 diurni
1348 1731 1391 1814 ad
1406 1733 1529 1804 junctos
1550 1745 1636 1789 vuer
1697 1745 1700 1754 ·

279 1829 382 1880 omnes
403 1835 494 1878 arcaea
515 1823 703 1892 ececntricce,
733 1817 856 1878 totidem
877 1835 1024 1893 numero,
1047 1817 1099 1877 ted
1118 1821 1198 1901 intpr
1219 1835 1250 1878 ee
1270 1819 1454 1895 inaequales.
1500 1817 1536 1875 Et
1559 1816 1634 1877 baec

284 1907 322 1967 ds
344 1909 422 1966 veris
446 1909 598 1966 eceentrici
620 1905 746 1966 arcubus
770 1903 879 1964 diurnis
904 1904 999 1981 deque
1021 1907 1099 1966 reris
1115 1907 1244 1966 motibus
1264 1915 1333 1964 sunt
1348 1903 1634 1983 praecognoscenda,

281 2002 314 2054 ut
333 1994 397 2071 jim
420 2011 457 2052 ex
480 1995 517 2052 iis
540 1993 738 2071 intelligemus
761 2001 859 2051 motus
882 2001 1074 2069 apparentes,
1099 1992 1185 2052 oculo
1209 1996 1238 2052 in
1262 1992 1330 2053 Sole
1354 1994 1515 2070 supposito.

368 2081 468 2142 Sexto.
514 2080 663 2158 Quantum
694 2095 763 2138 vero
787 2082 893 2140 attinet
925 2097 1008 2140 arcus
1033 2090 1209 2158 apparentes
1239 2081 1324 2140 velut
1351 2099 1386 2141 ex
1410 2080 1503 2154 Sols,·
1531 2081 1634 2138 notum

282 2178 328 2230 est
350 2170 530 2245 exantiqua
562 2172 650 2229 etiam
674 2170 867 2241 muonomia,
902 2167 980 2243 qaod
1004 2185 1040 2227 ex
1062 2169 1192 2228 motibus
1224 2172 1315 2244 veris,
1348 2170 1435 2228 etiam
1458 2166 1633 2243 aequalibus

282 2261 357 2318 iuter
378 2275 427 2330 se,
460 2259 486 2315 is
509 2259 558 2332 qui
581 2257 699 2332 longius
727 2264 867 2315 aceruo
891 2255 992 2316 mundi
1014 2257 1135 2314 recessit
1159 2259 1203 2332 (ut
1226 2259 1276 2331 qui
1299 2265 1343 2316 est
1369 2258 1399 2314 in
1422 2247 1556 2336 aphelic)
1579 2271 1635 2331 ap-

279 2353 384 2430 pareat
407 2359 471 2405 esse
493 2348 588 2404 minor
609 2345 762 2421 spectanti¹
778 2361 814 2402 ex
836 2339 888 2401 illa¹
912 2352 1020 2416 centro,
1045 2345 1094 2418 qui
1117 2345 1236 2420 propior
1259 2347 1305 2418 sit,
1328 2351 1361 2402 ut
1376 2347 1426 2419 qui
1441 2351 1486 2402 εει
1507 2345 1537 2402 in
1552 2343 1634 2417 pari-

280 2434 369 2507 helio,
401 2433 478 2492 idem
508 2441 537 2491 et
565 2433 668 2508 major.
722 2428 795 2488 Cum
826 2433 914 2506 igitur
943 2433 1062 2505 insuper
1091 2433 1178 2498 etiam
1211 2431 1337 2507 majores
1366 2433 1426 2489 sint
1456 2432 1517 2489 reri
1548 2445 1634 2488 arcus

283 2521 380 2580 diurni
402 2524 431 2578 in
454 2522 634 2597 propinquo,
663 2525 781 2594 propter
810 2525 921 2576 mutum
945 2517 1129 2596 celeriorem,
1158 2520 1284 2576 minores
1313 2521 1344 2576 in
1372 2517 1488 2596 aphelio
1511 2525 1632 2590 remoto,

283 2617 403 2686 propter
424 2615 522 2666 motus
544 2606 725 2677 tarditatem,
750 2603 818 2664 binc
840 2621 896 2680 ego
919 2603 1118 2664 demonstravi
1141 2607 1170 2662 in
1190 2605 1383 2678 Martialibus,
1404 2608 1634 2682 proportionem

285 2699 502 2772 apparentium
524 2709 655 2754 arcarum
679 2691 864 2752 diurnorum
886 2695 981 2751 unius
996 2696 1150 2752 eccentrici
1164 2697 1237 2752 sotis
1254 2697 1389 2770 praeciae
1407 2693 1533 2770 duplam
1548 2709 1634 2752 wer·

283 2800 350 2841 eam
372 2799 431 2842 ease
451 2783 657 2856 proportionis
686 2797 813 2839 sumum
836 2781 1071 2840 intervallorum
1100 2799 1121 2839 a
1144 2779 1220 2841 Sole.
1266 2778 1306 2841 Ut
1327 2783 1352 2840 si
1374 2781 1505 2857 planeta.
1521 2784 1550 2838 in
1572 2795 1633 2838 una

283 2870 402 2928 abarum
426 2869 553 2942 dierum,
585 2865 702 2943 quanda
726 2869 822 2925 estin
846 2866 976 2943 aphelio,
1007 2861 1129 2927 distaret
1151 2885 1169 2926 a
1191 2867 1261 2932 Sole
1282 2869 1429 2944 partibus,
1458 2885 1633 2944 quacunque

282 2972 428 3028 mensura,
455 2954 506 3034 10,
527 2959 557 3014 in
580 2957 717 3032 opposita
738 2953 801 3026 die,
832 2954 948 3029 quando
972 2963 1017 3014 est
1039 2957 1069 3012 in
1091 2955 1248 3032 peribalio,
1279 2957 1410 3032 pertibus
1433 2956 1633 3015 consimilibus

285 3045 320 3102 92
353 3051 546 3116 certumest,
577 3041 656 3120 quad
680 3059 715 3102 ex
738 3041 807 3102 Sole
831 3057 975 3118 apparens
1005 3043 1069 3118 ejus
1097 3045 1242 3119 promotio
1273 3045 1302 3100 in
1326 3043 1444 3120 a'pbelio
1475 3043 1572 3102 lutura
1596 3045 1634 3102 sit

274 3129 327 3190 ad.
343 3139 531 3208 apparentem
555 3133 582 3187 in
605 3127 763 3207 paribelio,
787 3131 862 3188 sicut
887 3131 924 3186 81
950 3129 988 3188 ad
1014 3130 1084 3190 100.

334 3265 337 3272 .
371 3217 436 3278 Ηοε
458 3226 557 3277 autem
580 3235 683 3278 verum
703 3224 749 3275 ast
775 3233 842 3276 cnm
863 3216 910 3275 bis
938 3217 1139 3276 sandonibus:
1169 3218 1281 3294 primo,
1313 3223 1345 3276 ut
1372 3233 1457 3278 arens
1480 3218 1633 3277 eecentrici

285 3321 343 3364 non
367 3309 427 3365 sint
447 3306 556 3381 magui,
580 3321 616 3364 ne
638 3306 853 3364 communicant
875 3320 941 3362 cum
964 3304 1110 3362 distantiis
1135 3304 1258 3364 diversis
1277 3305 1401 3364 multam
1424 3303 1632 3378 differentibus,

283 3394 340 3452 boe
364 3403 408 3452 est
430 3408 466 3453 ue
490 3400 646 3452 murentur
668 3392 836 3452 sensibilem
854 3394 1031 3452 uarietatem
1054 3389 1210 3452 distantiae
1240 3397 1428 3452 terminorum
1452 3408 1570 3451 suoram
1594 3393 1631 3451 ab

283 3479 453 3559 apsidibus3
477 3479 592 3554 deinde,
615 3488 649 3538 ut
670 3483 869 3539 aecentricitas
892 3497 950 3539 non
973 3481 1011 3538 sit
1033 3479 1121 3538 ralde
1144 3497 1267 3556 magna,
1295 3498 1364 3540 uam
1386 3497 1444 3556 quo
1467 3480 1560 3554 majm
1582 3495 1633 3541 ae-

283 3571 465 3643 cautricitas,
494 3585 534 3627 sc.
559 3584 617 3644 quc
640 3567 788 3644 majorini
811 3585 910 3639 arcus,
939 3567 996 3627 bac
1018 3570 1111 3642 magis
1134 3575 1257 3642 augetur
1280 3569 1342 3643 ejus
1366 3571 1554 3646 apparentiae
1578 3585 1633 3626 an·
1673 3602 1676 3608 ,

282 3656 369 3732 quius
398 3653 476 3715 altra
507 3656 658 3715 modulam
686 3656 979 3732 appropinquationis
1016 3672 1088 3714 suae
1119 3655 1155 3713 ad
1187 3654 1301 3729 Salem,
1334 3673 1387 3732 per
1419 3655 1567 3714 theorema
1603 3657 1631 3714 8.

284 3741 455 3820 Opticorum
478 3742 623 3818 Euclidis3
647 3742 726 3818 quod
748 3749 845 3801 tamen
867 3744 898 3800 in
922 3743 1048 3801 arcubus
1069 3745 1169 3819 parvis
1191 3753 1220 3802 et
1240 3759 1347 3819 magna
1363 3743 1501 3802 distantia
1522 3741 1632 3802 nullius

285 3839 330 3890 est
351 3831 509 3904 momenti,
533 3838 566 3889 ut
588 3833 616 3887 in
640 3832 713 3889 meis
738 3827 851 3906 Opticis
874 3831 970 3905 capite
999 3833 1047 3890 ll.
1070 3833 1180 3889 monui.
1224 3829 1283 3889 Sed
1307 3839 1352 3890 est
1374 3831 1433 3889 alia
1455 3842 1560 3906 causa,
1582 3847 1633 3890 cnr

283 3917 339 3977 boc
360 3933 504 3978 moneam.
550 3917 625 3977 Nam
648 3933 732 3977 araus
755 3919 908 3976 eccentrici
937 3918 1014 3975 eirca
1036 3917 1148 3977 medias
1172 3918 1334 3977 anomaliae
1361 3919 1553 3995 inspiciuntur
1576 3918 1631 3976 ob-

283 4005 363 4082 lique
386 4023 421 4064 ex
445 4012 544 4064 cantro
567 3994 656 4084 Solis,¹
678 4021 754 4080 quae
778 4003 938 4078 obliquitas
961 4005 1067 4062 minuit
1090 4008 1278 4082 apparentiae
1301 4006 1541 4081 magnitudinem,
1565 4023 1630 4065 cunr

282 4111 318 4154 ex
341 4089 466 4152 adverso
489 4109 573 4152 arcus
596 4093 672 4151 cirea
694 4091 813 4166 apsidas
836 4093 983 4167 aspectui,
1008 4091 1090 4152 reiut
1113 4096 1142 4150 in
1166 4091 1235 4152 Sole
1258 4094 1421 4166 collocato,
1452 4093 1632 4168 objiciantur

283 4189 370 4240 recte.
416 4179 541 4254 Quando
563 4181 651 4256 igitur
673 4179 873 4239 eeccntrieitss
897 4185 941 4236 est
963 4179 1050 4238 valde
1073 4197 1196 4256 magna,
1220 4189 1290 4240 tunc
1312 4180 1489 4241 sensibiliter
1510 4188 1631 4241 nocetur

286 4269 465 4345 proportioni
488 4275 628 4339 motuum,
652 4267 677 4324 si
697 4273 809 4325 motum
831 4264 959 4324 medium
987 4265 1121 4326 diurnum
1149 4270 1211 4327 sine
1235 4267 1427 4328 diminutione
1449 4268 1630 4346 applicemus

285 4353 440 4414 distantiae
462 4354 615 4428 mediocri,
629 4355 723 4430 ‘quasi
745 4355 771 4411 is
795 4370 830 4412 ex
854 4352 993 4412 distantia
1014 4353 1153 4414 mediocri
1176 4363 1276 4415 tantus
1299 4364 1471 4432 appareret,
1504 4363 1630 4432 quantus

286 4447 340 4512 est,
362 4449 395 4498 ut
416 4441 491 4500 inira
513 4444 541 4500 iu
564 4441 709 4501 Mercurio
737 4441 901 4518 apparebit.
948 4440 1033 4500 Haec
1055 4447 1154 4501 omnia
1183 4443 1324 4518 prolixius
1346 4441 1498 4502 traduntur
1523 4447 1552 4501 iu
1576 4443 1629 4520 Ep.

286 4528 364 4586 Astr.
388 4526 605 4604 Goparnieanae
628 4529 693 4588 Lib.
717 4527 762 4601 Y,
794 4528 913 4588 inerunt
942 4535 1042 4590 autem
1069 4530 1117 4590 bie
1146 4533 1235 4590 etiam
1264 4531 1529 4605 commemorande,
1560 4533 1630 4607 quia

199 4663 201 4670 ,
286 4615 412 4674 attineat
432 4615 592 4689 ipsissimas
614 4618 752 4677 terminos
775 4616 993 4678 harmoniarum
1016 4615 1204 4692 coelestium,
1227 4635 1278 4696 per
1299 4636 1333 4678 se
1354 4618 1486 4696 singulos
1508 4621 1628 4679 seorsim

286 4699 493 4764 consideratos.

372 4787 513 4872 Septimo.
557 4787 589 4847 Si
611 4793 658 4854 cui
680 4793 754 4852 torte
777 4797 930 4854 amorraei
951 4793 972 4849 ii
994 4799 1091 4852 motus
1114 4790 1218 4866 diurni,
1241 4795 1291 4870 qui
1311 4810 1368 4855 non
1385 4799 1524 4871 appareat
1547 4793 1630 4854 velut
