3480 5548
292 423 332 482 14
868 413 1039 472 Prooemium

291 595 361 656 dicit
381 594 529 672 Keplerus
548 595 672 674 primum
694 603 724 656 et
744 595 931 656 iorfimimum
955 595 1086 672 padum,
1115 595 1223 656 mna
1244 589 1402 655 secundum
1425 589 1547 669 gradum
1562 599 1634 667 etc,

289 701 350 744 nro.
376 685 407 744 5.
428 683 562 744 ultimum
585 691 613 743 et
634 682 851 744 imbecillimum
872 681 1002 759 gradum.
1048 681 1161 740 cauus
1184 677 1316 740 diversae
1339 680 1518 740 efficacitatis
1541 679 1634 757 hujus

289 773 408 830 suntin
430 771 535 832 natura
557 771 722 848 figurarum,
746 772 852 846 quibus
874 771 904 829 hi
926 775 1061 846 aspectus
1084 769 1223 842 nituntur,
1246 769 1276 825 iu
1298 766 1373 827 libro
1394 767 1418 828 L
1442 775 1586 827 enarrata.

400 857 497 936 Caput
518 857 586 920 Vll.
631 859 676 918 Ds
709 865 814 918 natura
842 857 992 916 sublunari
1019 854 1266 932 facultatibusque
1292 857 1408 914 animae
1435 854 1632 915 interioribus.

227 999 233 1013 ,
290 943 330 1006 Ut
351 949 482 1022 posuerit
501 954 649 1006 acturum
670 945 876 1015 sublunarem,
899 961 977 1020 quoe
996 946 1111 1018 praesti
1132 943 1289 1015 arenosa,
1312 949 1409 1002 motus
1423 950 1469 1002 est
1482 942 1633 1019 Keplerus

169 1075 172 1088 .
288 1032 353 1093 sola
376 1041 405 1092 et
427 1035 513 1094 unica
530 1040 735 1110 tempestatum
758 1033 962 1092 observatione
984 1037 1214 1106 aspectuumquc
1237 1030 1490 1107 contemplatione,
1522 1029 1633 1106 quibus

288 1120 357 1182 illae
379 1122 502 1180 cienturr
526 1123 787 1181 constantissimam
809 1119 1014 1195 experientiam
1036 1121 1145 1190 testari,
1168 1123 1277 1176 statum
1299 1120 1373 1177 aeris
1395 1119 1580 1190 commoveri,
1605 1119 1633 1175 si

289 1214 386 1268 essent
399 1215 543 1284 aspectus.
573 1207 628 1268 His
643 1209 756 1268 inuisus
771 1205 916 1282 Keplerus
931 1222 975 1280 eo,
990 1223 1076 1282 quem
1091 1207 1173 1264 initio
1188 1205 1375 1282 praelationis
1391 1203 1525 1279 dhimus,
1541 1204 1632 1264 modo
1734 1215 1735 1252 ³

288 1297 414 1370 mimam
428 1313 510 1356 suam
524 1296 710 1362 sublunarem
725 1297 872 1353 constituit
888 1301 976 1370 atquc
992 1297 1033 1353 ita
1047 1280 1155 1370 pergit:
1178 1291 1346 1368 specierum
1360 1292 1632 1355 mathematicaruur
1683 1326 1687 1338 ·

288 1383 349 1458 ills,
372 1399 447 1459 quae
470 1383 595 1444 choum
616 1382 728 1455 dicitur,
751 1383 827 1440 inest
846 1381 915 1441 huic
929 1383 1043 1442 animae
1056 1384 1132 1440 sicut
1144 1379 1299 1454 humanae,
1314 1397 1372 1439 non
1387 1386 1500 1440 tantum
1515 1389 1549 1440 ut
1563 1380 1632 1439 ide'a

287 1487 383 1530 rerum
406 1479 603 1545 crismatum,
627 1467 679 1528 sed
708 1469 795 1531 etiam
817 1476 850 1528 ut
871 1469 964 1528 torma
985 1467 1129 1545 quaedam
1151 1467 1243 1544 ipsius
1266 1471 1395 1540 ammae,
1424 1475 1453 1527 et
1475 1475 1507 1558 qt
1528 1484 1631 1544 prom·

288 1561 413 1618 tusrium
436 1561 553 1618 unicum
575 1557 668 1628 omnis
690 1557 830 1616 scientiae
852 1558 1046 1634 geometricae
1069 1564 1098 1616 ct
1118 1555 1326 1616 arithmeticae.
1369 1553 1506 1614 Facultas
1529 1554 1630 1614 vitalis

228 1641 230 1648 ’
288 1647 316 1702 in
346 1646 462 1704 homine
491 1662 549 1704 non
578 1650 691 1703 tantum
712 1643 879 1704 harmonias
906 1643 995 1704 radiis
1024 1641 1128 1710 lucidis
1155 1642 1304 1702 involutas
1333 1659 1432 1702 secum
1455 1643 1553 1716 habet,
1576 1641 1630 1722 sed

226 1730 231 1741 “
288 1736 376 1794 etiarn
397 1733 573 1805 harmonias,
595 1746 733 1790 sonorum
755 1733 907 1808 speciebus
929 1734 1112 1791 incrustatss.
1154 1729 1248 1790 Sonos
1269 1730 1343 1789 haec
1364 1729 1488 1790 iacultas
1509 1730 1630 1790 auribus

289 1820 394 1892 haurit,
416 1819 512 1880 radios
535 1817 660 1878 siderum
684 1819 740 1878 sibi
762 1821 938 1896 imaginatur
959 1827 989 1879 et
1010 1820 1143 1895 agnoscit
1163 1821 1226 1877 siue
1248 1816 1389 1878 discursu.
1432 1816 1510 1877 Hinc
1532 1819 1631 1878 anima

212 1941 214 1948 s
288 1907 416 1968 humana
439 1906 495 1966 hcc
517 1905 623 1980 habet,
654 1913 687 1964 ut
714 1905 768 1965 sub
799 1913 913 1983 tempus
936 1915 1106 1983 aspectuum
1127 1909 1301 1984 praecipuos
1323 1907 1423 1982 capiat
1442 1908 1569 1982 impetus
1593 1903 1631 1966 ad

288 1994 416 2070 nepotis,
439 2009 515 2069 quae
537 1994 592 2054 rub
614 1993 750 2054 manibus
772 1993 869 2070 hebet,
893 1994 1069 2072 peragenda,
1093 2001 1123 2054 et
1136 1995 1264 2053 maxirna
1276 1992 1460 2053 necessitudo
1476 1993 1630 2053 intercedit

287 2081 445 2140 harmoniis
467 2079 590 2140 radiosis
613 2097 678 2142 oum
700 2088 764 2141 ortu
786 2084 879 2158 primo
902 2083 1027 2144 hominis
1054 2089 1083 2142 et
1104 2081 1275 2141 iormatione
1301 2080 1389 2156 hujus
1411 2079 1510 2139 vitalis
1533 2081 1629 2141 lacul-

287 2169 370 2241 tatis,
402 2185 490 2244 quare
519 2169 608 2230 animi
635 2165 796 2244 qualitates'
821 2188 886 2230 cum
908 2170 1092 2247 planetarum
1122 2169 1312 2244 qualitatibus
1326 2169 1518 2228 consentiunt
1542 2185 1629 2244 quam

287 2255 451 2332 plurimum.
497 2253 537 2316 Ut
562 2256 619 2316 hoc
648 2255 836 2332 demonstret,
868 2275 901 2317 re
929 2261 1024 2334 ipsum
1052 2256 1197 2332 Keplerus
1226 2255 1390 2332 exemplum
1419 2259 1569 2333 proponit,
1601 2263 1630 2315 et

286 2343 354 2402 hinc
377 2343 439 2402 abit
459 2345 489 2402 iu
511 2345 650 2421 mysteria
672 2345 857 2422 astrologica,
880 2345 936 2404 sihi
958 2347 1063 2426 partim
1086 2351 1164 2402 certa
1185 2347 1291 2420 partim
1314 2343 1413 2416 dubia,
1435 2349 1464 2402 et
1482 2343 1528 2402 his
1542 2343 1630 2402 finem

287 2431 373 2490 iacit:
399 2430 474 2507 ,buc
497 2431 644 2509 disputavi
658 2431 799 2492 metecus
821 2432 877 2490 hoc
900 2430 1030 2503 consilio,
1053 2438 1086 2490 ut
1107 2431 1180 2492 haec
1203 2447 1239 2490 ex
1261 2447 1326 2490 mea
1339 2430 1519 2508 professione
1535 2444 1629 2507 exque

168 2548 172 2557 ·
288 2521 389 2578 intimo
422 2517 510 2595 hujus
543 2519 638 2596 operis
672 2499 832 2579 harmonici
870 2536 947 2595 penu
980 2519 1145 2595 depromta,
1177 2517 1300 2577 necdum
1334 2527 1413 2579 tacta
1445 2518 1629 2596 philosophis

288 2605 409 2666 Graecis
431 2613 461 2665 et
479 2607 699 2678 remotioribus,
722 2606 917 2683 supplementi
939 2606 1003 2665 loco
1021 2605 1187 2682 adjicerem,
1210 2615 1243 2666 ut
1264 2605 1389 2666 studiosi
1410 2606 1630 2684 memphyticae

287 2699 387 2753 nostra
409 2693 482 2754 haee
504 2692 594 2754 veluti
618 2697 815 2770 experimenta
837 2710 902 2755 cum
931 2693 1049 2752 illorum,
1075 2695 1346 2754 ratiocinationibus
1376 2693 1537 2769 conferant,
1571 2710 1629 2771 quo

286 2781 360 2842 haec
381 2779 599 2859 metaphysicae
621 2799 689 2857 pars
712 2780 851 2841 illustrior
873 2789 903 2842 et
924 2781 1096 2858 locupletior
1118 2782 1310 2858 omnibusque
1324 2767 1631 2842 numeris-absolutidr

287 2871 422 2930 constitui
444 2869 567 2945 possit“.

390 2956 505 3017 hiber
535 2957 688 3032 quintus
718 2957 781 3032 agit
809 2955 845 3016 de
875 2954 1185 3032 barmoniamotnum
1207 2955 1376 3017 coelestium
1398 2963 1428 3016 et
1451 2973 1487 3016 ex
1509 2955 1629 3018 antede-

288 3043 424 3104 deutibus
454 3059 560 3104 causas
592 3042 766 3118 regularium
796 3050 928 3104 motuum
957 3061 1109 3122 corporum
1140 3044 1323 3118 coelestium,
1354 3061 1489 3104 cursuum
1511 3044 1630 3120 formas,
1680 3094 1683 3110 ,

288 3133 512 3192 ucentricitatis
545 3146 645 3191 eorum
676 3130 947 3208 periodicorumque
981 3150 1117 3192 cursuum
1149 3140 1278 3209 repetere
1311 3131 1417 3192 studet.
1474 3132 1572 3193 Primo
1603 3141 1633 3193 st

287 3217 415 3278 seeundo
439 3220 532 3295 capite
552 3209 707 3294 Keplerus,
730 3235 805 3294 quae
826 3221 856 3278 iu
877 3221 1022 3296 prioribus
1043 3220 1125 3280 libris
1148 3218 1184 3280 de
1206 3218 1387 3296 regularibus
1411 3221 1581 3297 corporibus
1603 3228 1633 3281 et
1734 3283 1735 3290 χ

287 3306 449 3382 conjunctis
471 3306 631 3366 rationibus
653 3304 827 3366 harmonicis
849 3307 928 3368 dicta
950 3315 1040 3382 eraut,
1062 3309 1174 3384 repetit.
1205 3307 1308 3383 Capite
1323 3309 1408 3366 tertio
1424 3308 1502 3382 dicu,
1526 3327 1631 3384 quarn·
1733 3295 1735 3320 ⁴

190 3403 193 3410 '
288 3395 334 3453 vis
356 3411 386 3454 re
408 3411 478 3454 vera
493 3393 694 3470 Copemicana
716 3395 815 3454 mundi
837 3397 911 3455 ratio
935 3395 1001 3456 sola
1022 3395 1243 3470 insequentibus
1265 3395 1556 3461 commentationibus
1579 3415 1631 3474 pro

288 3481 476 3543 fundamento
498 3481 605 3557 subjici
626 3479 745 3554 debeat,
779 3489 828 3557 ,at
858 3484 927 3558 quia
955 3501 1000 3543 res
1025 3482 1102 3558 apud
1126 3481 1232 3558 vulgus
1255 3481 1451 3542 studiosorum
1473 3485 1631 3544 etiamnum

287 3586 367 3629 nova
388 3575 433 3629 est
454 3575 484 3628 et
506 3569 618 3645 dogunt
636 3568 738 3629 auditu
760 3569 906 3646 plerisque
928 3569 1176 3642 absurdissimum,
1206 3567 1327 3628 Terram
1348 3571 1422 3629 iuter
1443 3571 1539 3630 sidera
1564 3573 1629 3632 terri
1734 3597 1735 3636 r

288 3659 365 3717 circa
377 3655 476 3716 Solem
491 3655 676 3730 immobilem,
699 3658 793 3717 sciant
805 3659 902 3734 igitur,
926 3660 976 3732 qui
990 3657 1079 3733 hujus
1092 3659 1253 3716 sententies
1269 3655 1424 3716 insolentis
1439 3657 1630 3735 offenduntur,
1734 3685 1735 3688 ¹

257 3803 263 3816 ,
288 3744 501 3821 speculationes
522 3744 576 3804 has
599 3744 892 3804 humonicssstism
914 3747 944 3802 iu
966 3744 1178 3823 hypothesibus
1201 3743 1361 3804 Brahesnis
1388 3743 1486 3806 locum
1512 3747 1629 3822 babere,

288 3839 442 3909 propterea
465 3831 544 3908 quod
558 3838 660 3892 auctor
681 3831 731 3892 ille
753 3837 848 3892 cetera
871 3833 976 3906 omnis,
1001 3849 1076 3908 quae
1091 3831 1311 3908 dispositionem
1332 3849 1490 3910 corporum
1507 3843 1537 3894 et
1559 3852 1631 3894 cou—
1734 3853 1735 3870 ¹

287 3921 526 3997 temperationem
547 3927 679 3981 motuum
701 3921 833 3992 attinent,
857 3936 923 3978 cum
938 3918 1099 3996 copemico
1114 3919 1204 3980 habet
1217 3923 1390 3996 communia,
1413 3921 1507 3982 solum
1523 3921 1630 3983 Terrae
1734 3961 1735 3966 κ

287 4015 399 4068 motum
421 4024 548 4068 aunuum
571 4007 706 4068 transfert
727 4009 755 4066 in
771 4005 878 4081 Solem,
901 4008 951 4083 qui
973 4005 1103 4066 medium
1118 4007 1229 4066 orbium
1244 4007 1470 4084 planetariomm
1485 4010 1628 4072 chriseu.

244 4163 249 4183 A
287 4093 446 4171 Regularia
478 4111 598 4171 corpora
635 4093 738 4155 eodem
774 4092 875 4166 modo,
914 4109 972 4169 quo
1004 4095 1033 4151 iu
1068 4093 1242 4169 Prodromo,
1279 4097 1462 4174 planetarum
1497 4099 1630 4158 cursibus

288 4190 427 4259 tanquam
456 4184 536 4243 cavis
565 4181 661 4260 globis
692 4181 886 4240 inscribuntur
912 4197 1070 4258 eorumque
1099 4200 1135 4242 ex
1155 4199 1274 4243 numero
1307 4185 1460 4261 conjicitur
1492 4203 1629 4246 numerus

287 4269 484 4346 planetarum
507 4277 608 4330 contra
629 4270 774 4329 sententia
795 4267 923 4343 rejicitur
945 4267 1004 4328 illic
1025 4271 1224 4346 pronunciata,
1246 4274 1446 4348 proportiones
1468 4274 1629 4350 ipsissimas

288 4355 506 4421 intervallorum
528 4375 547 4416 a
569 4355 638 4416 Sole
661 4371 697 4416 ex
718 4355 789 4442 solis
810 4354 911 4432 figuris
931 4355 1114 4433 regularibus
1135 4357 1283 4419 desumtas
1304 4375 1377 4418 erse.
1413 4359 1528 4420 Deinde
1549 4360 1628 4438 leges

286 4451 478 4518 recensentur,
502 4442 661 4520 sKeplero
676 4444 803 4504 motibus
822 4443 1005 4519 planetarum
1027 4446 1057 4504 iu
1077 4447 1221 4522 prioribus
1241 4446 1332 4520 libris,
1355 4449 1481 4508 maxims
1503 4449 1537 4506 in
1552 4448 1628 4508 libro

289 4530 325 4592 de
358 4532 484 4592 motibus
515 4531 619 4591 Martis
652 4536 793 4592 statoms:
832 4527 865 4612 l)
898 4547 1018 4606 „murae
1050 4535 1079 4592 iu
1112 4535 1243 4610 pertibus
1272 4534 1445 4610 aequalibus
1477 4537 1628 4596 ecceutrici

288 4619 446 4680 observant
477 4619 692 4698 proportionem
719 4637 837 4680 suornm
866 4618 1084 4682 intervallorum
1107 4639 1126 4682 a
1147 4621 1232 4695 Sole3
1266 4617 1302 4701 2)
1331 4621 1425 4682 diurni
1451 4627 1513 4683 veri
1544 4641 1628 4684 arem

288 4709 464 4767 secentricse
494 4707 606 4766 orbitas
635 4709 719 4768 rmius
747 4707 857 4768 habeut
884 4709 961 4768 inter
981 4725 1012 4768 se
1034 4711 1250 4787 proportionem
1279 4724 1410 4768 eversam
1433 4713 1628 4788 proportionis

287 4794 505 4856 intervallorum
528 4792 649 4854 duorum
671 4813 690 4856 a
712 4792 798 4871 Solcr
832 4790 867 4877 3)
891 4796 985 4856 orbim
1006 4796 1142 4873 planetae
1171 4801 1215 4856 est
1243 4793 1384 4871 elliptica,
1415 4805 1445 4856 ct
1465 4797 1530 4872 Sol,
1562 4799 1627 4859 ions

288 4889 398 4960 motus,
427 4889 471 4944 est
493 4885 523 4942 iu
545 4881 637 4945 altero
659 4882 789 4946 iocorum
809 4881 898 4960 hujus
920 4883 1048 4961 ellipsis,
1080 4880 1116 4964 4)
1139 4882 1271 4961 planeta,
1299 4883 1434 4946 absoluto
1456 4887 1549 4946 totius
1570 4889 1627 4948 oir-
