3564 5540
247 399 307 462 ιω
336 375 344 390 “
779 389 822 445 De
839 364 1066 458 Proportiombne

246 567 509 654 usurpaveramas)
526 571 688 634 intervella
708 585 839 632 consona
860 567 974 643 majora
994 583 1031 626 sx
1053 564 1214 630 minoribus
1228 565 1374 640 consonis,
1394 575 1527 628 consona
1540 565 1597 625 mi·

197 713 200 720 .
247 665 329 724 aima
356 678 392 722 ex
422 661 572 721 concinnis
594 667 666 733 ete,
696 660 766 735 quie
795 658 825 715 in
852 657 928 716 baec
957 652 1040 713 volut
1067 651 1212 714 elementa
1241 652 1457 728 dissolvuntur,
1487 662 1517 714 at
1538 670 1597 712 naa

247 755 383 812 constant
405 745 523 808 diversa
544 750 619 807 later
640 763 672 806 se
694 762 731 806 ex
752 746 839 804 nnius
871 743 1033 803 communis
1055 741 1193 801 minimas
1222 743 1329 818 speciei
1357 741 1518 802 intervallis
1541 740 1598 801 ali-

249 854 337 915 quem
360 835 476 908 multis,
499 851 553 896 nec
575 836 604 892 ln
627 833 700 894 talia
722 831 844 892 dissolri
867 836 1000 909 possunt.

337 922 480 999 Quamvis
503 925 591 983 etiam
613 921 743 982 babeant
765 918 920 980 intervalla
947 932 1077 978 consona
1099 933 1205 977 causas
1234 923 1390 994 cognatas,
1418 933 1477 977 non
1501 917 1600 977 omnia

247 1017 347 1072 tamen
370 1010 511 1082 eandem,
540 1008 592 1070 sed
615 1007 769 1083 quodlibet
797 1023 881 1067 suam
902 1003 1081 1083 peculiarem
1103 1021 1222 1065 causam
1253 1003 1359 1080 babet,
1391 1004 1600 1066 distinctam

248 1101 346 1162 causis
366 1107 542 1170 ceterarum,
565 1104 598 1156 ut
619 1098 649 1155 iu
671 1095 871 1173 superioribus
894 1093 1080 1170 explicatam.
1126 1091 1328 1152 Consonantla
1349 1093 1425 1152 enim
1457 1095 1530 1170 ipsis
1552 1094 1599 1150 in·

248 1185 380 1247 torsellis
402 1187 556 1262 competit,
584 1199 643 1244 non
667 1193 700 1242 ut
722 1191 834 1260 quanta
855 1189 924 1241 sunt
945 1179 1128 1258 simpliciter,
1159 1197 1256 1256 nequo
1279 1179 1450 1257 simpliciter
1480 1187 1511 1238 at
1533 1186 1602 1238 sunt

247 1273 420 1347 relationes,
448 1271 501 1333 sed
524 1279 556 1331 ut
579 1271 772 1348 qualitativas
794 1265 868 1353 (boc
891 1276 937 1328 ast
959 1265 1177 1344 quodammodo
1206 1264 1365 1350 figuratae)
1388 1277 1456 1327 snut
1478 1267 1602 1328 relatio·

248 1377 309 1422 aen
353 1357 459 1438 Itaque
481 1369 635 1424 commune
658 1360 787 1436 ipsarum
809 1359 961 1416 minimum
983 1354 1169 1416 intervallum
1184 1358 1360 1416 constituere
1379 1353 1464 1426 velle,
1487 1371 1534 1415 ros
1557 1363 1602 1413 est
1694 1383 1701 1390 ·

249 1449 451 1524 impertinens,
483 1463 550 1508 curn
580 1448 731 1506 minimum
761 1454 792 1506 et
820 1445 980 1504 maximum
1007 1459 1066 1503 non
1094 1443 1125 1500 in
1148 1443 1344 1519 qualitativis,
1375 1443 1426 1503 sed
1455 1443 1483 1501 in
1514 1442 1602 1502 nudis

251 1535 467 1613 quantitatibus
489 1551 648 1611 earumque
671 1532 908 1612 proportionibus
937 1529 1170 1605 considerentur3
1201 1547 1330 1592 consona
1359 1548 1443 1604 uero,
1474 1539 1507 1590 ut
1529 1547 1602 1590 con·

249 1639 332 1696 sona,
354 1621 501 1694 diuidere,
529 1630 575 1684 est
595 1624 723 1699 speciem
746 1619 865 1681 abolore
887 1619 1010 1680 consoni
1030 1625 1061 1678 st
1081 1635 1134 1694 pro
1157 1635 1193 1678 aa
1221 1618 1270 1679 vel
1293 1618 1367 1679 alias
1389 1621 1510 1679 consoni
1532 1635 1603 1694 spe·

249 1713 309 1792 pies
331 1709 381 1770 vel
403 1711 546 1770 concinna
575 1710 696 1770 dissona
723 1709 772 1769 sel
802 1710 892 1768 etiam
922 1706 1009 1785 plane
1034 1708 1208 1766 inconcinna
1234 1706 1390 1766 intervalla
1416 1708 1602 1782 constituere.

250 1798 316 1859 Non
339 1797 429 1858 babet
455 1799 546 1874 igitur
567 1796 753 1857 interuallum
781 1812 886 1856 oausam
914 1801 966 1854 aut
988 1793 1133 1856 elementa
1160 1797 1370 1875 consonantiae
1392 1811 1465 1855 suae
1492 1811 1604 1870 apar-

252 1886 331 1945 tibus
354 1883 448 1944 veluti
469 1886 637 1963 principiis,
665 1887 742 1944 sicut
763 1885 942 1961 quantitates
969 1880 1247 1942 commensurabiles
1270 1891 1438 1942 accrescunt
1460 1881 1604 1960 multipli-

251 1974 368 2034 catione
391 1974 551 2032 communis
575 1987 729 2032 mensurae
759 1980 789 2031 et
812 1987 877 2031 curu
899 1969 957 2030 lrac
978 1985 1115 2029 mensuro
1143 1969 1198 2028 sub
1228 1986 1287 2028 uno
1314 1977 1344 2029 ct
1370 1969 1475 2030 eodem
1496 1987 1604 2046 genere

252 2061 430 2132 corasistnnt,
453 2058 507 2121 sed
529 2077 546 2120 a
569 2061 724 2133 contrario,
748 2075 825 2135 quae
848 2065 962 2117 veteres
985 2075 1039 2134 pro
1061 2058 1209 2134 principiis
1236 2057 1364 2117 habuere
1395 2059 1605 2117 consonantia-

251 2163 316 2207 nrm
339 2142 443 2230 (tortos
464 2155 538 2224 puta
560 2155 590 2208 ct
613 2147 769 2208 semitonia
791 2154 821 2208 et
842 2140 954 2233 diosas)
979 2161 1015 2205 ea
1036 2161 1072 2204 ox
1096 2145 1294 2203 consonantiis
1317 2152 1349 2203 ut
1371 2146 1521 2222 principiis
1542 2147 1605 2204 suis

252 2236 387 2310 genitinis
418 2236 557 2295 oriuntur.
603 2235 665 2294 Etsi
696 2236 772 2297 enirn
802 2250 932 2292 consona
960 2231 1034 2291 lracc
1064 2239 1199 2294 contutant
1226 2249 1262 2292 ox
1285 2232 1343 2290 illis
1366 2235 1515 2292 concinnis
1546 2249 1604 2292 non

253 2323 390 2384 consonis
413 2317 454 2404 (si
477 2339 535 2382 noo
558 2339 595 2382 ex
618 2338 676 2381 uno
698 2321 799 2398 aliquo
821 2321 977 2392 communi,
1000 2317 1104 2380 saltem
1128 2317 1312 2396 expluribus
1334 2322 1454 2379 interae
1478 2319 1605 2380 diuersi·

253 2409 339 2470 mode
362 2405 564 2492 compositis),
595 2409 625 2469 ld
648 2417 745 2469 mmen
775 2424 833 2468 ιιοιι
855 2405 1039 2467 referendum
1061 2413 1107 2466 est
1133 2405 1290 2483 adipsum
1322 2407 1468 2466 intervalli
1496 2423 1606 2468 conso·

253 2498 396 2558 nantium.
438 2495 470 2557 Si
498 2500 576 2557 enim
607 2499 750 2556 concinna
776 2494 965 2555 conciliarent
988 2493 1150 2554 intervallo
1176 2494 1281 2571 majori
1315 2511 1351 2554 ex
1380 2510 1413 2555 ss
1442 2497 1606 2571 composito

253 2601 339 2645 suam
359 2587 596 2655 consonantiam,
626 2600 741 2662 semper
763 2582 820 2643 lroc
841 2580 924 2646 fieret
944 2584 974 2639 in
998 2596 1173 2658 quecunque
1196 2584 1401 2642 cancianorum
1423 2582 1608 2660 multiplica·

253 2673 344 2743 tione,
367 2679 398 2732 et
418 2677 501 2731 tanto
524 2671 625 2732 melior
648 2678 726 2731 esset
747 2671 947 2741 consonantia,
971 2675 1082 2745 quanto
1103 2669 1189 2746 plura
1218 2671 1247 2727 in
1269 2669 1424 2731 intervalia
1453 2673 1606 2732 coracinna.

254 2758 288 2820 1tl
312 2773 383 2819 sero
405 2757 511 2818 laisum
534 2767 588 2833 est,
610 2775 678 2832 nam
700 2765 733 2817 nt
754 2757 830 2817 inira
851 2756 1014 2831 audiemus,
1042 2756 1101 2816 dno
1123 2758 1185 2817 toni
1208 2760 1362 2835 compositi
1384 2759 1607 2818 consonantiam

255 2847 379 2920 iaciunt,
402 2852 462 2907 tres
485 2847 638 2924 compositi
669 2845 824 2905 dissonans
850 2845 1037 2905 intervallum
1066 2847 1254 2904 constituunt.
1300 2843 1386 2920 Quod
1414 2854 1513 2907 autem
1536 2863 1609 2908 con·

255 2949 360 2993 sonam
383 2934 413 2992 in
434 2935 578 2994 concinna
599 2932 719 2994 dissona
740 2932 816 2993 solui
838 2939 950 3009 potest,
980 2939 1014 2993 ut
1035 2941 1190 3008 sequantur,
1220 2931 1249 2991 id
1277 2931 1321 2991 ilii
1344 2949 1473 2994 consono
1501 2951 1556 3011 per
1578 2950 1609 2994 sa

255 3019 439 3083 considerato
468 3020 557 3100 plane
588 3028 634 3082 est
663 3020 906 3100 accidentarinm,
934 3019 1025 3097 litque
1055 3019 1273 3092 tantummodo,
1303 3029 1449 3097 quatenus
1478 3023 1556 3083 inter
1578 3037 1609 3084 se

255 3115 459 3186 comparantur
481 3108 567 3186 plura
587 3124 734 3180 consona,
763 3107 917 3184 quodlibet
938 3125 974 3168 cx
996 3109 1057 3166 suis
1080 3115 1175 3168 ortum
1196 3109 1353 3185 principiis.

342 3194 493 3256 Concians
515 3198 605 3273 igitur
626 3194 784 3256 intervalla
807 3194 984 3254 deliniuntur
1013 3210 1078 3256 essa
1101 3211 1202 3254 omnes
1231 3211 1424 3255 consonarum
1447 3193 1540 3273 duplo
1563 3198 1611 3255 in·

256 3282 381 3345 tomello
404 3285 548 3344 minorum
571 3283 760 3358 differentias,
783 3299 837 3344 nec
859 3283 919 3343 alia
941 3284 1085 3343 concinna
1105 3284 1209 3360 recipit
1223 3281 1365 3343 naturalis
1380 3284 1506 3345 facultas
1522 3285 1611 3345 audi-

256 3381 313 3444 tas,
336 3387 426 3447 quarn
448 3389 525 3448 quas
555 3389 592 3433 ex
613 3371 670 3432 bac
691 3371 893 3431 subtractione
916 3373 1066 3444 oriuntur,
1097 3379 1130 3430 ut
1153 3373 1195 3430 ita
1216 3386 1347 3432 consona
1369 3370 1525 3434 intervalia
1556 3373 1613 3432 ba·

257 3460 346 3519 beant
368 3465 462 3518 ortum
486 3477 522 3521 ex
543 3459 705 3536 geometria
727 3466 757 3520 et
777 3458 878 3536 ligonis
901 3457 1193 3532 demonstrabilibus,
1220 3461 1364 3519 concinna
1386 3476 1456 3520 vero
1480 3477 1516 3520 ex
1540 3461 1613 3538 ipsis

257 3547 403 3620 consonis,
426 3548 544 3623 sintque
567 3549 710 3607 concinne
733 3544 879 3606 inordina
900 3545 939 3604 sd
962 3562 1110 3620 consona,
1133 3546 1377 3622 quemadmodum
1400 3551 1429 3606 in
1452 3549 1615 3624 geometria

258 3639 414 3712 apotomae
436 3632 549 3710 (lineae
572 3627 752 3715 ineffabiles)
776 3641 844 3692 aunt
867 3633 905 3693 ad
928 3632 1059 3693 eiiabtles
1081 3635 1231 3710 potentia,
1261 3636 1443 3711 quinetiam
1466 3634 1536 3696 illae
1560 3635 1615 3697 de·

259 3720 399 3780 liniuntur
420 3722 619 3782 subtractione
641 3722 738 3782 lineas
762 3720 887 3780 effabilis
909 3721 948 3780 ab
971 3719 1081 3782 effabili
1102 3719 1229 3798 linea‘)

345 3909 375 3978 i)
393 3909 425 3963 ln
443 3912 595 3964 erratorum
617 3907 705 3963 indice
730 3907 764 3963 ad
782 3908 933 3979 praemissa
951 3907 1019 3963 baec
1042 3913 1157 3964 annotat
1177 3907 1326 3978 Keplerus:
1349 3911 1449 3968 Tectae
1472 3929 1507 3968 ec
1524 3913 1613 3969 dicer·

257 4006 351 4047 somn
368 3995 519 4060 tentporam
535 3987 642 4044 schedis
658 3989 794 4056 collectus,
818 3995 849 4046 ot
866 4005 924 4044 non
940 3990 1011 4045 sotus
1027 3995 1093 4060 apte
1109 3991 1285 4060 conpositas,
1305 3993 1356 4047 etsi
1372 4007 1437 4046 aera
1454 3992 1549 4046 omnio
1565 3991 1613 4046 bo·

260 4070 314 4138 aet,
338 4067 532 4125 obscuritatem
549 4072 642 4122 menen
659 4081 694 4121 ee
711 4067 871 4136 confessione
888 4067 1143 4139 damnanationem
1164 4075 1190 4124 et
1211 4073 1372 4140 repetitione
1390 4072 1613 4142 propositionem

258 4149 407 4206 eontroatt.
445 4145 622 4218 emenone
639 4145 785 4202 distinctae
802 4153 868 4202 sunt
884 4148 966 4202 istoc.-
982 4146 1003 4201 l.
1021 4145 1065 4201 Au
1084 4149 1277 4203 consonantiae
1290 4148 1523 4217 hubeautpartes,
1542 4163 1613 4216 qnae

258 4226 335 4296 ipsae
353 4241 461 4296 quoque
479 4224 534 4281 sint
551 4224 745 4280 consonantiae
768 4225 811 4282 rel
829 4225 925 4281 saltem
952 4225 1085 4279 concinna
1101 4225 1264 4282 intervalla?
1299 4222 1453 4297 Responsio
1476 4234 1516 4283 est
1532 4228 1613 4284 boec.-

259 4307 287 4361 ia
306 4305 488 4361 consonantiis
508 4319 569 4362 esse
586 4303 715 4360 distincte
731 4302 792 4374 ista,
812 4303 899 4373 primo
917 4304 1131 4374 proportionem,
1149 4320 1205 4360 rem
1216 4307 1414 4375 geometricam,
1434 4305 1531 4362 deinde
1550 4325 1611 4378 pro·

260 4381 392 4453 portionis
409 4385 575 4454 qualitatem,
594 4383 798 4441 consonantiam
815 4381 916 4454 ipsam
939 4382 1117 4451 inquantum
1142 4383 1225 4454 igitur
1246 4391 1310 4440 aunt
1332 4383 1539 4458 proportiones,
1566 4403 1611 4443 ex·

260 4459 320 4516 cedi
338 4478 419 4516 unam
437 4463 472 4517 ab
490 4463 551 4534 alis,
570 4464 702 4534 minorem
726 4464 761 4519 ab
779 4459 885 4532 maiori,
907 4469 935 4516 et
959 4461 999 4517 sic
1015 4477 1097 4518 unam
1119 4461 1230 4519 alterius
1254 4468 1361 4534 partem
1383 4479 1444 4520 esse
1461 4481 1559 4534 posse;
1584 4467 1610 4520 in

262 4545 393 4611 queniam
410 4555 474 4593 vero
492 4541 628 4609 quaelibet
645 4540 751 4598 illarum
770 4538 929 4610 qualitatem
947 4540 1139 4598 consonantiae
1162 4544 1268 4614 accepit
1289 4543 1411 4614 abgura
1429 4560 1479 4600 sua
1502 4544 1610 4600 demon·

263 4616 376 4684 strubili‚
395 4632 449 4671 non
467 4619 589 4674 accidere
608 4621 674 4690 ipsis
692 4618 922 4690 compositionem.
959 4621 1128 4688 Argumenta
1150 4627 1213 4676 sunt
1234 4619 1300 4676 ista:
1328 4623 1352 4677 1.
1372 4621 1483 4692 Species
1502 4631 1533 4679 ut
1550 4639 1609 4694 spe·

264 4697 320 4754 cies
337 4694 507 4753 indivisibilis
524 4703 551 4752 ct
568 4715 624 4754 una
642 4707 692 4756 esa
728 4700 752 4756 2.
771 4691 893 4768 Speciem
912 4698 1054 4755 constituit
1071 4715 1154 4756 censa
1171 4715 1235 4770 sua3
1254 4708 1283 4756 at
1300 4717 1400 4758 causae
1417 4703 1529 4758 interae
1547 4711 1612 4760 snut

265 4775 408 4832 distinctae
426 4772 591 4843 singularum
610 4779 878 4848 concordantiamm3
902 4779 985 4849 igitar
1007 4786 1035 4835 et
1052 4779 1128 4849 ipsae
1152 4777 1361 4834 concordantiae
1386 4788 1481 4836 contra
1499 4797 1529 4837 se
1547 4787 1610 4837 sunt

265 4851 409 4916 titianae
425 4850 529 4928 specim
548 4867 598 4908 uec
614 4861 707 4924 potest
724 4857 836 4920 berolti
854 4873 923 4929 una,
946 4865 977 4916 ut
993 4857 1087 4928 maior,
1105 4856 1132 4912 ia
1151 4855 1219 4913 alias
1237 4873 1303 4916 sose
1322 4861 1437 4934 speciei,
1461 4867 1493 4916 at
1509 4869 1610 4936 partes,
