3564 5540
246 385 323 452 ,up
607 403 611 430 r
791 371 835 430 De
852 371 1080 446 Propertionlbnr

259 564 400 622 oonsonst
421 557 510 620 etiarn
532 572 598 618 enm
619 555 765 627 absoissa,
797 555 871 613 siout
892 553 982 629 priori
1003 552 1204 629 propositione
1232 569 1298 614 oum
1320 559 1382 614 toto
1410 556 1607 632 oonsonabstq

259 650 305 708 sin
326 663 400 720 eam,
424 663 513 722 qnam
534 650 615 705 totus
636 641 675 704 ad
697 639 828 718 aliquam
849 639 998 731 dissonam
1021 648 1148 717 partem,
1180 639 1345 702 dissonabit
1365 649 1396 702 et
1417 644 1455 703 ab
1477 643 1609 704 absoissa

258 739 637 871 partepegmamtotggmbmm
659 810 754 866 nititur
777 810 911 866 axiomata
934 811 960 865 5.
985 814 1016 862 ut
1039 816 1067 864 et
1083 809 1243 878 posterioris
1260 812 1372 867 membri
1395 814 1530 884 particula
1547 831 1609 884 nus,

259 896 332 966 qnod
349 894 489 950 residuum
507 891 629 948 dissonet
647 905 664 944 ε
680 897 760 959 parte
777 890 906 946 abscissa.
943 887 1022 955 Quod
1040 903 1104 942 vero
1121 887 1177 944 tole
1194 889 1333 946 residuum
1355 891 1476 948 fflssonet
1493 895 1612 950 etiams

260 985 328 1044 toto,
347 975 386 1030 eie
412 973 556 1043 probatur:
584 970 658 1039 sapit
675 969 746 1025 enim
764 968 792 1024 id
817 969 846 1024 ia
864 968 937 1024 diota
961 969 1137 1038 proportione
1157 969 1245 1024 loonm
1264 971 1348 1026 totius
1366 973 1460 1029 eirouli
1478 989 1529 1042 per
1544 973 1613 1043 ligu-

258 1071 316 1112 ram
334 1052 599 1109 indemonstrabilem
617 1048 709 1118 dirisi,
731 1065 817 1118 quare
839 1048 892 1103 etsi
909 1046 1048 1104 residuum
1066 1049 1121 1102 tale
1147 1057 1189 1104 est
1207 1050 1296 1106 minus
1314 1059 1372 1106 toto
1390 1053 1504 1120 eiroulo,
1533 1052 1611 1120 otrjm

260 1145 303 1191 est
319 1132 470 1202 residuam,
497 1139 527 1186 at
543 1132 631 1200 mnjus
650 1139 741 1184 tamen
758 1135 801 1184 est
817 1127 1000 1197 semicirculo,
1027 1143 1061 1182 ex
1080 1127 1364 1216 definitione‘reaidni.
1402 1129 1505 1198 Quodsi
1524 1131 1611 1200 maius

260 1224 304 1270 est
320 1211 488 1270 semicirculo
507 1227 571 1278 suo,
594 1219 694 1280 quarte
709 1209 794 1279 igitur
811 1207 905 1264 oirouli
922 1208 964 1262 sni
980 1223 1060 1278 pars,
1085 1206 1187 1276 quippe
1204 1205 1316 1262 dimidie
1331 1209 1506 1278 seminironli,
1524 1212 1612 1270 minor

260 1302 305 1352 est
327 1291 431 1350 residui
452 1291 534 1361 hujus
561 1290 679 1346 dimidio.
716 1287 806 1356 Quare
826 1296 856 1342 ut
873 1287 1014 1342 residuum
1037 1286 1071 1340 ad
1090 1285 1184 1342 oirouli
1201 1287 1244 1340 sui
1267 1295 1411 1358 quartum,
1436 1290 1475 1344 sio
1494 1292 1546 1344 erit
1565 1291 1612 1344 ali·

259 1374 321 1444 quis
338 1368 455 1426 εἰιεειιιε
474 1369 576 1426 divisus
594 1385 612 1424 a
628 1368 716 1439 ligura
727 1364 968 1447 indemonstrabili,
987 1364 1022 1420 ad
1034 1365 1153 1433 aliquem
1165 1381 1243 1424 suam
1254 1376 1360 1436 partem
1376 1368 1516 1426 divisionis
1528 1371 1612 1426 illins.

258 1454 297 1510 dt
314 1449 437 1508 dissonat
454 1454 530 1504 totns
547 1447 611 1503 talis
629 1446 747 1502 oiroulus
765 1461 784 1500 a
798 1446 848 1502 teli
866 1461 916 1501 sue
933 1451 1010 1515 porte
1029 1460 1079 1515 per
1096 1461 1139 1501 ax.
1153 1447 1191 1517 3.‚
1211 1446 1362 1502 dissonabit
1372 1447 1454 1516 igitur
1470 1457 1498 1503 ει
1510 1449 1613 1505 dotum

258 1528 398 1586 residuum
415 1542 432 1582 a
450 1525 543 1581 obouli
561 1525 604 1580 sni
621 1533 732 1595 quarta,
755 1540 806 1596 per
823 1539 866 1580 ax.
885 1525 925 1593 5.,
949 1523 1100 1578 dissonabit
1116 1524 1200 1593 igitur
1218 1524 1299 1580 etiem
1321 1532 1414 1581 atsto
1432 1541 1483 1588 suo
1501 1527 1612 1598 eiroulo,

259 1623 310 1678 per
325 1622 402 1677 prop.
422 1605 447 1660 7.

348 1679 608 1742 Corollariurn
631 1678 677 1739 ad
698 1677 764 1738 has
786 1681 1087 1756 propositiones.
1132 1677 1208 1740 Sunt
1229 1696 1299 1757 orgo

262 1785 495 1846 Gouromepartes.
541 1782 775 1836 Consonarssidua.
820 1784 944 1834 Dissonas
961 1788 1054 1846 partes.
1099 1781 1211 1852 lllssona
1224 1783 1332 1832 residua
1378 1784 1501 1848 lisspeotu
1516 1788 1597 1838 totins

838 2795 979 2870 CAPUT
1007 2794 1044 2868 ll.

619 2919 668 2974 De
686 2917 852 2974 Sentinas
869 2917 1075 2973 Harmodios
1093 2917 1263 2975 chordae.

372 3065 524 3126 Hactenus
547 3065 689 3142 originem
711 3063 863 3124 docuimus
886 3061 1119 3124 barmonioarum
1149 3067 1383 3142 proportionum,
1416 3047 1540 3147 amque
1563 3071 1622 3133 qu.

265 3155 380 3232 plioern,
404 3171 493 3214 unam
516 3153 714 3214 immediatam
744 3151 886 3230 eliguris
914 3150 1193 3213 demonstrabilibus
1214 3153 1377 3232 iisdemque
1408 3166 1438 3216 et
1465 3163 1621 3236 congruis3

265 3243 386 3302 altorem
414 3241 562 3300 mediante
593 3241 780 3317 proportione
811 3238 918 3318 duple,
953 3255 1013 3315 qua
1043 3241 1144 3298 nititur
1181 3245 1437 3302 consonantiarum
1471 3245 1622 3306 identitas.

268 3330 341 3390 (lum
364 3336 463 3390 autern
487 3327 615 3388 infinitae
638 3331 697 3387 sint
719 3327 905 3386 lrarmonioae
927 3329 1130 3404 proportiones
1153 3344 1265 3405 eaeque
1288 3329 1386 3406 quoad
1402 3341 1532 3393 nostram
1548 3352 1623 3412 cog-

268 3419 409 3477 nitionem
432 3415 528 3476 adbno
549 3415 650 3490 rudes,
680 3413 844 3492 impolitae,
874 3417 1081 3491 inoonspiouae
1104 3423 1134 3474 et
1157 3417 1354 3478 innominatus
1376 3428 1407 3479 et
1429 3433 1624 3482 eoaoorvatae

266 3523 318 3564 sen
341 3503 483 3581 disjootse
505 3505 621 3580 potins,
654 3510 688 3562 ut
710 3501 949 3579 aliquarudium
971 3502 1102 3578 lapidum
1124 3501 1328 3582 lignorumque
1358 3509 1459 3584 eopiar
1490 3513 1625 3586 seqnitur

268 3599 300 3651 ut
322 3590 542 3670 progrediamur
564 3589 602 3651 ad
625 3607 677 3650 eas
700 3589 863 3668 poliendas,
885 3588 925 3649 ad
947 3592 1066 3650 nomina
1088 3593 1160 3668 ipsis
1183 3591 1319 3668 indende,
1343 3593 1469 3671 denique
1491 3596 1529 3655 ad
1554 3598 1624 3674 pul-

267 3679 439 3741 oberrimnm
462 3677 630 3740 aedificium
651 3680 818 3756 systematis
841 3677 1002 3738 barmonlol
1025 3695 1078 3738 seu
1092 3677 1192 3739 soalao
1207 3683 1336 3740 musione
1359 3699 1395 3742 ex
1409 3685 1446 3742 lis
1468 3691 1624 3746 exstruen-

266 3753 345 3843 dum,
369 3767 452 3845 enjus
474 3767 645 3826 constitutio
666 3783 728 3826 noe
749 3775 793 3826 εει
816 3767 979 3840 arbitraria,
1003 3773 1036 3825 ut
1057 3768 1123 3841 quis
1147 3769 1277 3843 cogitare
1300 3771 1409 3846 possit,
1432 3786 1491 3830 non
1515 3775 1623 3834 inven-

266 3865 329 3915 tum
352 3855 511 3916 humanum
533 3853 607 3928 telo,
631 3853 710 3930 qnod
733 3855 840 3913 motari
862 3855 950 3914 etiarn
971 3855 1082 3933 possit,
1109 3853 1159 3914 sed
1182 3855 1440 3917 rationabilissima
1462 3861 1623 3919 naturalis·

200 3940 204 3950 ’
266 3945 414 4021 slmaqno,
447 3942 522 4003 adso
551 3949 584 4000 nt
611 3939 693 4000 Deus
720 3943 784 4018 ipse
813 3941 935 4002 Creator
971 3939 1051 4000 illam
1082 3945 1257 4020 expresserit
1293 3946 1322 4002 in
1355 3949 1623 4023 contemperatione

268 4041 400 4096 motuum
425 4030 606 4092 coelestium.
652 4029 900 4107 (loegmentautur
922 4034 1021 4089 autern
1042 4031 1246 4108 proportiones
1268 4032 1454 4094 harmonicae
1477 4037 1507 4093 in
1530 4053 1621 4096 unum

267 4129 396 4197 matema
421 4135 473 4197 per
502 4119 647 4178 sectiones
677 4116 803 4178 ohordae
825 4116 1026 4190 barmonioas,
1057 4134 1136 4194 qnae
1158 4126 1231 4196 quot
1260 4121 1319 4180 sun
1341 4137 1478 4196 numero,
1510 4123 1541 4182 id
1563 4124 1620 4185 boo

268 4209 363 4285 eapite
384 4204 610 4286 perquirendum
633 4205 696 4265 erit.
911 4277 914 4282 Δ

361 4301 369 4314 ·
422 4299 429 4314 ·
563 4293 763 4354 Definitio.
808 4289 882 4352 Cum
905 4298 969 4353 tota
990 4291 1100 4353 ohorda
1121 4301 1237 4354 seeetur
1258 4293 1287 4352 in
1310 4302 1407 4372 partes
1429 4295 1521 4369 tales,
1546 4315 1621 4375 quae

350 4343 367 4372 Ο

344 4373 374 4478 ‘g'
405 4341 429 4477 ἕ
472 4387 502 4442 ει
524 4384 599 4442 inter
620 4397 652 4442 se
675 4388 704 4442 ει
726 4397 793 4442 oum
816 4388 879 4440 tote
900 4380 1035 4456 singulae
1058 4391 1233 4456 consonent,
1257 4385 1349 4443 sectio
1371 4383 1543 4445 harmonion
1564 4403 1620 4446 no-

350 4490 368 4568 3
412 4485 430 4566 p
472 4469 517 4528 bis
540 4469 660 4530 dicotur.
705 4467 836 4530 Medium
859 4483 929 4527 vero
950 4470 1087 4528 sectionis
1103 4469 1201 4546 huJus,
1222 4472 1332 4531 musioe
1350 4465 1395 4552 (id
1415 4479 1461 4532 est
1475 4469 1619 4554 consone)

406 4567 430 4607 οι
472 4559 722 4637 proportionatae,
745 4565 790 4618 est
804 4557 931 4634 partium
947 4554 1069 4617 duarum
1086 4557 1252 4634 aequalium
1268 4573 1342 4632 una,
1365 4559 1414 4618 vel
1435 4561 1461 4618 si
1477 4564 1620 4638 inaequa-

300 4672 306 4685 ·
362 4670 368 4683 ·
407 4628 429 4681 ¹·
473 4641 527 4716 les,
550 4661 648 4705 earnm
672 4646 783 4722 major;
806 4652 936 4704 extrema
959 4647 1154 4723 proportionis
1170 4661 1316 4706 consonae
1337 4656 1406 4707 sunt
1424 4665 1492 4723 pars
1507 4649 1619 4728 relique

300 4759 306 4774 ·
361 4759 368 4772 ·
409 4716 433 4770 1·
477 4729 526 4788 rel
549 4733 641 4792 minor
663 4741 694 4793 et
716 4731 825 4794 chorda
847 4740 919 4792 tota.

322 4797 388 4850 idad.
421 4793 427 4864 Ι
565 4813 700 4892 Obserset
720 4822 858 4883 geometra
883 4811 1034 4884 analogiam
1058 4813 1241 4885 proportionis
1260 4813 1366 4872 divinae
1392 4833 1441 4874 seu
1469 4818 1617 4874 seeundum

336 4902 416 4945 trama
476 4895 597 4945 extrema
615 4900 643 4948 et
658 4891 785 4960 medinm,
803 4893 832 4950 ln
849 4909 905 4963 qna
923 4899 982 4949 tota
999 4893 1084 4950 babet
1101 4893 1215 4950 eandem
1232 4894 1438 4992 proportionem
1459 4893 1495 4953 ad
1512 4905 1616 4970 partem

285 4518 307 4568 'e'
