3668 5526
786 353 875 412 lictae
891 349 1021 413 Editoris.
1509 355 1576 426 m

229 523 301 594 qaod
323 527 411 580 totum
434 526 572 596 negotium
590 527 690 582 turbat.
726 528 780 584 Sed
803 529 890 598 primo
913 545 968 585 nou
986 530 1076 601 pergit
1098 529 1125 584 in
1143 527 1196 586 illis
1213 539 1326 602 propter
1343 533 1425 589 animi
1443 531 1572 590 velocita-

227 609 282 655 tem
300 609 351 658 etc.
388 603 527 676 Secundo,
546 623 600 662 nou
619 613 734 676 possunt
752 621 803 664 sna
820 617 919 664 natura
939 623 1032 664 omnes
1050 609 1208 680 succedere,
1233 619 1296 667 sunt
1316 624 1413 685 nempe
1433 613 1521 670 maiae
1538 629 1573 670 ea

227 681 357 750 quadrato
382 685 486 740 Martis.
523 683 614 741 Tertio
632 685 711 742 Luna
734 687 762 742 in
779 687 841 742 XII.
867 693 956 758 notat,
983 689 1153 744 invenustam
1177 705 1237 745 esse
1261 692 1334 761 apud
1356 692 1478 749 homines
1501 693 1598 748 hanc-

225 766 364 834 astutiam,
383 781 515 821 unacum
533 765 639 822 ceteris.
1136 771 1138 776 '
1277 765 1279 772 ’

295 843 383 900 Homo
401 843 447 898 hic
465 857 552 914 usque
570 845 604 920 ad
622 861 721 900 aunum
740 845 782 918 tt,
801 847 856 915 ιιι
873 847 942 902 hacc
960 845 1065 916 scripsi,
1083 845 1135 903 init
1151 847 1263 904 rationis
1277 863 1331 904 nou
1345 849 1466 921 audiens,
1485 851 1570 922 magis

223 929 314 977 tamen
336 921 531 990 injuventute.
567 925 671 980 Deinde
697 923 750 978 fuit
776 924 855 980 vaide
879 923 1024 979 muitarum
1049 931 1077 978 et
1095 927 1230 982 variarum
1254 929 1388 983 actionum
1406 931 1571 999 negotiosus.

224 999 316 1056 Tertia
335 1017 388 1056 uon
407 1001 497 1056 omnia
515 1001 580 1056 vidit
599 1008 696 1072 suopte
715 1001 812 1060 Marte.
849 1002 893 1058 Ex
911 1003 1009 1071 quibus
1028 1003 1115 1059 trihus
1128 1005 1209 1060 rehus
1228 1007 1350 1075 sequitur
1365 1014 1573 1079 perpetuapoe-

222 1079 317 1135 nitudo
335 1081 461 1150 priorum.
1194 1095 1198 1102 ’

309 1160 437 1216 Dicamus
456 1160 571 1230 primum
595 1161 628 1216 de
646 1159 749 1216 ultimo.
786 1161 824 1216 Et
847 1176 913 1216 sane
935 1159 993 1216 siue
1011 1160 1206 1230 significatione
1230 1163 1354 1219 ιιιιιιιιι
1377 1162 1406 1218 iu
1424 1163 1572 1233 juvenibus

224 1241 296 1295 inest
315 1239 459 1294 muitarum
476 1237 564 1293 r'erum
585 1239 745 1308 ignorantia,
764 1241 791 1295 in
809 1241 862 1295 hoc
881 1245 954 1294 certe
972 1239 1061 1296 minus
1080 1256 1160 1310 quam
1177 1241 1206 1298 in
1219 1241 1287 1298 uilis.
1324 1241 1385 1297 iam
1398 1241 1432 1296 de
1445 1243 1570 1298 secundo.

223 1316 301 1388 Quod
320 1319 406 1374 muita
422 1319 518 1388 incipit
536 1334 607 1374 nova
624 1320 759 1389 prioribus
777 1317 952 1388 imperfectis,
973 1333 1072 1374 causae
1084 1319 1223 1376 naturales
1241 1321 1294 1376 hae
1306 1327 1383 1376 aunt:
1403 1321 1432 1389 ι)
1450 1322 1569 1376 taedium

220 1396 330 1465 laboris,
349 1397 405 1453 sire
423 1397 504 1452 ardor
521 1399 627 1454 subitus
646 1406 674 1453 et
692 1413 745 1454 non
765 1397 902 1454 durabilis.
939 1399 1008 1454 Nam
1026 1399 1148 1467 quamvis
1166 1406 1209 1454 est
1223 1399 1460 1469 laboriosissimus,
1479 1406 1572 1456 tameo

223 1483 265 1530 eet
288 1473 391 1530 laboris
417 1491 480 1530 osor
498 1476 652 1532 acerrimus.
689 1475 811 1532 Laborat
837 1485 928 1534 autem
951 1484 1063 1546 propter
1087 1477 1262 1548 cupiditatem
1281 1477 1384 1533 sciendi
1407 1482 1434 1533 et
1452 1493 1569 1534 amorem

220 1552 339 1624 tingendi
357 1557 385 1608 et
402 1553 535 1608 fictorum.
572 1555 598 1623 2)
618 1555 777 1624 Consualia,
797 1555 869 1623 quod
889 1563 985 1624 coepta
998 1571 1052 1610 nou
1066 1555 1189 1630 absolvit,
1208 1558 1237 1612 iu
1253 1558 1377 1612 fortunae
1390 1559 1500 1614 arbitrio
1518 1567 1569 1630 est,

220 1631 263 1686 vei
280 1633 371 1702 potius
398 1631 426 1686 iu
445 1630 599 1687 conditione
618 1640 738 1688 naturae.
773 1633 843 1688 Nam
867 1632 1107 1702 impossibilem,
1133 1641 1164 1691 ut
1187 1636 1276 1691 omnia
1300 1635 1359 1704 ejus
1382 1636 1490 1706 incepta
1513 1644 1569 1692 tam

218 1711 304 1766 multa
321 1710 477 1768 succedant.
514 1711 604 1781 Atque
631 1711 712 1766 etiam
740 1713 892 1768 exardere
917 1713 1007 1768 omnia
1029 1713 1081 1768 sibi
1107 1713 1196 1769 facilia
1222 1713 1382 1785 persuadet,
1409 1731 1478 1785 quae
1503 1721 1567 1770 suut

214 1797 305 1844 umen
329 1789 357 1850 in
380 1803 462 1858 opere
487 1787 645 1844 difficillima
667 1797 714 1844 aut
736 1789 886 1860 longissimi
910 1791 1049 1861 temporis.
1085 1793 1156 1849 liam
1174 1795 1310 1862 ingenium
1332 1793 1413 1865 longe
1431 1796 1566 1865 subtilius,

153 1886 162 1906 ·
216 1867 321 1937 ιιιιιιι,
340 1867 456 1923 celerius
474 1867 683 1940 expeditiusque
701 1877 751 1938 est,
771 1886 853 1939 quam
869 1871 1031 1940 cujusquam
1048 1887 1153 1928 manus.
1191 1871 1244 1928 Sed
1262 1879 1361 1942 tamen,
1379 1881 1410 1926 ut
1428 1873 1491 1935 dixi,
1511 1873 1566 1929 ior·

214 1953 297 2002 tunae
315 1946 395 2016 culpa
411 1947 566 2016 intervenit,
591 1955 623 2003 ut
640 1949 719 2004 ιιιιιιι
737 1949 800 2020 iiia,
826 1966 897 2019 quae
915 1967 965 2006 aaa
982 1955 1081 2008 natura
1098 1952 1156 2008 fieri
1174 1957 1316 2022 poteraut,
1340 1950 1501 2008 differantur
1517 1959 1567 2010 aut

216 2024 404 2094 impediantur,
423 2025 582 2096 credoquia
598 2019 624 2103 Q
638 2029 721 2085 estin
745 2025 782 2098 [J
806 2033 846 2094 ὁ.
885 2029 955 2086 Sunt
972 2037 1063 2086 autern
1088 2029 1136 2086 iila
1152 2032 1179 2085 ia
1199 2031 1300 2100 duplici
1319 2029 1486 2101 ιιιιιιιιιιιις
1514 2041 1564 2090 aut

212 2104 284 2160 enim
301 2119 346 2160 res
365 2111 407 2162 est
422 2105 458 2160 ab
477 2105 537 2160 aliis
556 2105 722 2162 absolvenda
739 2108 897 2181 ardicihus,
917 2124 998 2182 ouem
1016 2108 1076 2179 ipse
1088 2110 1196 2179 ingenio
1210 2125 1261 2164 suo
1272 2109 1370 2178 coepit,
1388 2108 1434 2163 ahi
1451 2125 1559 2166 rursum

212 2181 278 2236 nihii
300 2185 364 2239 nori
381 2185 493 2256 ιιιιιιιι,
517 2187 592 2241 siin
610 2185 729 2242 artifices
752 2186 795 2241 sui
818 2187 918 2244 similes
942 2203 997 2242 nou
1014 2187 1121 2259 incidit,
1148 2191 1202 2244 rari
1221 2189 1292 2244 euim
1317 2195 1393 2256 sunt,
1417 2196 1445 2243 at
1461 2190 1574 2246 eximia

213 2255 330 2318 felicitas
353 2271 426 2320 esset
448 2265 477 2319 iu
499 2263 568 2320 tales
592 2263 719 2322 ιιιιιιιιι.
761 2265 901 2333 Quaedam
924 2267 959 2322 ah
982 2267 1043 2322 aliis
1064 2269 1218 2326 neeessarm
1248 2276 1378 2338 tamqnam
1403 2267 1565 2336 sumentis

212 2340 390 2408 perficiuntur
408 2351 436 2398 ct
453 2351 517 2398 sunt
535 2343 655 2398 moralia.
691 2345 744 2401 Ubi
762 2345 915 2400 infelicitati
933 2345 1063 2415 peculiari
1082 2347 1130 2418 do,
1156 2347 1229 2416 quod
1246 2353 1295 2403 aut
1315 2347 1344 2400 iu
1362 2345 1501 2414 adjuturas
1509 2363 1565 2406 ,ne-

213 2433 291 2476 cesse
308 2422 393 2478 habet
410 2423 537 2491 incidere,
556 2429 604 2478 aut
622 2423 780 2491 adjumenta
797 2425 875 2480 tarda
893 2431 963 2480 sant.
1004 2426 1057 2481 Sed
1074 2425 1215 2483 differatur
1232 2428 1285 2482 hoe
1301 2425 1417 2480 inillam
1429 2423 1564 2495 quaestio·

214 2513 290 2568 nam,
313 2517 363 2558 cur
386 2503 467 2558 homo
485 2502 529 2557 hic
552 2503 641 2557 omnia
658 2519 709 2572 per
726 2504 793 2560 ahos
812 2503 926 2572 efficiat,
949 2503 1018 2559 nihii
1036 2503 1119 2576 (quod
1143 2504 1301 2559 felicitatem
1318 2506 1433 2572 spectet)
1451 2520 1501 2574 per
1524 2519 1562 2572 ae.

217 2579 309 2635 Tertia
327 2597 425 2648 causa,
442 2583 516 2651 quod
535 2597 604 2636 nora
619 2583 704 2637 muita
720 2584 825 2654 incipit,
844 2593 887 2640 est
903 2585 1058 2654 multiplex:
1076 2584 1198 2654 quamde
1217 2584 1288 2638 euim
1306 2582 1458 2638 absterrere
1474 2585 1564 2653 ipsum

215 2656 338 2728 deberet,
364 2660 438 2728 quod
462 2663 554 2730 priora
577 2667 642 2716 sunt
665 2661 835 2732 imperfecte,
862 2663 997 2734 cupiditas
1015 2669 1106 2718 tamen
1123 2676 1194 2718 nova
1210 2661 1346 2716 uacauit
1370 2661 1450 2731 longe
1468 2663 1565 2718 tortior

212 2739 263 2790 est.
300 2738 462 2808 cupiditatis
480 2739 563 2809 hujus
581 2737 724 2794 illecebrae
742 2748 808 2796 suut
828 2741 885 2797 sita
902 2741 1065 2796 scholastica
1090 2747 1118 2795 et
1144 2739 1309 2811 umhratilis3
1334 2757 1396 2796 uam
1419 2742 1443 2796 si
1461 2741 1565 2797 difficili

217 2831 300 2872 onere
319 2816 467 2874 functionis
486 2818 673 2887 distineretur,
690 2834 746 2873 uon
762 2827 856 2890 posset
872 2817 1014 2890 indulgere
1032 2818 1173 2889 cupiditati
1189 2817 1254 2874 huic
1272 2819 1444 2888 speculandi,
1464 2827 1495 2875 ut
1512 2835 1564 2874 nec

210 2899 275 2963 taut,
298 2895 321 2950 si
346 2903 468 2965 egestate
491 2903 667 2966 premeretur.
707 2898 803 2966 itaque
825 2899 917 2953 nutrix
940 2897 1025 2967 hujus
1047 2897 1201 2967 cupiditatis
1226 2903 1269 2952 cst
1294 2897 1350 2953 uita
1373 2915 1424 2954 nec
1450 2904 1561 2958 sums

210 2972 358 3028 honoribus
382 2982 507 3041 onerata,
534 2989 585 3030 nec
607 2981 730 3043 egestate
753 2991 864 3047 pressa,
888 2977 922 3032 de
940 2978 1019 3046 cujus
1045 2977 1129 3046 siguis
1149 2976 1210 3031 vide
1226 2983 1332 3045 postca„
1369 2977 1449 3044 Quod
1467 2987 1559 3035 antean

210 3050 385 3120 cupiditatem
408 3053 496 3123 ipsam
515 3054 627 3123 attinet,
654 3069 715 3109 cum
733 3055 809 3111 nulla
832 3055 869 3110 sit
885 3055 1001 3112 eruditio
1021 3057 1080 3112 siue
1098 3055 1159 3126 ilie,
1187 3069 1267 3111 omne
1291 3072 1355 3111 vero
1378 3058 1518 3126 ingenium
1534 3069 1567 3116 et

210 3131 325 3186 erudbm
344 3147 361 3189 a
378 3134 523 3204 Mercurio,
541 3134 667 3190 existimo
685 3134 861 3205 cupiditatem
879 3135 951 3191 hane
968 3135 1114 3204 significari
1132 3136 1297 3192 aMereurio
1315 3135 1417 3204 vecte,
1438 3139 1564 3194 orientali

209 3209 238 3264 in
251 3207 311 3264 vlt.
348 3209 386 3266 Et
404 3209 475 3268 iorte
494 3213 610 3269 etiarm
638 3211 675 3284 [l
697 3219 742 3286 (ς,
765 3215 812 3284 qui
829 3215 954 3270 ardorem
977 3222 1004 3270 et
1029 3216 1262 3286 praecipitantium
1285 3215 1399 3271 denotat
1416 3223 1561 3273 nocentem
1680 3248 1682 3256 ι

208 3293 237 3341 et
255 3301 285 3342 sc
303 3287 390 3358 ipsam
408 3290 607 3360 impedientem.

295 3366 349 3423 Sed
365 3366 525 3426 'accenditur
542 3377 573 3426 ut
590 3371 735 3440 plurimum
753 3371 821 3427 haee
839 3372 974 3442 cupiditas
995 3371 1127 3440 exemplis
1144 3371 1258 3426 aliorum
1276 3380 1306 3428 et
1321 3372 1381 3441 ipsa
1397 3372 1562 3448 ‘difficultate

207 3456 311 3515 mrum,
335 3449 408 3516 quod
424 3451 535 3521 proprie
553 3452 650 3506 Martie
669 3458 724 3521 est,
749 3458 780 3505 ut
804 3458 833 3505 et
850 3451 934 3518 ignis,
958 3450 1037 3518 cujus
1056 3457 1180 3503 naturam
1205 3451 1288 3504 hehet
1304 3451 1388 3504 Mara.
1419 3451 1560 3520 dirempta

208 3517 313 3582 facium
336 3529 557 3598 aemulationem,
583 3538 719 3598 quaeest
741 3529 876 3584 ahiarte.
910 3529 964 3582 Eat
986 3534 1077 3582 autem
1105 3541 1180 3581 amor
1197 3528 1267 3592 reri,
1293 3527 1414 3596 pulchri,
1441 3530 1560 3605 honesti,

207 3600 311 3676 laudis,
338 3607 454 3680 gloriae,
476 3611 671 3664 nutrimentum
690 3613 717 3662 et
734 3607 796 3662 finis
820 3607 902 3674 hujus
921 3604 1090 3674 cupiditatis;
1109 3619 1178 3672 quae
1199 3605 1332 3674 cupiditas
1355 3607 1452 3661 harum
1469 3621 1561 3662 rerum

207 3683 280 3740 unde
303 3687 351 3753 sit,
376 3685 441 3741 alibi
459 3685 683 3742 considerandum
707 3693 757 3740 cst.
793 3685 878 3739 Porro
903 3699 936 3738 cx
960 3683 1009 3738 iiia
1030 3681 1237 3752 praecipitantia
1259 3689 1287 3737 et
1303 3683 1458 3754 cupiditate,
1477 3701 1559 3754 qaam

208 3763 331 3818 nocivam
349 3763 413 3834 diri,
432 3763 485 3819 hoc
502 3763 640 3833 sequitur,
659 3771 689 3820 ut
706 3765 783 3834 prius
801 3761 903 3832 ahquid
921 3761 1022 3817 incidat
1039 3762 1196 3830 dicendum,
1214 3775 1295 3830 quem
1313 3762 1444 3832 perpendi
1463 3763 1565 3831 possit·

206 3856 289 3910 quam
307 3843 410 3898 bonum
429 3844 473 3899 sit.
509 3844 580 3898 Hinc
597 3843 783 3899 hallucinatur
800 3847 933 3910 perpetuo
950 3841 978 3896 iu
996 3853 1137 3902 amorre,
1154 3841 1218 3896 hioc
1235 3856 1269 3895 ne
1288 3841 1396 3910 ouium
1415 3841 1559 3911 epmtoiem

206 3919 275 3975 hene
300 3919 393 3976 scribit
419 3937 454 3982 ex
481 3927 612 3992 tempore.
649 3920 758 3977 Modica
784 3935 847 3975 aero
874 3919 1043 3976 correctione
1071 3917 1205 3989 adhibita,
1234 3920 1325 3978 omnia
1351 3919 1420 3975 inat
1445 3921 1557 3990 optima.

205 3999 281 4054 Beue
300 3999 408 4069 quidem
426 3998 548 4069 loquitur
566 4007 594 4055 et
612 3999 682 4056 benc
699 4001 800 4066 scribit,
819 3999 949 4069 quamdiu
966 3998 1036 4054 nihii
1053 3999 1166 4070 premit,
1184 3999 1235 4056 nisi
1255 4001 1327 4069 quod
1345 4001 1557 4070 praemeditatas

203 4079 270 4138 oiim
288 4077 385 4135 iuerat
421 4080 475 4136 Sed
491 4080 621 4148 loquenti,
640 4079 776 4136 scribenti·
786 4085 919 4151 perpetua
936 4077 1093 4134 iutercarrit
1110 4079 1239 4148 cogitatio
1258 4079 1292 4133 rie
1309 4080 1388 4134 novis
1405 4080 1449 4134 rei
1466 4080 1556 4136 serbis

205 4159 248 4214 vei
261 4158 346 4215 *rebus
364 4159 511 4214 raimodis
529 4159 659 4229 loquendi
677 4167 725 4216 aut
743 4158 956 4230 argumentandi,
976 4157 1018 4212 vei
1036 4157 1070 4213 de
1087 4167 1158 4213 noso
1175 4157 1347 4213 coasiliotrei
1365 4157 1399 4212 de
1416 4157 1556 4214 reticendo

205 4237 251 4294 iilo
270 4240 344 4312 ipso,
372 4239 446 4310 quod
462 4239 592 4308 loquitur.
610 4253 614 4262 ·
630 4241 696 4295 Oura
721 4239 805 4308 igitur
823 4239 880 4308 alii,
904 4245 936 4293 ut
954 4235 1087 4307 Scaliger,
1116 4251 1150 4290 ex
1169 4243 1292 4304 tempore
1309 4235 1429 4317 scribent
1447 4237 1555 4307 optimu

205 4329 318 4374 neceme
335 4323 392 4388 est,
416 4317 478 4373 illos
496 4317 597 4372 habere
616 4318 826 4387 significatorum
850 4318 968 4386 optimae
992 4315 1119 4386 uacua,
1141 4315 1266 4384 junctam
1287 4315 1463 4388 significaturi
1481 4319 1563 4388 cupi·

206 4396 306 4454 diutia
343 4395 415 4466 eote
432 4398 530 4452 mirum
548 4405 647 4462 autem,
666 4397 690 4451 si
707 4411 795 4452 sermo
812 4402 856 4452 cst
874 4395 1016 4450 character
1027 4393 1107 4464 sitae,
1125 4394 1198 4463 quad
1211 4400 1270 4450 arat
1287 4393 1365 4450 iuitie
1377 4395 1554 4466 prepositum.

205 4475 302 4545 Neque
318 4483 410 4532 umen
423 4471 501 4546 aliae,
520 4477 564 4532 cui
577 4483 619 4532 act
635 4469 662 4554 ζ)
682 4475 710 4532 ia
723 4475 781 4530 vii.
796 4473 944 4544 orientalis,
962 4473 1052 4539 veior,
1075 4472 1203 4542 directus,
1221 4480 1367 4542 propterca
1379 4473 1470 4528 statim
1482 4472 1556 4544 idem

204 4555 270 4625 erit,
294 4555 367 4626 quod
389 4556 444 4622 hic,
469 4555 534 4624 quia
551 4561 676 4610 naturam
698 4553 797 4622 ingenii
822 4559 931 4623 oportet
953 4567 1015 4609 csse
1041 4552 1121 4607 simui
1139 4565 1266 4620 capacem
1289 4558 1332 4606 tot
1356 4551 1559 4620 cogitationum

209 4635 353 4689 ιιιιιιιιιι.
389 4635 466 4690 iiaec
488 4642 604 4690 catomo
625 4633 761 4702 capacitas
786 4645 847 4687 esse
870 4631 978 4686 ridamr
995 4645 1012 4684 a
1029 4623 1071 4708 ᾧ
1093 4637 1122 4686 at
1139 4631 1202 4686 Aac.
1221 4628 1303 4686 sinai
1321 4645 1382 4686 cum
1394 4629 1481 4688 stellis
1493 4629 1554 4698 piu·

109 4703 113 4714 '
204 4713 293 4782 une,
311 4713 384 4768 unae
402 4713 559 4783 ιιιιςιιιιο
578 4721 607 4768 er
623 4712 824 4768 reminemus
840 4709 970 4766 necta
989 4711 1070 4764 mro·
1089 4725 1122 4762 ax
1139 4708 1206 4777 auo,
1230 4721 1290 4764 cun
1307 4713 1398 4764 anea
1415 4707 1552 4772 mancae

205 4791 295 4864 qualia
317 4792 345 4847 in
362 4792 436 4863 alhs,
458 4806 602 4866 nunquam
621 4791 808 4862 incutiebat
835 4791 889 4846 hee
911 4796 967 4855 est,
992 4801 1063 4858 quae
1087 4787 1196 4855 specim
1217 4801 1254 4856 ea
1267 4785 1486 4846 aeleaaditt’one
1503 4793 1554 4848 aut
