3732 5528
309 351 372 413 394
817 345 967 402 Ptolemaei
985 345 1140 406 Harmonia.

307 521 421 578 susus.
437 515 566 594 quinque.
603 523 650 578 sn
668 529 758 580 autem
776 523 835 582 sao
852 537 936 579 eausa
953 523 1043 593 placet
1061 506 1198 591 ruptore
1216 522 1355 594 dapason,
1373 524 1493 594 paam
1505 523 1551 580 uu
1568 525 1653 596 mpu-

307 617 380 668 care,
398 607 429 664 ut
446 602 539 672 plures
558 602 657 658 lrabeat
675 601 800 674 stabiles,
820 603 901 657 etiam
919 601 1055 658 veteribus
1075 602 1169 657 dictos.
1206 603 1260 658 Tot
1277 603 1360 672 igitur
1376 602 1529 660 nominibus
1544 603 1656 660 residat

307 679 479 750 septenarius
499 680 637 738 stabilium
655 697 789 736 sonorum.
818 724 822 733 ,
1241 725 1246 736 .

396 760 469 814 Nota
486 759 534 815 lx.
570 763 595 816 E
614 769 708 817 contra
726 762 896 830 septenarius
913 771 1042 816 numerus
1059 761 1230 830 planetarum
1248 769 1290 818 est
1307 761 1335 818 iu
1353 762 1465 830 antiqua
1483 767 1587 817 tantum
1606 777 1656 818 aeu

309 843 475 902 Ptolemaios
492 845 664 912 astronomia,
684 851 715 897 nt
732 843 778 898 illa
796 843 873 898 nobis
891 841 1024 898 terricolis
1043 855 1140 910 seper
1158 841 1252 897 oculos
1269 842 1396 910 insinuat,
1416 858 1477 896 cum
1494 843 1595 912 reipsa
1611 859 1656 899 res

309 927 390 996 longe
407 923 506 980 babeat
523 919 608 978 aliter.
645 925 713 977 Nam
731 925 755 978 si
773 924 915 992 primarios
933 922 1059 991 planetas
1083 921 1111 976 in
1129 922 1230 977 mundo
1249 921 1417 980 consideres.
1441 930 1506 977 sunt
1523 921 1542 976 il
1560 937 1657 977 secun·

309 1005 373 1060 dum
398 1005 574 1074 (iopernicum
598 1019 710 1058 numero
733 1018 789 1058 sex.
824 1003 904 1058 Luna
922 1001 1012 1057 Solem
1036 1016 1091 1055 nou
1113 1001 1336 1072 circumvehitur,
1363 999 1411 1057 sed
1435 1000 1585 1068 Tellurem,
1612 1007 1656 1055 est

308 1085 391 1154 igitur
407 1085 479 1138 inter
497 1081 686 1152 secundarios,
706 1089 736 1138 ut
753 1085 770 1138 t
788 1080 1002 1150 circumjoriales
1021 1087 1049 1136 et
1067 1081 1158 1136 ceteri.
1195 1079 1241 1135 Sin
1260 1095 1354 1136 omues
1372 1093 1544 1136 numeramus
1563 1080 1657 1148 plane·

308 1171 359 1232 tas,
379 1164 459 1219 etiarn
478 1163 665 1230 secundarios,
692 1169 719 1217 et
736 1163 784 1232 qui
795 1162 927 1231 planetes
946 1161 1014 1216 alios
1033 1160 1271 1216 circumvehuntur
1294 1160 1409 1231 epicyeli
1425 1167 1513 1228 motu,
1535 1159 1592 1227 jam
1611 1175 1657 1214 ex-

307 1241 440 1313 perientia
463 1241 497 1296 ad
517 1243 549 1297 13
567 1257 654 1310 usquo
671 1239 808 1296 'excurrit
845 1240 975 1296 Omnibus
999 1240 1082 1308 igitur
1104 1240 1190 1296 modis
1215 1239 1328 1295 fortuita
1351 1248 1394 1294 est
1412 1241 1577 1310 conspiratio
1596 1251 1657 1308 sep·

307 1323 471 1376 teneriorum
488 1321 611 1374 istorum.

268 1403 273 1414 '
392 1399 465 1454 it'ota
483 1399 513 1452 x.
551 1398 627 1467 Quae
645 1399 689 1454 bic
707 1397 740 1452 de
758 1405 833 1452 motu
852 1399 948 1452 diurno
966 1399 1050 1454 totius
1063 1397 1155 1453 mundi
1173 1399 1208 1455 ab
1221 1405 1282 1454 ortu
1295 1399 1471 1468 inoccatum,
1489 1403 1518 1453 et
1535 1397 1569 1454 de
1580 1403 1658 1453 motu

307 1477 440 1549 sphaerae
457 1476 573 1532 fixarum
590 1477 745 1532 tardissimo
764 1477 791 1530 in
804 1476 968 1532 contrariam
981 1478 1089 1546 plagam
1103 1478 1236 1546 dicuntur,
1255 1493 1288 1532 ea
1299 1485 1363 1533 sunt
1375 1485 1558 1533 consentanea
1570 1485 1656 1532 astro·

309 1557 415 1613 nomiae
432 1555 621 1611 Ptolemaicae
658 1555 822 1623 Cupernicus
840 1556 928 1611 reales
946 1555 997 1611 bos
1016 1565 1106 1612 motus
1125 1573 1179 1612 uon
1197 1557 1327 1626 agnoscit,
1346 1556 1394 1611 sed
1413 1555 1530 1624 priorem
1548 1555 1656 1625 quidem

308 1636 479 1692 transscribit
496 1635 628 1690 solutioni
646 1635 763 1690 Telluris
782 1636 854 1690 circa
867 1651 946 1691 snum
964 1652 1043 1692 axem
1061 1638 1089 1692 in
1101 1637 1208 1708 plagam
1221 1637 1382 1706 oppositam,
1401 1637 1580 1705 posteriorem
1591 1651 1659 1692 nero

309 1715 436 1770 emotioni
454 1716 513 1770 axis
532 1712 650 1768 Telluris
669 1728 684 1768 e
703 1729 753 1768 suo
772 1715 825 1769 situ
844 1715 983 1784 parallelo.

336 1855 339 1866 ,
386 1795 466 1848 -Nota
483 1795 529 1848 Xl.
565 1794 597 1848 Iu
618 1794 783 1849 astronomia
801 1795 943 1863 (lopernioi
962 1795 1106 1851 dicendum
1124 1795 1169 1852 bic
1187 1802 1269 1861 esset,
1289 1809 1410 1863 epogaea
1427 1795 1582 1864 limitesque
1599 1793 1659 1862 pla·

306 1881 429 1930 netarum
447 1873 544 1928 boreos
569 1881 596 1928 et
613 1875 750 1928 austrinos
768 1881 902 1944 perpetuo
927 1875 978 1930 sub
996 1875 1091 1931 iisdem
1115 1875 1177 1931 fixis
1197 1875 1352 1945 quiescere3
1374 1875 1428 1929 boe
1449 1874 1520 1929 enim
1544 1871 1661 1928 credidit

306 1952 480 2008 Ptolemaeus
499 1953 532 2007 de
551 1955 666 2023 planetis
686 1956 813 2022 quinque.
848 1955 883 2010 At
901 1953 1055 2008 observatio
1074 1953 1201 2022 lonp'oris
1215 1954 1273 2008 aeri
1292 1952 1396 2008 detexit
1411 1953 1505 2021 plura3
1525 1967 1586 2007 nam
1599 1965 1662 2005 auc-

307 2033 408 2089 eednut
425 2035 506 2088 etiem
524 2034 592 2089 haec
609 2034 888 2102 punctaimagiuaria
912 2034 1001 2089 atina
1024 2035 1057 2089 ad
1076 2034 1159 2089 lixam
1182 2035 1270 2101 aliam,
1290 2040 1317 2088 et
1338 2031 1531 2101 inaequalibus
1550 2029 1661 2098 quidem

310 2113 451 2170 celeritate
467 2113 665 2183 progressibus.
1656 2113 1661 2124 ’

396 2212 469 2268 Nota
486 2213 546 2268 XII.
583 2213 645 2267 Jarn
670 2213 743 2280 quod
762 2211 938 2281 sphaerarum
957 2211 1156 2278 magnitudines
1176 2209 1288 2273 attinet,
1314 2222 1362 2263 eae
1385 2205 1459 2262 nullo
1484 2205 1564 2262 modo
1589 2220 1663 2260 meu·

311 2307 401 2347 suram
419 2292 532 2348 eandem
551 2291 707 2358 observant,
734 2307 814 2360 quam
834 2291 995 2345 obortarum
1015 2289 1169 2360 longitudo,
1195 2303 1228 2341 ao
1251 2301 1285 2342 ue
1303 2285 1407 2340 eminus
1427 2284 1535 2354 quidem
1564 2299 1663 2354 appro-

311 2373 452 2441 pinquant,
471 2372 519 2427 sed
538 2371 742 2439 generalissima
760 2369 891 2438 quaedam
910 2370 1047 2437 allegatur
1065 2369 1269 2438 proportionum
1291 2363 1572 2433 inaequalissimarum
1591 2361 1664 2416 simi·

309 2451 408 2520 litndu,
434 2457 461 2506 et
487 2451 588 2506 nudum
613 2465 700 2505 meses
718 2464 831 2510 nomen,
859 2456 886 2502 et
909 2449 1030 2518 opinatio
1057 2449 1090 2502 de
1114 2447 1290 2516 sphaerarum
1316 2445 1514 2516 magnitudine,
1542 2459 1613 2513 qnae
1637 2445 1664 2498 in

307 2531 479 2586 astronomia
495 2530 644 2586 Ptolemaei
661 2529 747 2585 libera
765 2527 873 2597 quidem
893 2537 943 2596 est,
963 2529 1011 2582 sed
1029 2543 1045 2581 a
1063 2541 1127 2580 vera
1140 2523 1306 2580 astronomia
1317 2523 1461 2578 refutatur.
1499 2523 1665 2591 Quinetiam

307 2609 372 2664 ordo
397 2608 569 2690 planetarum
596 2609 733 2664 veteribus
757 2608 876 2664 creditus
899 2609 980 2676 longe
1005 2606 1087 2659 babet
1111 2604 1190 2658 aliter
1208 2601 1281 2672 apud
1301 2602 1480 2672 (loperuicum
1502 2607 1530 2656 et
1556 2609 1666 2670 praeter

306 2688 474 2758 opinionem.
510 2689 571 2743 Etsi
590 2689 660 2742 enim
679 2689 706 2742 in
726 2688 853 2756 Saturno,
868 2688 945 2754 Jove,
965 2685 1053 2740 Marte
1072 2683 1163 2738 nullus
1182 2699 1258 2738 error
1276 2681 1387 2750 ordinis,
1406 2688 1434 2735 at
1452 2695 1503 2735 uec
1520 2681 1547 2734 in
1560 2679 1667 2736 Venere

306 2777 333 2822 et
353 2767 503 2834 Mercurio,
530 2776 656 2837 respectu
680 2757 841 2822 inclusionis
863 2775 890 2822 et
907 2763 1179 2833 circumscriptionis;
1206 2769 1235 2816 at
1258 2761 1285 2815 iu
1305 2760 1369 2815 Sole
1387 2768 1461 2814 errat
1482 2765 1560 2813 retus
1579 2766 1665 2814 astro·

307 2846 408 2914 nomia,
429 2861 490 2898 cum
509 2847 665 2902 certissimis
685 2846 876 2915 experimentis
895 2846 1109 2900 demonstratum
1128 2842 1285 2908 babeamus,
1298 2839 1432 2894 Venerem
1445 2839 1542 2906 (euque
1555 2844 1583 2890 et
1595 2837 1666 2892 Mer·

307 2925 419 2990 curium)
449 2924 520 2979 cirea
538 2924 627 2979 Solem
645 2925 693 2990 ire,
711 2931 766 2979 tarn
785 2924 895 2980 altiores
913 2924 960 2978 illo
979 2922 1155 2990 quandoque,
1172 2935 1253 2990 quam
1272 2919 1388 2974 vicissim
1406 2917 1666 2982 humiliores'alias3

305 3011 333 3059 et
358 3003 522 3058 Mercurium
543 3003 652 3071 quidem
670 3005 776 3058 Venere
794 3021 866 3059 nunc
884 3005 1022 3070 altiuiem,
1041 3001 1064 3054 si
1082 3008 1147 3058 aunt
1165 2999 1323 3056 humiliores
1342 2997 1421 3066 Sole,
1440 3012 1512 3051 nnuc
1531 3013 1564 3053 ea
1582 2997 1667 3052 humi·

305 3083 415 3150 liorem,
434 3083 457 3137 si
476 3081 554 3138 ambo
573 3081 636 3136 Sole
655 3081 772 3136 altiores.
810 3083 906 3151 ltaque
932 3090 963 3137 ut
983 3082 1142 3138 emendetur
1159 3079 1204 3134 hic
1223 3079 1289 3134 ordo
1312 3077 1461 3132 secundum
1479 3077 1668 3153 Cepernioum

307 3161 424 3216 Telluris
449 3167 476 3214 et
495 3161 566 3214 Solis
585 3160 752 3216 conditiones
771 3167 834 3216 sunt
853 3163 1063 3231 permutandae,
1087 3169 1118 3216 ut
1141 3177 1194 3216 non
1214 3160 1273 3228 Sul,
1296 3159 1344 3213 sed
1363 3159 1448 3212 Terra
1476 3156 1591 3210 circuitu
1620 3171 1669 3210 suo

312 3237 413 3295 mediet
438 3239 508 3293 inter
526 3238 662 3308 planetas,
689 3239 815 3293 Solvere
834 3257 881 3294 cor
904 3242 941 3296 sit
956 3242 1074 3297 omnium
1094 3246 1122 3296 et
1146 3245 1278 3306 centrum,
1306 3252 1360 3292 uon
1378 3236 1472 3290 Terra.
1516 3235 1554 3288 Et
1576 3241 1668 3290 tamen

309 3318 395 3373 etiam
414 3317 453 3372 sic
472 3318 608 3384 (restituto
627 3317 721 3372 ordine
739 3320 813 3386 vero)
833 3319 953 3374 exulabit
972 3335 987 3372 e
1006 3335 1119 3374 numero
1138 3320 1224 3384 Luna,
1244 3325 1363 3386 atquae
1382 3314 1518 3370 Tellurem
1537 3313 1668 3376 circumit,

318 3413 405 3467 eoque
423 3410 440 3451 a
458 3403 551 3452 centro
571 3395 741 3465 planetarum
760 3397 839 3451 abest
857 3396 964 3464 longius
976 3399 1083 3451 Venere
1101 3405 1129 3452 et
1150 3397 1296 3452 Mercurio.
1330 3397 1373 3450 lta
1392 3403 1455 3450 nete
1467 3393 1669 3463 hyporbolaeon

319 3476 422 3531 unllam
440 3476 552 3532 babebit
570 3475 715 3544 planetam,
734 3481 792 3546 aut,
810 3481 840 3529 ut
857 3475 962 3530 Lunam
980 3475 1093 3545 babeat,
1113 3491 1128 3529 e
1145 3491 1256 3530 numero
1270 3474 1412 3529 eximenda
1429 3480 1456 3527 et
1474 3471 1539 3527 alibi
1557 3470 1670 3526 seorsim

319 3557 371 3613 stit
388 3555 531 3612 tendenda

226 3701 232 3714 Ι
407 3637 485 3703 Quod
503 3649 566 3688 reru
581 3632 638 3702 jam
656 3633 769 3688 mobiles
787 3633 851 3688 binc
869 3649 952 3689 sonos
970 3649 1018 3688 sen
1036 3634 1124 3701 locos,
1148 3630 1211 3687 inde
1228 3631 1407 3702 particulares
1426 3628 1594 3698 singulorum
1613 3627 1669 3698 pla·

322 3722 445 3772 netarum
466 3713 597 3780 sphaeras
616 3713 722 3781 attinet,
740 3711 784 3766 bic
796 3712 893 3766 iterum
907 3713 1099 3782 impedimenta
1110 3711 1204 3780 multa,
1223 3729 1277 3781 quo
1295 3713 1382 3766 minus
1400 3709 1566 3780 comparatio
1583 3705 1672 3778 possit

321 3792 434 3847 institui.
471 3793 541 3845 Nam
559 3789 844 3858 proslambanomenos
863 3807 917 3846 non
936 3792 1019 3846 babet
1038 3792 1127 3846 socios
1145 3790 1268 3858 mobiles,
1287 3806 1348 3844 cum
1365 3789 1496 3844 Saturnus
1514 3795 1606 3842 tamen
1624 3785 1669 3840 bt·

319 3871 383 3926 beat
401 3869 559 3939 epicyclurn,
579 3876 607 3924 et
624 3869 703 3922 Luna
721 3869 840 3938 epicyolo
859 3873 979 3926 secundo
999 3873 1040 3934 tin
1054 3871 1218 3926 astronomia
1235 3877 1380 3938 utrumque
1392 3868 1571 3936 Ptolemaiou)
1589 3873 1669 3933 earet,

318 3965 380 4004 oum
399 3949 435 4004 sit
454 3947 528 4016 apud
546 3952 628 4002 neten
647 3948 721 4002 socia
738 3947 855 4015 mobilis,
874 3959 1013 4017 paranete.
1050 3951 1120 4004 Nam
1139 3950 1211 4018 quod
1224 3950 1396 4005 Ptolemaeus
1408 3949 1507 4004 Lunae
1515 3963 1565 4018 per
1576 3960 1669 4002 eutem

318 4031 401 4084 tricos
421 4027 501 4083 etiam
520 4027 616 4082 tribuit
632 4025 729 4095 longos
748 4025 896 4084 descensus
914 4043 1098 4098 ascensusque
1116 4039 1205 4099 (quem
1223 4045 1273 4097 ego
1292 4029 1327 4082 ad
1344 4043 1483 4082 numerum
1495 4025 1669 4095 marginalem

231 4169 232 4172 Ἴ
316 4107 572 4162 winterturum
598 4103 693 4158 merito
718 4110 840 4173 secutus,
868 4108 967 4177 quippe
990 4108 1105 4179 loquens
1131 4109 1207 4164 velut
1229 4123 1262 4162 ex
1287 4109 1346 4177 ejus
1369 4117 1440 4178 oret,
1467 4105 1601 4162 refutatus
1628 4109 1670 4157 eat

319 4189 420 4245 dudum
438 4183 626 4240 astronomicis
645 4184 847 4253 experimentis.
885 4186 938 4242 Sed
956 4201 1007 4242 nec
1026 4189 1194 4255 respondent
1212 4187 1393 4258 epioyclorum
1415 4187 1615 4255 magnitudines
1632 4185 1669 4238 iu·

318 4267 439 4325 teruallis
457 4267 529 4319 inter
546 4263 664 4328 stabiles,
681 4279 769 4333 neque
787 4263 1017 4334 magnitudinibus
1036 4267 1077 4334 (ut
1094 4274 1209 4336 apparet
1226 4283 1261 4323 er
1278 4283 1319 4334 ec,
1339 4268 1411 4336 quod
1424 4266 1600 4336 triplicandee
1613 4265 1669 4320 iue-

318 4355 382 4400 runt
399 4346 593 4415 proportiones
612 4345 767 4413 systematis
785 4343 904 4413 musici),
932 4359 1020 4413 neque
1040 4345 1214 4401 similitudine
1232 4346 1429 4414 proportionis,
1448 4361 1503 4399 non
1521 4349 1627 4398 tantum
1643 4341 1670 4396 in

320 4427 523 4493 comparatione
550 4425 584 4478 ad
610 4439 640 4478 se
658 4430 764 4492 mutuo,
791 4421 839 4477 sed
865 4422 947 4477 etiam
971 4422 1006 4477 ad
1024 4425 1106 4479 orbes
1123 4439 1203 4494 suos;
1230 4424 1273 4478 bis
1292 4424 1364 4480 euim
1388 4422 1511 4479 omnibus
1529 4421 1615 4476 modis
1632 4421 1670 4472 in·

320 4503 447 4571 aequales
467 4508 533 4570 sunt
551 4502 678 4570 utrinque
697 4500 899 4571 proportiones,
927 4507 959 4555 ut
977 4501 1114 4570 epicyclus
1131 4503 1229 4558 Martis
1250 4502 1368 4557 omniurn
1386 4502 1533 4570 maximus,
1558 4498 1670 4556 vanam

320 4580 355 4634 ad
374 4597 455 4634 suum
474 4581 566 4634 orbem
585 4587 759 4649 comparatus
778 4581 859 4635 etiam
872 4580 966 4651 major,
986 4597 1046 4636 cum
1059 4581 1197 4638 stabilium
1210 4595 1337 4636 sonorum
1349 4579 1492 4636 intervalla
1503 4577 1669 4635 solummodo

320 4659 376 4712 siut
393 4660 577 4725 magnitudine
597 4659 762 4730 differentia,
788 4677 872 4716 unum
894 4661 951 4716 toni
971 4661 1138 4730 disjunctim.
1166 4659 1282 4714 alterum
1304 4659 1471 4716 tetrachordi
1494 4659 1669 4712 ᾱὶιιειιιιοιι.

319 4739 362 4792 lta
383 4737 459 4792 rides
477 4738 504 4790 in
523 4738 633 4806 tabella,
653 4754 688 4792 ne
706 4740 758 4795 bac
776 4739 884 4808 quidem
901 4739 1083 4806 triplicatione
1101 4739 1306 4808 proportionum
1325 4739 1479 4808 systematis
1497 4737 1597 4804 canem,
1617 4751 1669 4803 quo

322 4815 409 4884 minum
427 4815 455 4870 iu
474 4815 562 4871 Marte
587 4826 616 4873 et
632 4819 738 4876 vorare
757 4820 888 4876 immanet
913 4819 968 4875 siut
990 4833 1163 4875 numerorum
1180 4818 1424 4876 wnomiuorum
1448 4833 1465 4874 a
1485 4817 1594 4874 musicis
1617 4814 1669 4870 dit·
