3698 5534
515 307 518 317 '
649 329 691 384 ne
710 319 1024 382 mortuorunm
1040 312 1219 370 eumenen.

941 493 1021 566 simi,
1051 495 1082 551 in
1112 493 1248 570 opposita
1274 493 1406 568 proxime
1431 487 1528 550 Solem
1554 503 1608 546 ve·

942 583 1034 641 uiant.
1077 579 1112 639 Iu
1126 579 1242 656 adjeete
1257 578 1471 656 sehematepro
1485 574 1609 652 singulis
1701 619 1707 628 .

943 668 1069 746 planetis
1091 667 1162 728 laeti
1183 675 1252 726 sunt
1266 665 1365 726 eirouli
1380 667 1466 739 terni,
1488 656 1610 740 qnorum

843 805 845 808 .
944 755 1042 816 nullus
1064 754 1174 814 indieat
1195 756 1274 814 riam
1289 757 1383 831 ipsam
1404 753 1540 831 planetas
1561 767 1610 810 ee·

945 845 1122 917 eentrieam,
1146 841 1198 902 ssd
1226 841 1340 902 medius
1365 840 1496 918 quidem,
1529 845 1559 896 nt
1580 839 1611 894 iu

945 931 1041 990 Marte
1063 930 1127 1003 BE,
1154 937 1199 989 ert
1221 929 1355 1006 aequalis
1377 929 1489 988 orbitae
1509 941 1612 986 eeeen-

945 1021 1045 1092 trieae,
1064 1017 1162 1093 quoad
1175 1016 1337 1094 longiorem
1353 1017 1417 1093 ejus
1427 1015 1612 1087 diametrum

947 1106 1043 1165 orbita
1075 1121 1143 1164 vero
1170 1107 1249 1182 ipsa,
1280 1113 1313 1163 ut
1336 1104 1409 1178 AD,
1439 1105 1534 1179 tangit
1560 1099 1612 1159 AF

947 1193 1128 1270 superiorem
1149 1209 1186 1251 ex
1207 1194 1300 1252 tribua
1327 1193 1365 1252 ab
1379 1207 1445 1276 xnna
1465 1190 1555 1268 plaga
1577 1187 1613 1260 ll,

947 1279 1112 1340 interiorem
1135 1278 1187 1338 OD
1212 1297 1248 1339 ex
1272 1281 1408 1356 opposita
1431 1278 1468 1338 D.
1512 1276 1614 1336 crren-

947 1365 995 1426 lus
1009 1364 1076 1440 GH,
1099 1367 1214 1443 punctis
1231 1368 1420 1427 abumbratus
1441 1373 1468 1425 et
1481 1381 1533 1442 per
1547 1379 1615 1423 een·

948 1461 1024 1512 trum
1040 1453 1118 1514 Solis
1134 1452 1304 1532 descriptus,
1325 1453 1434 1512 indicat
1449 1455 1525 1512 viam
1540 1451 1616 1511 Solis

950 1540 1031 1618 apud
1060 1539 1230 1619 Tyehonem
1254 1543 1367 1617 Brahe;
1401 1543 1448 1617 qui
1484 1543 1507 1599 si
1539 1540 1614 1598 lraue

951 1631 1030 1688 viam
1062 1635 1210 1702 moretur,
1239 1631 1338 1690 omnia
1368 1632 1482 1688 omnine
1509 1633 1617 1703 puncta

951 1718 1042 1775 tetius
1065 1719 1232 1793 systematis
1255 1717 1418 1796 planetarii,
1439 1715 1486 1774 hie
1500 1715 1618 1793 depicti,

951 1805 1032 1862 viam
1053 1802 1192 1863 incedunt
1211 1804 1374 1881 aequalem,
1399 1801 1519 1880 quilibet
1535 1819 1617 1860 suam

950 1892 1107 1969 propriam.
1152 1891 1189 1950 Et
1210 1909 1270 1952 auo
1293 1894 1356 1969 ejus
1371 1897 1486 1971 puneto,
1509 1887 1619 1950 scilieet

952 1987 1051 2038 neutro
1074 1975 1167 2053 Solis,
1198 1981 1228 2037 in
1258 1998 1316 2039 nna
1344 1982 1389 2040 sui
1413 1977 1507 2038 eirenll
1536 1984 1617 2056 parte

952 2071 1063 2139 stante,
1088 2073 1120 2124 ut
1143 2066 1191 2126 hie
1213 2070 1242 2124 in
1264 2067 1371 2142 infima,
1396 2068 1491 2126 emnia
1504 2067 1619 2124 omuino

952 2161 1062 2231 puncta
1084 2157 1253 2231 systematis
1270 2155 1393 2216 stabunt
1415 2156 1443 2212 in
1466 2155 1530 2212 imis
1552 2170 1620 2230 par-

953 2241 1032 2300 tibus
1054 2257 1174 2300 suorum
1189 2241 1327 2319 qnodque
1345 2241 1521 2301 circulorum.
1558 2239 1619 2298 Ve-

781 2340 811 2416 ‘j
825 2360 840 2377 ω
954 2329 1031 2388 neris
1055 2331 1145 2389 etlam
1173 2336 1232 2389 tres
1262 2328 1360 2389 oiroull
1387 2335 1502 2406 propter
1527 2343 1621 2404 augn-

773 2483 779 2496 ,
955 2416 1043 2476 stiam
1069 2417 1159 2492 spatii
1181 2421 1313 2477 coierunt
1341 2420 1371 2475 in
1393 2435 1480 2476 unum
1510 2421 1622 2494 praeter

824 2510 832 2524 ¹
954 2501 1146 2562 voluntatem.
1619 2507 1623 2514 '

1042 2589 1142 2650 Tertio
1168 2595 1282 2668 repetet
1306 2589 1399 2650 lenter
1426 2589 1621 2667 err-Mysterie

955 2693 1021 2736 meo
1049 2677 1313 2755 Cosmographieo,
1344 2677 1421 2754 quud
1451 2677 1527 2738 sdidi
1555 2683 1623 2736 ante

956 2766 997 2822 ‘22
1029 2781 1140 2824 annos:
1177 2781 1328 2825 numerum
1360 2764 1539 2842 planetarum
1570 2779 1623 2822 seu

956 2853 1164 2912 eurrienlorum
1180 2855 1258 2913 eirea
1268 2851 1367 2914 Solem
1382 2852 1544 2913 desumtum
1559 2865 1624 2910 esse

956 2955 974 2998 a
1001 2941 1218 3015 sapientissimo
1245 2940 1402 3001 conditore
1433 2957 1469 3000 ex
1496 2942 1623 3017 quinque

954 3024 1056 3102 liguris
1085 3028 1267 3106 regularibus
1298 3028 1415 3103 solidis,
1451 3027 1486 3088 de
1519 3027 1625 3104 quibus

954 3111 1093 3174 Euclides
1124 3115 1186 3191 jam
1220 3123 1288 3175 ante
1321 3123 1365 3176 tot
1393 3116 1491 3176 osenla
1520 3115 1625 3174 librum

836 3211 840 3223 ¹
955 3203 1086 3277 scripsit,
1118 3205 1169 3279 qul
1193 3201 1408 3263 Elementorum
1438 3202 1557 3277 dieitur,
1591 3217 1625 3260 eo

955 3287 1035 3362 quod
1064 3306 1100 3349 ax
1130 3293 1363 3367 propositionum
1392 3293 1464 3352 serie
1492 3291 1529 3350 sit
1555 3303 1626 3349 eon-

954 3380 1090 3436 struetns.
1142 3376 1228 3452 Quod
1260 3387 1358 3438 annm
1390 3379 1475 3455 plura
1503 3393 1624 3456 corpora
1698 3439 1703 3448 ,

954 3462 1101 3538 regularia
1122 3455 1272 3541 nequeant
1295 3483 1368 3540 esse,
1391 3465 1447 3525 hoe
1470 3473 1523 3539 est,
1546 3462 1625 3540 quod

953 3548 1064 3624 figurae
1086 3549 1193 3626 planae
1216 3553 1366 3630 regulares
1388 3558 1537 3628 nequeant
1557 3569 1625 3612 sae·

952 3639 1020 3713 pius
1050 3655 1140 3716 qnam
1162 3641 1319 3717 quinquies
1348 3643 1378 3698 in
1403 3639 1530 3700 solidum
1555 3655 1626 3698 eon·

952 3740 1073 3800 gruere,
1093 3725 1138 3786 ·id
1160 3726 1236 3788 libro
1260 3726 1388 3788 seeundo
1417 3726 1507 3804 hujus
1531 3727 1627 3805 operis

952 3813 1058 3888 patuit.

930 3945 935 3952 .
1041 3898 1164 3976 Quarto,
1189 3902 1269 3979 quod
1293 3905 1398 3964 attinet
1412 3905 1629 3982 proportionem

953 3985 1115 4046 orbitarum
1148 3989 1392 4066 planetariorum,
1429 3990 1482 4050 illa
1513 3988 1631 4067 quidem

953 4073 1029 4132 iuter
1058 4075 1143 4136 binas
1174 4079 1285 4140 orbitas
1308 4081 1421 4140 vicinas
1452 4081 1632 4155 semperast

951 4165 1043 4234 tauta,
1067 4169 1101 4223 ut
1115 4163 1203 4226 laoile
1218 4174 1367 4245 appareat,
1390 4179 1629 4242 unamquamque

952 4247 1068 4308 illarum
1084 4256 1321 4331 appropinquare
1332 4255 1513 4333 proportioni
1526 4253 1629 4311 unione

953 4335 1068 4395 orbium
1091 4341 1178 4402 nnius
1202 4359 1239 4402 ex
1255 4343 1383 4419 quinque
1398 4339 1501 4400 solidis
1519 4339 1627 4417 figuris,

956 4421 1069 4485 soilioat
1092 4428 1171 4487 orbis
1187 4431 1396 4507 nirenmseripti
1416 4426 1569 4488 adlerbem
1585 4427 1631 4484 in-

956 4511 1096 4589 serip'tum
1125 4515 1255 4594 figurae,
1283 4525 1315 4577 at
1336 4534 1396 4577 non
1419 4523 1517 4575 tamen
1547 4515 1634 4592 plano

957 4600 1091 4676 aequalis
1114 4612 1167 4678 est,
1193 4612 1227 4664 ut
1250 4605 1318 4664 olim
1343 4621 1433 4664 ansus
1452 4604 1494 4662 lui
1516 4601 1553 4661 de
1566 4617 1635 4677 per·

282 4673 495 4759 leetndeuiqr're
517 4689 693 4749 aanouomia
706 4685 846 4769 pollieeri.
879 4686 953 4748 Nam
978 4681 1045 4764 post
1067 4689 1234 4774 absolutam
1249 4692 1524 4752 demonstrationem
1545 4691 1637 4748 inter·

280 4763 424 4834 vallorum
452 4787 487 4832 ex
528 4773 781 4840 observationibus
810 4773 917 4838 Brahei
953 4775 1131 4852 deprehendi
1164 4777 1236 4840 hoe:
1273 4782 1342 4841 enbl
1372 4778 1489 4858 quidem
1521 4777 1639 4856 angulis
