3676 5536
299 304 361 366 232
711 303 753 358 De
772 299 1036 373 Condgrrretionibus
1053 301 1231 360 Harmonieis.
1306 365 1308 368 ,

298 483 480 544 conformant
500 481 574 545 radii
596 482 701 556 lucidi,
731 499 777 543 res
799 481 882 542 coelo
905 481 1043 552 oriunda,
1072 481 1123 542 sed
1147 483 1177 540 ln
1198 481 1319 543 Terram
1337 483 1402 559 jam
1424 484 1555 562 delapsa.
1599 485 1645 547 Do

298 587 366 630 vere
388 571 562 634 coelestibus
585 589 654 633 vero
677 571 835 631 harmoniis
856 569 933 630 libro
955 569 993 630 V
1016 587 1052 630 ex
1074 570 1204 647 professo
1228 587 1358 646 agemus
1384 571 1553 633 ruraliter:
1587 581 1646 634 ter-

297 661 367 718 mini
389 660 606 742 harmoniarum
628 659 701 719 libro
725 659 809 719 tertio
833 657 949 717 fuerunt
976 657 1102 716 hominis
1124 674 1178 717 ιιι
1200 660 1272 717 artis
1295 674 1385 734 opus,
1415 659 1473 720 boc
1493 659 1569 721 libro
1592 659 1644 720 IV.

297 752 383 826 ιιιιι
404 757 526 807 naturae
550 763 639 824 opus,
661 745 737 806 lihro
761 745 885 822 denique
907 743 945 804 V
969 752 1053 804 erunt
1074 761 1148 821 opus
1170 744 1227 803 Dei
1252 744 1407 806 creatoris.

383 829 438 894 ΠΙ.
462 833 641 910 Quantum
628 851 691 910 Jam
713 831 752 892 ad
773 832 945 892 rationalem
968 849 1095 904 causam,
1118 848 1196 907 quaa
1210 831 1370 893 harmoniis
1393 823 1478 894 suum
1494 851 1551 895 case
1574 851 1646 894 con·

298 919 393 995 ciliat,
417 921 569 981 discrimen
591 921 731 982 librorum
753 921 828 980 tertii
851 927 881 980 'et
902 921 999 997 quarti
1022 921 1051 976 iu
1074 935 1182 995 gonaro
1204 918 1316 979 nullum
1333 929 1386 994 ιιι,
1410 922 1462 982 sed
1485 921 1622 982 saltem
1613 942 1643 982 ιιι

297 1009 404 1085 specie.
451 1004 645 1068 Influebant
638 1010 715 1068 enim
737 1007 811 1067 libro
834 1006 890 1066 Ill.
913 1007 1082 1066 harmoniae
1112 1007 1225 1067 ratione
1255 1009 1301 1066 sni
1329 997 1455 1086 subjecti
1485 1011 1646 1070 materialis

296 1089 456 1176 (sonorum)
482 1099 511 1154 in
541 1112 657 1170 sensus,
691 1096 905 1173 recipiebantur
937 1102 967 1153 et
996 1092 1231 1170 dijudicabantur
1264 1097 1377 1154 ratione
1412 1113 1484 1156 suae
1514 1097 1646 1158 formalis

183 1241 189 1253 ,
289 1183 452 1257 'essentiae
477 1201 536 1259 qna
557 1183 726 1265 harmoniae
748 1191 817 1242 sunt
838 1181 880 1259 (id
908 1190 954 1240 est
976 1180 1201 1258 formabantur),
1225 1181 1263 1241 ab
1287 1184 1427 1243 instinctu
1459 1187 1549 1244 menti
1574 1203 1646 1246 oon·

298 1278 404 1343 creato,
426 1273 548 1329 rationis
570 1272 634 1330 siue
656 1267 789 1329 discursu
810 1270 962 1346 participe.
1007 1268 1045 1328 Et
1073 1267 1215 1329 hactenus
1241 1268 1412 1331 harmoniae
1444 1272 1646 1332 tantummodo

297 1373 330 1416 so
352 1357 423 1434 ipsis
446 1357 715 1417 considerabuntur.
759 1356 873 1417 Deinde
906 1372 975 1417 vcro
1001 1373 1053 1432 per
1080 1355 1241 1430 occultum,
1272 1357 1325 1417 sed
1354 1357 1518 1420 confessum
1547 1367 1646 1420 tamen

297 1446 501 1505 commercium
523 1443 696 1504 facultatum
719 1447 834 1504 animae
857 1433 1134 1504 transmutarentur
1148 1441 1317 1504 barmoniae
1340 1446 1493 1506 introrsum
1511 1457 1646 1524 receptae

297 1531 326 1588 ln
350 1531 472 1592 affectus
499 1532 594 1593 cordis
621 1533 734 1606 varios,
766 1549 818 1608 por
846 1529 988 1607 quasdam
1020 1533 1066 1590 sni
1092 1531 1296 1590 similitudines
1327 1549 1381 1592 scu
1403 1535 1516 1610 icones,
1547 1543 1646 1594 trans·

295 1617 492 1679 fundebantur
513 1628 542 1679 et
565 1621 593 1676 in
617 1619 834 1694 looomotivam,
858 1627 891 1677 ut
911 1617 1000 1677 homo
1024 1627 1195 1695 conceptam
1211 1619 1308 1679 animo
1324 1621 1451 1696 speciem
1474 1620 1645 1682 barmoniae

294 1723 354 1765 non
378 1723 451 1767 voca
474 1714 587 1766 tantum
610 1709 797 1784 exprimeret,
829 1706 881 1765 sed
908 1707 1008 1774 etiam,
1027 1715 1108 1766 motu
1131 1707 1261 1784 corporis
1291 1708 1460 1768 imitaretur.
1505 1708 1553 1768 Ite
1575 1709 1646 1768 har-

295 1796 412 1854 moniae
435 1797 515 1854 vices
539 1794 662 1869 alicujus
686 1810 791 1854 causae
815 1793 974 1852 subierunt.

381 1880 519 1942 Similiter
547 1889 577 1941 et
604 1880 652 1940 bie
673 1883 800 1940 animam
827 1897 991 1956 supponere
1018 1895 1137 1940 necesse
1168 1886 1230 1954 ast,
1269 1883 1314 1940 cai
1347 1881 1415 1942 inde
1449 1899 1467 1942 a
1498 1885 1645 1944 creatione

294 1985 390 2027 rerum
412 1972 450 2028 sit
473 1969 639 2028 instinctum
668 1967 724 2028 hoc
754 1970 974 2045 proportionum
1003 1967 1234 2027 harmonicarum
1258 1991 1401 2048 spesqpsov
1432 1978 1560 2047 atquae
1590 1988 1646 2030 an·

295 2053 396 2132 guium
419 2057 541 2116 duorum
572 2055 746 2114 radiantium
774 2055 916 2128 siderum,
947 2053 1210 2131 quomodocunque
1241 2056 1315 2115 intro
1342 2066 1493 2134 receptum
1516 2053 1585 2139 (seu
1616 2059 1646 2118 id

225 2195 227 2202 ,
293 2141 346 2210 liat
369 2141 470 2219 aliqua
492 2161 523 2203 re
545 2141 845 2218 sensuumanaloga,
869 2143 932 2200 sive
954 2159 1025 2202 suae
1049 2143 1209 2214 aasentias,
1233 2158 1293 2218 qua
1315 2145 1413 2204 anima
1436 2153 1489 2218 est,
1512 2146 1647 2222 proprie-

294 2236 370 2305 tata;
396 2230 436 2289 de
460 2247 518 2307 qno
542 2238 572 2291 et
596 2230 704 2290 dictum
727 2231 824 2306 capita
846 2226 1032 2305 praecedenti
1062 2239 1092 2288 ct
1113 2229 1244 2289 dicentur
1275 2231 1303 2287 in
1326 2233 1518 2308 sequentibus
1540 2229 1643 2315 plura)

294 2334 393 2378 secum
416 2319 480 2395 ipsa
503 2319 646 2388 aestimet,
669 2314 708 2376 ad
731 2325 857 2393 quatuor
879 2325 973 2375 rectos
996 2324 1157 2392 comparet,
1180 2315 1381 2376 harmonicum
1403 2333 1422 2380 a
1443 2336 1502 2379 non
1525 2320 1648 2380 humo·

294 2404 360 2465 uico
383 2404 532 2482 dijudicet,
557 2413 586 2465 et
608 2407 650 2464 sie
671 2405 842 2465 barmoniae
865 2420 950 2462 suum
972 2421 1031 2463 erae
1053 2403 1249 2464 intellectuale
1273 2405 1417 2481 conciliet,
1441 2405 1522 2485 quod
1544 2408 1646 2486 angult

294 2492 325 2551 hi
347 2491 417 2552 foris
441 2501 523 2553 extra
545 2493 649 2552 mentis
673 2491 773 2551 limina
795 2490 925 2549 nondum
948 2489 1106 2552 habebant.

380 2578 493 2655 Quodsi
523 2588 694 2656 quaeratur,
728 2577 893 2655 cujusmodi
923 2577 997 2638 haec
1027 2581 1124 2638 anima
1150 2581 1204 2651 sit,
1236 2578 1284 2636 ubi
1308 2577 1354 2637 vol
1387 2581 1416 2636 in
1439 2597 1499 2656 quo
1522 2598 1659 2659 corpore,

294 2665 462 2741 collocetur,
486 2664 657 2745 respondeo,
683 2667 804 2744 primum
828 2665 902 2725 tales
925 2681 989 2724 esse
1013 2668 1140 2725 omnium
1163 2665 1312 2724 hominum
1328 2669 1451 2726 animas.
1495 2667 1555 2729 Sed
1569 2668 1645 2729 libro

295 2755 381 2813 tertio
406 2761 468 2813 erat
489 2753 633 2830 facultas,
655 2771 730 2830 quae
753 2761 869 2831 praeest
892 2752 1006 2812 auditui
1036 2761 1065 2814 ιι
1086 2755 1129 2813 sic
1150 2753 1297 2826 sensibus,
1327 2752 1374 2814 hie
1397 2771 1454 2814 non
1478 2766 1524 2816 ιιι
1547 2759 1643 2816 scusi-

296 2843 358 2899 tiva
378 2839 514 2901 facultas.
555 2839 645 2901 Oculi
668 2843 754 2914 enim,
778 2857 900 2919 qnorum
924 2840 1072 2915 objectum
1094 2849 1162 2900 snut
1184 2837 1234 2899 lux
1258 2851 1287 2900 ιι
1309 2839 1382 2900 radii
1405 2841 1508 2917 lucidi,
1532 2843 1645 2904 nullum
1684 2865 1691 2882 ·

295 2927 406 2987 faciunt
434 2927 571 2988 idoneum
602 2928 740 2988 indicium
771 2928 957 2990 harmonicae
985 2927 1156 2988 radiationis
1184 2927 1318 2987 binorum
1348 2928 1541 3006 planetarum.
1585 2931 1646 2992 Nec

296 3023 340 3075 est
362 3016 566 3082 ratiocinativa
588 3015 726 3092 facultasJ
756 3017 811 3076 etsi
833 3017 911 3077 enim
932 3032 968 3075 ex
992 3015 1246 3076 observationibus
1269 3019 1471 3077 ashonomicis
1498 3037 1552 3095 per
1574 3035 1645 3078 ocu-

295 3101 341 3161 los
363 3101 599 3163 administrandis
621 3106 697 3165 ratio
719 3105 832 3162 invenit
854 3113 883 3162 ιι
906 3109 1073 3178 computat,
1106 3106 1154 3181 qui
1178 3104 1283 3180 quovis
1306 3111 1436 3182 ternpore
1462 3107 1521 3164 sint
1542 3123 1645 3183 aspec-

295 3195 352 3264 tus,
375 3185 405 3249 id
428 3199 524 3253 tamen
547 3208 607 3250 non
629 3191 690 3268 agit
717 3189 901 3262 naturaliter,
926 3191 1035 3268 quippe
1057 3208 1115 3251 non
1137 3191 1225 3270 apud
1240 3207 1339 3252 omnes
1362 3192 1527 3269 promiscue
1549 3191 1645 3253 homi·

294 3278 432 3350 nea-sed
455 3277 628 3354 voluntarie,
651 3277 731 3355 apud
753 3295 865 3356 paucos
887 3280 1084 3339 astronomiae
1111 3277 1297 3354 singulariter
1328 3279 1451 3346 deditos.
1497 3279 1556 3340 Sed
1579 3288 1645 3340 sunt

296 3367 411 3426 animae
441 3366 588 3426 hnmanae
617 3366 782 3442 subJoctum
813 3365 1028 3426 harmoniarum
1060 3365 1175 3425 illarum
1201 3367 1326 3443 primum
1353 3369 1464 3427 ratione
1494 3369 1645 3428 instinctus

295 3452 453 3529 naturalis,
484 3455 680 3531 inquantum
710 3457 823 3513 animae
849 3463 923 3513 sunt
946 3453 1123 3530 exemplaria
1151 3456 1304 3526 creatoris,
1336 3462 1367 3514 ιι
1390 3455 1497 3514 dictum
1528 3473 1592 3532 cap.
1616 3459 1644 3530 l,

296 3538 426 3602 secundo
449 3545 561 3603 ratione
584 3541 769 3616 facultatum,
800 3539 900 3600 vitalis
922 3549 952 3602 ct
975 3541 1117 3601 naturalis
1140 3549 1329 3617 motuumque
1354 3541 1484 3603 vitalium
1508 3551 1537 3602 et
1559 3550 1645 3602 natu·

279 3627 409 3700 salium,
433 3647 485 3688 seu
508 3629 663 3689 Platonico
688 3647 767 3688 mora
791 3627 1028 3728 concupiscibilis
1051 3636 1080 3687 et
1101 3627 1256 3689 irascibilis
1278 3629 1421 3706 partinmJ
1445 3630 1556 3689 ratione
1579 3633 1646 3707 qul-

295 3714 363 3775 dcm
385 3713 480 3791 illius,
511 3718 540 3774 in
574 3723 715 3792 quantum
744 3716 913 3776 barmoniae
941 3724 1023 3791 suut,
1057 3719 1169 3778 ratione
1201 3725 1270 3776 voro
1293 3716 1410 3791 harum,
1445 3720 1473 3776 iu
1505 3725 1644 3794 quantum

224 3877 227 3884 γ
297 3806 412 3881 species
435 3803 649 3862 harmoniarum
679 3803 882 3880 imprimuntur
911 3805 940 3860 in
969 3803 1022 3863 has
1051 3803 1206 3866 facultates
1236 3803 1367 3880 fiuntque
1397 3821 1503 3864 causae
1527 3821 1644 3883 opernm

295 3899 426 3965 naturae,
451 3899 511 3950 tam
533 3891 563 3950 in
587 3893 685 3950 animo
709 3908 797 3968 qnam
821 3894 849 3952 iu
874 3908 1001 3969 corpore,
1026 3890 1203 3968 impultrices
1220 3889 1258 3952 'et
1279 3891 1496 3952 stimulatrices.
1532 3892 1643 3952 Deinde

295 3979 454 4058 praecipua
476 3979 583 4050 anima,
609 3979 636 4036 irr
660 3994 748 4054 quam
771 3979 828 4039 hae
850 3978 1045 4038 radiationum
1067 3977 1237 4039 harmoniae
1259 3978 1392 4053 influunt,
1416 3978 1534 4040 catilla
1549 3979 1643 4058 pbilo-

294 4066 395 4144 sophis
419 4065 497 4126 dicta
518 4072 623 4124 natura
634 4064 827 4150 sublunaris,
860 4084 910 4144 per
933 4073 1026 4125 totum
1049 4065 1190 4141 Telluris,
1220 4065 1355 4126 alumnae
1378 4076 1510 4140 nostrae,
1541 4085 1643 4146 corpus

297 4153 435 4214 diflusa
426 4169 516 4231 rnquc
539 4151 602 4227 ejus
625 4141 725 4230 aliqua
748 4160 828 4214 certa
851 4161 933 4231 parte
955 4170 1013 4212 non
1029 4153 1122 4226 aliter,
1145 4173 1232 4231 quarn
1248 4157 1345 4213 anima
1361 4154 1512 4214 bumana·
1504 4173 1534 4212 ιιι
1550 4155 1642 4225 corda,

294 4239 439 4318 radicata,
470 4259 505 4302 ax
527 4257 586 4317 quo
610 4257 664 4300 ceu
687 4239 767 4316 foco,
799 4241 878 4301 fonte
912 4239 959 4300 vel
985 4240 1128 4318 penetrali
1158 4259 1211 4321 per
1233 4239 1360 4323 speciem
1382 4243 1428 4302 sui
1455 4244 1514 4301 erit
1537 4243 1567 4300 ia
1589 4245 1643 4301 eir·

298 4327 460 4388 cumfusum
483 4327 581 4388 Terris
597 4344 739 4388 oceanum
755 4334 784 4388 et
798 4329 982 4405 superfusum
998 4331 1128 4406 utrisque
1144 4333 1250 4390 adrem.
1297 4313 1549 4404 Quemadmodum
1567 4347 1642 4403 vero,

297 4415 347 4490 qul
369 4415 485 4475 melodo
508 4417 639 4476 suaviter
661 4417 776 4476 canenti
799 4415 959 4490 auscultat,
991 4417 1016 4475 is
1044 4415 1159 4477 laetitia
1186 4417 1303 4492 frontis,
1333 4433 1420 4492 voce,
1452 4417 1559 4495 plausu
1582 4437 1643 4478 ma·

272 4503 386 4570 ‚ulrum
408 4503 561 4579 pedumve,
586 4503 623 4563 ad
646 4501 791 4563 melodiae
813 4521 977 4564 mensuram
1001 4511 1210 4582 attemperate,
1233 4510 1364 4578 testatur,
1392 4521 1424 4566 ιι
1446 4503 1526 4582 quod
1549 4513 1593 4566 est
1615 4508 1643 4564 in

296 4585 425 4648 melodia
453 4587 652 4651 harmonicum
682 4593 831 4669 percipere
860 4600 891 4652 et
921 4592 1099 4668 approbare,
1138 4610 1196 4652 non
1226 4591 1311 4651 aliter
1347 4601 1451 4653 natura
1480 4591 1643 4653 sublunaris

296 4675 490 4737 commotione
513 4679 617 4754 insigni
647 4685 676 4739 ιι
699 4678 829 4739 evidenti
858 4681 1003 4741 viscerum
1024 4679 1167 4754 Telluris,
1196 4679 1234 4739 ad
1266 4680 1333 4739 illos
1363 4681 1546 4758 potissimum
1574 4679 1643 4756 dies,

296 4763 402 4848 quibus
427 4765 552 4828 amantia
573 4765 669 4830 sidera
697 4765 786 4832 radiis
809 4767 871 4828 ania
893 4765 1061 4829 harmonice
1084 4767 1299 4846 configurantur
1326 4769 1356 4826 in
1380 4767 1492 4844 Terris,
1523 4775 1644 4830 teratur
