3564 5540
596 427 838 485 numerantium.
872 429 955 485 Liber
973 429 992 484 1.
1405 437 1465 498 lit

121 618 149 668 et
170 609 319 686 trigonus,
343 607 412 684 quia
432 605 527 667 latera
547 606 656 667 babent
679 607 808 669 effabilia
829 607 894 668 sola
915 610 1054 686 potentia
1101 606 1243 692 Quartum
1265 617 1364 670 tenent
1386 609 1467 671 ordi-

120 713 184 756 nem
205 697 303 755 latera
324 693 514 772 dodeeagoni‚
538 693 681 772 decagoni
703 712 860 772 eorumque
882 698 964 756 eocia
984 695 1135 758 stellarum
1156 697 1266 775 latera3
1289 705 1357 758 eunt
1379 714 1407 756 n.
1431 715 1467 758 ex

120 782 319 844 ineffabilibus
340 786 472 860 potentia
494 789 523 842 et
537 785 706 860 componitis
728 785 838 860 primae
860 785 978 861 speciei,
1001 791 1068 845 eunt
1090 801 1130 845 ec.
1155 787 1318 850 binomiece
1341 793 1370 844 et
1392 801 1466 862 apo·

123 879 226 945 tomae,
251 869 434 948 dodecagoni
457 869 575 947 quidem
597 873 725 948 primae,
749 870 893 948 decagoni
914 887 984 932 vcro
1007 881 1138 947 quartae.
1177 871 1286 948 Quinto
1308 872 1375 933 loco
1398 889 1467 932 euc-
1518 911 1526 918 -

121 958 227 1018 cedunt
248 957 344 1020 latera
364 961 524 1036 pentagoni
546 966 575 1018 et
596 957 699 1028 stellae
721 959 800 1035 ejue,
824 961 867 1019 eic
890 966 919 1018 et
940 959 1034 1020 latera
1057 962 1193 1036 octogoni
1216 968 1246 1021 et
1267 959 1372 1044 eteliae
1394 960 1468 1036 ejde,

122 1055 188 1106 eunt
209 1063 240 1105 n.
266 1063 304 1106 ex
327 1053 431 1122 quarta
453 1047 679 1124 compositorum
702 1047 808 1124 specie,
831 1048 927 1108 minen
950 1054 980 1106 et
999 1047 1119 1120 daneon
1143 1047 1246 1108 dictae.

203 1133 249 1192 Ne
275 1151 336 1209 qua
360 1151 427 1194 vero
450 1135 529 1194 bona
549 1142 621 1193 nota
647 1137 676 1192 in
700 1133 862 1209 decangulo
890 1133 1070 1210 praejudicet
1092 1132 1341 1216 quinquangulo„
1360 1142 1410 1192 ant
1434 1149 1470 1192 nc

63 1228 67 1236 ’
120 1222 229 1297 epeciee
253 1219 359 1281 eadem
381 1221 481 1280 interis
503 1220 700 1299 octangnlarie
723 1228 831 1298 aequet
852 1237 936 1280 enam
957 1220 1080 1299 figuram
1102 1220 1323 1300 quinquangulo
1346 1220 1394 1281 vel
1417 1220 1471 1280 de·

122 1307 254 1384 cangnIo,
278 1324 360 1368 nove
375 1309 594 1385 quinquangulo
610 1309 722 1372 accedit
736 1311 830 1368 virtue
853 1309 880 1365 in
906 1312 993 1368 ortu
985 1326 1062 1386 rpe03
1087 1309 1165 1402 qnod
1187 1328 1239 1388 per
1253 1309 1329 1368 banc
1352 1315 1469 1380 aeciam,

122 1395 238 1456 denario
257 1399 543 1474 communicantem,
554 1404 658 1482 regnat
674 1396 803 1474 nudique
824 1397 975 1474 proportio
991 1393 1099 1472 divinia,
1123 1394 1198 1474 quae
1213 1396 1381 1457 immediate
1397 1397 1472 1455 ineat

122 1485 188 1559 ipsie
211 1483 357 1544 lateribus
381 1464 627 1560 quinquangulari'
648 1485 769 1561 ejusque
792 1483 910 1558 atellam
940 1491 972 1544 at
1001 1484 1187 1562 deea'ngula‘ri
1217 1503 1283 1546 cum
1310 1501 1365 1544 ena
1387 1480 1473 1542 stelle

122 1587 175 1630 non
199 1574 352 1648 competit,
376 1573 431 1633 nisi
455 1571 600 1650 mediante
623 1571 713 1653 latere
735 1571 904 1646 sexanguli3
929 1572 1111 1650 octangulari
1122 1572 1253 1667 piane
1242 1588 1301 1632 non
1325 1571 1471 1648 competit

203 1659 330 1718 Praeter
353 1658 408 1718 bae
429 1657 553 1719 later'nm
575 1641 767 1736 proprietates
791 1658 896 1719 aliua
888 1675 1005 1736 rnerrper
1019 1677 1124 1721 cenene
1140 1651 1185 1720 e'et
1199 1635 1371 1734 nobilitatis,
1395 1657 1474 1734 quod

119 1746 224 1822 figurae
254 1747 480 1824 distinguuntur
507 1765 542 1806 ex
572 1748 735 1824 aptitudine
762 1754 792 1805 ct
821 1747 997 1821 perfectione
1024 1765 1124 1824 areae
1159 1765 1247 1824 quam
1269 1749 1346 1825 oepit
1370 1745 1473 1821 figura

119 1833 172 1893 Hic
193 1841 263 1912 poet
294 1833 466 1894 diametrum
495 1835 594 1912 (eujus
617 1851 686 1894 aree
708 1833 790 1894 nulla
812 1839 841 1893 ct
863 1850 939 1910 quac
962 1833 1026 1896 ecla
1049 1834 1147 1896 circuli
1171 1853 1285 1905 aream,
1316 1840 1350 1893 nt
1372 1832 1473 1892 Ptole·

120 1939 216 1982 macne
240 1930 358 1996 monet,
381 1923 410 1980 in
435 1920 493 1980 duo
516 1921 767 1999 aequalitatem,
791 1937 848 1980 non
871 1923 966 1982 minue
990 1940 1077 1998 quam
1100 1918 1370 1999 circumferentiam)
1392 1921 1475 1996 prin-

122 2013 210 2088 cipem
234 2009 342 2070 locum
366 2009 498 2069 obtinent
520 2015 690 2086 tetragonus
713 2018 742 2070 et
765 2007 981 2086 dodeeagouna‚
1005 2012 1053 2085 qni
1077 2027 1176 2069 aream
1190 2010 1300 2070 habent
1322 2007 1475 2082 effabilem,

121 2105 148 2156 et
168 2105 348 2176 tetragonus
371 2096 488 2174 quidem
512 2099 619 2158 eximia
641 2099 862 2174 praerogativa,
887 2099 957 2175 quia
981 2096 1081 2156 eadem
1105 2097 1148 2156 illi
1171 2104 1216 2157 eet
1238 2115 1322 2172 area,
1346 2113 1422 2172 quae
1447 2103 1476 2155 et

122 2184 215 2246 lateris
238 2185 436 2263 quadratum,
469 2187 577 2264 qnippe
600 2201 687 2246 meac
709 2185 821 2261 epecien
845 2191 890 2244 eet
913 2182 1070 2260 quadrata·
1103 2187 1216 2260 itaque
1217 2187 1341 2262 aepit
1325 2181 1477 2244 dimidium

123 2271 155 2330 de
177 2273 328 2350 quadrato
353 2270 502 2346 diametri3
526 2270 733 2350 dodecagonue
749 2287 818 2331 vero
833 2277 891 2330 atat
906 2279 973 2347 poet
988 2274 1138 2348 principia,
1163 2275 1299 2350 aepieua
1305 2269 1476 2348 dodrantem

124 2359 156 2420 de
179 2361 330 2438 quadrato
354 2358 496 2420 diametri.
529 2359 666 2420 Proximo
688 2357 756 2420 loco
779 2357 938 2418 euecedunt
961 2361 1101 2436 trigonoe,
1123 2358 1344 2442 sexangulum
1340 2365 1371 2418 et
1393 2367 1477 2436 octo·

124 2465 222 2524 genna,
247 2449 361 2526 quibua
376 2456 421 2508 eet
442 2464 512 2508 area
533 2465 569 2506 ex
584 2449 682 2524 epecie
695 2464 805 2521 meson,
828 2448 988 2542 pentagoni
1011 2454 1039 2508 et
1056 2435 1197 2526 decagoni
1207 2453 1311 2508 :areae
1315 2427 1397 2506 ubba
1411 2445 1479 2506 dum

124 2535 231 2598 babent
252 2539 379 2596 nomina
401 2538 561 2596 notionum.

663 2849 772 2910 Finit
802 2848 891 2909 libri
924 2847 947 2908 1.
