3698 5534
767 887 769 892 ’
813 929 876 1008 ro.
902 929 1109 1007 rrrnnru

581 1093 887 1210 inciuilius
922 1094 1073 1208 nunni
1107 1090 1334 1205 iiiiii.

288 1315 339 1385 De
365 1315 542 1386 harmonia
571 1318 822 1405 perfectissima
851 1323 1005 1390 motuum
1032 1317 1233 1396 coelestium
1260 1321 1411 1408 ortuque
1440 1336 1485 1388 ex
1511 1317 1634 1387 iisdem

313 1447 610 1518 eccontricitaium
639 1447 1043 1540 semidiametrorumque
1071 1454 1106 1519 ct
1134 1453 1325 1537 temporum
1343 1439 1605 1537 periodicoruiu.

287 1613 333 1672 Ad
362 1631 493 1675 nonuam
523 1613 671 1675 doetrinae
698 1619 908 1678 astronomicae
937 1617 1093 1676 hodiernae
1123 1615 1376 1677 emendatissimos
1397 1617 1635 1696 hypothescsqne

243 1756 247 1766 .
288 1702 456 1778 Cupernici,
492 1703 543 1763 sed
573 1709 602 1762 et
632 1703 780 1780 Tychonis
811 1705 933 1778 Brochoi,
973 1723 1094 1780 quarum
1124 1703 1280 1764 alterutrae
1311 1703 1411 1778 hodie,
1445 1705 1636 1766 Ptolemaicis

569 1791 743 1868 antiquatis,
774 1799 806 1850 ui
829 1795 997 1852 verissimae
1019 1792 1136 1869 publice
1158 1793 1346 1868 recipiuntur.

616 1963 626 1983 ·’
682 1945 831 2000 Galenus
850 1946 884 2000 ds
903 1961 954 1999 usu
971 1945 1088 2014 partium
1106 1942 1174 1998 libro
1192 1944 1241 1998 111.

213 2039 219 2050 ,
281 2051 370 2131 ‘isooa
402 2055 485 2134 λογον
517 2053 582 2134 ἐγω,
616 2077 670 2114 του
702 2062 958 2134 δημιουργησαντος
987 2051 1059 2133 ἡμας
1092 2049 1180 2127 ὕμνον
1212 2050 1353 2129 diamoron
1385 2059 1550 2133 συηιθημι,
1586 2079 1636 2117 και

288 2138 400 2216 renale),
423 2137 498 2204 τουτ’
525 2141 595 2203 εἶναι
616 2165 668 2220 την
690 2141 850 2219 εὖσεβειαν,
883 2141 947 2222 οὐχι
970 2143 994 2203 εἰ
1015 2164 1131 2232 sacoma
1160 2138 1320 2216 ἐκατομβας
1347 2137 1429 2216 αὗτῳ
1458 2145 1636 2214 παμπολλας

287 2234 495 2304 concionamur,
527 2254 575 2291 και
597 2252 634 2290 τα
657 2226 738 2292 ἄλλα
759 2254 846 2308 μυρια
872 2253 951 2309 μυρα
985 2235 1156 2308 maraccius
1184 2252 1231 2290 και
1254 2247 1370 2298 anctae·
1401 2224 1467 2290 ἀλλ’
1494 2229 1518 2291 εἰ
1544 2253 1638 2308 γνοιην

286 2339 338 2391 μεν
361 2313 466 2387 αὐτος,
496 2315 595 2380 ἔπειτα
626 2323 657 2378 iia
687 2343 733 2380 aaa
754 2341 814 2388 τοις
836 2315 937 2387 ἄλλοις
968 2310 1166 2396 rigomarum,
1198 2314 1258 2386 οἷος
1287 2339 1339 2390 μεν
1369 2313 1427 2376 a'orr
1449 2339 1501 2392 sna
1526 2338 1636 2393 σοφιαν

287 2401 378 2474 οἱοςτε
400 2426 451 2481 την
473 2410 602 2479 Bononia,
630 2400 731 2475 ὃποιος
753 2413 785 2469 δε
805 2428 856 2482 την
878 2427 1071 2484 warrantum,
1099 2426 1132 2464 το
1156 2427 1209 2481 γαρ
1240 2425 1352 2478 sonarem
1381 2399 1495 2464 iusim
1516 2399 1634 2466 ἅπαντα

286 2513 336 2554 con
358 2489 542 2571 ἐνδεχομηον
564 2514 681 2567 aoonor,
704 2517 751 2554 και
771 2499 869 2573 anieno
892 2499 1014 2566 maiorem
1036 2515 1093 2552 amn
1115 2489 1266 2571 ‹iyncavp
1283 2514 1333 2568 της
1357 2492 1538 2570 aristocratia·
1559 2516 1634 2571 χρη-

286 2600 422 2656 στοτητος
445 2575 497 2656 ἐγω
513 2584 612 2658 &sayna
628 2585 762 2654 τιθεμαιε
796 2605 843 2642 και
865 2601 955 2661 ταυτῃ
969 2604 1021 2653 μεν
1043 2575 1082 2648 ὡς
1097 2575 1209 2656 ἀγαθος
1230 2573 1296 2656 ἧμιν
1315 2573 1473 2658 carosanum,
1494 2603 1528 2639 το
1552 2577 1575 2642 δ’
1592 2575 1634 2650 ὡς

287 2663 324 2727 ἀν
345 2668 471 2739 μαλιστα
494 2671 657 2744 κοσμηθειη,
680 2689 737 2728 παν
759 2665 893 2746 ἐξευροιν,
917 2665 1011 2745 annac
1031 2689 1146 2748 σοφιας,
1169 2688 1202 2726 το
1218 2671 1249 2728 δε
1265 2667 1441 2743 και’ὅρασαι
1464 2664 1551 2728 now
1576 2661 1635 2729 ὅσα

706 2760 876 2836 aponiano,
900 2763 1044 2830 δυναμεως
1066 2753 1219 2832 dornowa.

912 2877 942 2924 lu
960 2882 1008 2928 est:
1095 2871 1098 2879 ¹

288 2967 400 3024 Sacrum
424 2959 588 3038 sermonem}
611 2976 739 3046 hymnum
761 2976 820 3030 Deo
849 2975 987 3031 conditori
1008 2975 1175 3030 verissimum
1198 2973 1300 3042 ordior,
1323 2973 1453 3043 pietatem
1475 2975 1546 3031 hauc
1572 2992 1635 3032 esse

286 3053 376 3116 ratus,
407 3059 461 3105 non
493 3057 523 3106 ut
557 3053 731 3110 hecatombas
762 3053 801 3106 illi
833 3061 973 3108 taurorum
1002 3055 1131 3124 plurimas
1161 3053 1310 3120 immolem,
1348 3053 1444 3108 odores
1477 3054 1634 3110 innumeros

288 3125 410 3180 adoleam
428 3137 456 3184 et
474 3131 587 3200 casiam,
608 3133 655 3188 sed
674 3142 704 3188 ut
722 3134 835 3202 primum
853 3133 912 3201 ipse
931 3133 1045 3203 discam,
1069 3139 1133 3200 post
1149 3138 1177 3185 ei
1194 3139 1300 3186 ceteros
1320 3133 1443 3200 doceam,
1469 3139 1633 3202 coquantur

210 3241 214 3252 ,
287 3200 333 3256 ilis
352 3203 387 3258 sit
405 3209 545 3278 sapientia,
565 3219 683 3279 quantos
701 3210 832 3279 potentia,
851 3220 879 3266 et
897 3211 986 3281 qualis
999 3211 1127 3267 bonitate.
1154 3211 1230 3273 ,Velle
1244 3212 1314 3264 enim
1327 3212 1414 3266 omnia
1427 3218 1527 3280 quanio
1540 3219 1636 3278 posset

227 3293 231 3301 ·
289 3289 386 3335 ornatu
405 3284 541 3357 decorare,
560 3306 610 3343 nec
628 3290 677 3343 ulli
695 3290 768 3344 bona
786 3304 835 3342 sua
853 3288 980 3352 inridere,
999 3289 1026 3344 id
1045 3305 1095 3358 ego
1108 3289 1236 3345 bonitatis
1257 3288 1532 3343 consummatissimae
1551 3289 1634 3344 doou.

228 3360 232 3369 ‘
287 3368 406 3415 ruentum
425 3371 531 3435 statuo,
559 3368 745 3435 hactenusque
770 3373 800 3420 nt
816 3367 916 3422 bonurn
935 3368 1056 3436 celebro;
1084 3367 1172 3423 omnia
1198 3384 1261 3421 sero
1279 3367 1410 3434 invenire,
1435 3366 1634 3436 quibusquam

287 3441 403 3495 manime
421 3452 628 3514 exornarentur,
653 3447 878 3502 eminentissimae
897 3447 1059 3516 sapientiae,
1083 3447 1171 3500 omnia
1190 3445 1317 3515 denique,
1341 3461 1410 3515 quae
1429 3452 1577 3515 statuerat,
1603 3445 1634 3500 in

649 3539 717 3593 opus
735 3528 896 3593 producere,
914 3527 1052 3597 potentiae
1070 3525 1268 3594 insuperabilis.
1313 3531 1318 3556 ¹

567 3675 651 3745 Cum
681 3679 714 3748 S.
743 3678 779 3748 C.
808 3676 847 3748 ii.
877 3679 1059 3766 Priviiegio
1088 3677 1133 3748 ad
1159 3695 1267 3750 annos
1293 3675 1359 3747 XV.

461 3857 563 3909 urion
581 3860 751 3912 susumus.
789 3863 934 3913 Excudebai
949 3863 1078 3912 iohannes
1096 3862 1214 3924 Plancus,
1233 3875 1300 3910 anno
1318 3857 1457 3912 ninom.

794 4191 1113 4283 Panionion.
1169 4248 1172 4260 ·

373 4366 460 4442 Quod
483 4377 550 4428 ante
573 4369 646 4430 duos
669 4377 698 4430 et
720 4373 823 4447 viginti
847 4389 954 4446 annos,
985 4375 1108 4448 primum
1130 4379 1218 4450 atque
1241 4373 1348 4448 figuras
1371 4371 1498 4445 quinquo
1520 4367 1631 4427 solides

289 4456 362 4511 inter
385 4455 470 4515 orbes
493 4455 635 4518 coelestes
657 4461 759 4534 reperi,
783 4476 846 4517 sum
862 4467 1031 4534 auguratus,
1057 4463 1136 4538 quod
1158 4461 1276 4520 firmiter
1290 4459 1388 4517 animo
1409 4457 1539 4534 persuasi
1555 4471 1629 4528 meo,

213 4557 221 4570 ·
287 4541 455 4615 priusquam
478 4543 639 4604 Ptolemaei
662 4547 840 4606 Harmonice
863 4547 1012 4621 vidissem,
1036 4548 1114 4625 quod
1133 4548 1218 4608 titulo
1241 4546 1307 4606 iibri
1330 4543 1416 4619 hujus
1439 4545 1531 4620 quinti
1554 4559 1630 4600 nun-

288 4635 403 4702 cupato,
427 4631 595 4707 priusquam
618 4633 654 4692 de
676 4651 707 4694 re
730 4637 794 4710 ipsa
818 4636 912 4694 coitus
935 4653 1043 4709 essem,
1066 4637 1214 4713 pollicitus
1237 4652 1301 4694 snm
1324 4633 1435 4704 amicis,
1461 4629 1540 4706 quod
1562 4637 1630 4689 ante

288 4712 413 4773 sedecim
437 4733 529 4777 annos
552 4719 672 4798 publico·
692 4725 800 4800 scripto
823 4722 1028 4799 quaerendum.
1044 4725 1205 4796 inculcari,
1235 4722 1318 4797 cujus
1342 4735 1431 4778 causa
1461 4721 1539 4777 vitae
1560 4735 1630 4793 par-

288 4808 345 4859 tem
378 4805 516 4878 optimam
549 4813 751 4868 astronomicis
785 4809 1079 4887 contemplationibus
1109 4810 1253 4887 impendi,
1288 4805 1457 4884 Tychoncm
1485 4803 1630 4864 Braheum
