3676 5536
677 326 758 392 Liber
774 329 820 390 111.
839 324 978 408 Digressic
994 329 1104 408 politica
1468 347 1474 427 .
1506 336 1566 407 lit

306 511 447 591 Reliquas
469 487 539 573 artis
562 517 784 590 compositoriue
807 515 922 592 regulas
945 515 1104 577 artificibus
1121 515 1192 594 ursis
1213 515 1347 594 mllnqno
1370 477 1566 597 comproban-

221 599 275 659 das
306 610 356 659 aut
387 603 528 660 rationem
561 619 658 661 earum
687 603 872 663 reddendam.
916 602 990 662 Mihi
1023 606 1098 663 enim
1128 621 1204 682 quae
1235 606 1386 682 hueusque
1417 605 1566 685 disputavi

217 687 335 748 abunde
358 687 514 762 sufficiunt,
538 707 604 750 cnm
627 690 665 750 ad
688 701 820 751 naturam
844 699 946 750 cantus
969 690 1186 765 illustrandam,
1209 694 1309 769 primis
1332 693 1436 756 saltem
1459 702 1488 755 et
1510 713 1565 774 go·
1670 763 1675 778 ⁸

218 775 368 849 ueralibus
392 776 454 854 ejus
477 777 673 841 fundamentis
697 781 725 837 in
748 787 852 840 natura
874 781 1057 850 monstratis,
1089 787 1151 840 tum
1173 783 1298 843 muime
1327 782 1366 842 ad
1388 781 1568 861 speculatio·

220 880 272 922 nes
294 863 361 924 libri
384 863 421 922 V.
444 868 603 940 sequentis,
627 866 708 942 cujus
731 865 798 927 libri
820 866 1036 928 materiamibi
1060 869 1166 927 unicus
1189 870 1218 926 in
1241 877 1303 927 toto
1326 886 1413 946 opere
1435 870 1499 930 finis
1524 879 1569 932 ost

218 954 398 1028 propositus.
444 955 637 1012 astronomus
666 957 743 1014 eninr
772 971 827 1030 ego
855 956 930 1014 sicut
960 954 995 1014 de
1017 953 1117 1030 figuris
1146 956 1329 1030 regularibus
1361 957 1477 1035 disputo
1508 977 1567 1019 non

218 1047 280 1098 tam
302 1042 475 1116 geometrice
499 1036 573 1122 (arisi
605 1042 653 1099 nbi
683 1041 733 1102 illa
762 1041 857 1102 adhuc
885 1041 1062 1119 incompleta
1093 1045 1157 1102 visa
1179 1039 1240 1124 set)
1264 1060 1350 1119 quarn
1373 1049 1567 1108 astronomica

219 1133 248 1186 ot
270 1127 483 1204 metaphysica,
514 1131 557 1188 sic
580 1131 668 1188 etiarn
697 1127 732 1188 de
760 1142 863 1188 cautus
891 1131 1128 1206 proportionibus
1152 1131 1248 1189 scribo
1278 1147 1336 1190 non
1368 1141 1428 1191 tam
1455 1137 1566 1195 musice

218 1230 307 1288 quam
329 1217 513 1291 geometrice,
536 1207 674 1292 physice,
692 1216 817 1293 denique
841 1229 873 1276 ut
887 1221 976 1294 prins,
999 1219 1191 1278 astronomiae
1211 1227 1241 1278 et
1261 1220 1475 1298 metaphysice:
1499 1225 1569 1298 quis

219 1304 295 1361 sicut
317 1304 486 1378 corporibus
518 1306 645 1380 quinque
669 1305 851 1381 regularibus
879 1321 913 1364 err
936 1307 1112 1382 geometria,
1143 1306 1185 1364 sic
1213 1309 1300 1366 etiam
1329 1309 1566 1383 proportionibus

219 1396 339 1466 totoque
370 1398 514 1467 apparatu
547 1392 717 1451 harmonico
746 1411 781 1454 err
812 1394 924 1452 musica
956 1409 1029 1468 opus
1058 1393 1154 1452 haheo
1185 1392 1222 1452 ad
1246 1393 1433 1470 explicandas
1464 1413 1569 1455 causas
1599 1455 1601 1460 .

218 1479 414 1553 proportionis
444 1480 557 1538 orbium
590 1478 759 1539 coelestium
787 1481 1090 1556 eceeutricitatumque
1122 1489 1151 1540 et
1183 1489 1315 1540 motuum
1345 1483 1372 1538 iu
1404 1481 1567 1560 opsidibus.

217 1565 319 1625 Auem
344 1583 413 1626 vero
436 1567 628 1644 componendi
651 1575 763 1641 cantus,
787 1585 863 1643 quae
885 1569 989 1643 praxis·
1007 1577 1051 1627 cst
1067 1570 1186 1640 musica,
1210 1585 1396 1645 nequaquam
1419 1569 1565 1646 profiteor,

217 1671 305 1730 quam
328 1671 364 1712 ex
387 1655 499 1713 Artusii
520 1673 608 1733 supra
630 1653 699 1713 dicti
723 1671 816 1730 osque
837 1654 920 1714 Sorbi
944 1655 1078 1729 Calvisii,
1102 1657 1189 1714 amici
1211 1654 1357 1731 qnondam
1381 1657 1448 1732 mei,
1472 1657 1563 1732 libris,

217 1740 253 1800 de
277 1748 339 1801 arte
362 1743 569 1819 compositoris
592 1751 693 1801 cantus
716 1742 811 1816 editis,
835 1745 944 1801 rectius
965 1744 1015 1818 qui
1039 1742 1118 1802 volet
1140 1750 1237 1819 petct;
1260 1759 1334 1818 quos
1358 1745 1436 1820 ipsos
1460 1753 1566 1819 umen,

215 1827 278 1888 don
300 1827 379 1905 quod
402 1832 528 1907 optimos
551 1838 667 1908 putem,
691 1830 742 1890 sed
764 1831 834 1906 quia
856 1829 931 1890 elios
954 1847 1011 1889 non
1035 1829 1111 1904 vidi,
1136 1831 1264 1908 nomino.

468 2045 517 2116 lle
548 2046 658 2116 tribus
687 2045 931 2116 medietatibus
960 2043 1130 2130 digressio
1160 2043 1310 2134 politica.

302 2189 380 2246 Folio
397 2191 440 2246 29.
459 2189 532 2245 lines
549 2193 573 2246 9.
594 2195 630 2260 (p.
651 2192 699 2250 147
721 2191 765 2246 lin.
785 2192 828 2258 29)
850 2189 1038 2259 paragraphus
1063 2204 1179 2258 sequens
1202 2189 1263 2245 loco
1288 2205 1338 2245 suo
1361 2189 1489 2246 exclusus
1516 2199 1567 2260 est,

215 2267 291 2336 qrrod
308 2282 406 2337 operae
432 2267 499 2325 lolia
522 2269 684 2338 exemplaris
707 2269 815 2324 incaute
839 2267 1039 2326 distribuissent
1073 2309 1080 2322 .
1116 2307 1122 2320 .
1158 2267 1268 2338 (quippe
1295 2269 1349 2337 ⁷l10)
1385 2308 1566 2328 ·····

303 2360 405 2437 Neque
429 2373 525 2422 maren
555 2365 593 2421 ob
616 2361 646 2420 id
670 2361 901 2440 reprehendendi
924 2367 1149 2434 contemtores,
1175 2363 1224 2438 qui
1244 2363 1447 2437 proportiones
1462 2362 1566 2440 hujus·

178 2509 180 2518 ,
214 2447 295 2508 modi
319 2448 404 2509 titulo
427 2449 658 2510 harmottitarum
681 2457 710 2507 tn
733 2467 823 2526 remp.
846 2451 997 2525 recipiunt.
1017 2455 1091 2518 (Vidn
1109 2457 1191 2505 locum
1208 2456 1402 2518 pulcherrimum
1424 2459 1451 2506 in
1470 2459 1566 2510 Bodlno

215 2532 379 2606 deRspnbl.)
402 2535 478 2596 Nam
500 2539 556 2597 etsi
576 2555 688 2614 paucae
716 2555 752 2596 ex
774 2539 817 2597 sic
846 2537 976 2598 formatis
997 2553 1091 2594 meras
1118 2535 1285 2594 harmonias
1309 2533 1463 2612 definiunt,
1497 2539 1567 2598 reli·

215 2642 292 2700 quae
315 2639 415 2685 omnes
443 2626 480 2685 ab
504 2627 661 2686 harmoniis
685 2625 798 2686 alienae
821 2635 903 2698 auru,
936 2640 1035 2683 omnes
1068 2631 1165 2682 tamon
1195 2622 1283 2698 hujus
1312 2621 1488 2692 delinitionis
1510 2627 1567 2687 boo

213 2711 340 2786 hebent,
372 2711 451 2788 quod
475 2721 707 2790 corrroruperatac
737 2721 805 2770 sunt
835 2729 871 2772 ex
893 2711 1036 2772 ambabus
1060 2710 1309 2787 proportionibus,
1333 2711 1516 2774 arithmetica
1538 2723 1567 2774 et

214 2801 408 2876 geometrica3
433 2819 469 2860 ex
492 2819 551 2877 qna
575 2803 839 2883 contemperatione
862 2802 938 2870 inest
962 2797 1019 2858 lllis
1043 2797 1116 2874 lraec
1138 2799 1166 2854 in
1180 2795 1255 2874 Rep.
1279 2799 1421 2874 aptitudo.
1467 2799 1567 2860 Vicis-

215 2889 271 2946 sim
295 2906 363 2948 rcro
388 2889 416 2946 in
431 2887 506 2964 Rep.
529 2890 554 2948 si
578 2891 695 2964 quavis
717 2895 761 2946 cst
783 2887 1027 2960 barmonioarum,
1056 2895 1089 2944 nt
1110 2885 1308 2956 harmonicae,
1333 2903 1427 2963 neque
1450 2896 1566 2950 nostrae

215 2975 387 3035 medietates
409 2974 595 3036 harmonicae
618 2977 715 3052 sperni
730 2981 874 3051 poterunt,
899 2992 972 3050 quas
988 2975 1091 3032 laxiori
1107 2971 1273 3032 definitione
1294 2975 1336 3031 sic
1352 2973 1449 3032 trado:
1479 2975 1568 3053 Quod

213 3065 252 3122 sit
274 3081 362 3123 omae
383 3062 428 3138 id,
453 3063 535 3140 qaod
554 3061 709 3122 taurcedit
732 3066 810 3122 inter
823 3061 901 3121 duas
916 3078 999 3121 circes
1009 3067 1213 3134 commeantes,
1236 3077 1405 3122 consonans
1425 3069 1452 3122 et
1466 3067 1566 3139 ipsum

214 3151 428 3209 camillorum
450 3159 590 3228 unoque.
635 3149 669 3208 In
692 3149 869 3210 sectionibus
892 3149 979 3226 igitur
1003 3156 1056 3208 etc.

305 3237 458 3298 Hactenus
489 3242 606 3298 omissa.
653 3237 726 3298 Cura
756 3236 983 3298 autem'Bodiui
1012 3235 1207 3294 meminissem
1233 3234 1355 3310 jamque
1386 3233 1467 3295 linito
1489 3235 1564 3296 libro

215 3327 302 3384 terrio
324 3335 354 3385 et
376 3326 477 3385 addito
500 3327 641 3404 superiori
671 3325 865 3402 paragrapho,
895 3326 965 3384 satis
989 3329 1141 3400 operatum
1167 3339 1231 3381 esse
1259 3321 1473 3383 mathematicis
1495 3341 1564 3402 spe-

216 3413 414 3474 culationibus
436 3417 626 3488 censuissem,
660 3413 741 3472 finita
773 3413 828 3472 bac
850 3413 970 3487 spinosa
998 3411 1133 3474 materia.
1164 3408 1275 3484 placuit
1305 3426 1341 3469 ex
1363 3411 1426 3486 ipso
1450 3409 1565 3487 Bodino

215 3504 374 3578 praecipua
397 3502 602 3578 disputationis
626 3501 713 3578 hujus
736 3500 874 3576 politicae
898 3501 994 3574 capite
1016 3497 1230 3574 transscribere,
1253 3496 1350 3556 verbis
1366 3503 1395 3556 et
1411 3497 1510 3558 ordine
1534 3507 1566 3558 nt

215 3588 373 3666 plurimum
400 3607 436 3650 er
458 3606 524 3649 meo
552 3589 609 3649 loci
632 3590 710 3648 illins
734 3598 820 3666 captu
848 3587 1055 3657 conformans,
1085 3593 1118 3641 ut
1146 3592 1175 3642 et
1196 3575 1270 3643 luicis
1292 3582 1404 3658 aliquid
1433 3585 1565 3646 afferrem

215 3676 283 3738 loco
305 3695 356 3755 per
379 3695 411 3738 se
435 3679 568 3760 obscuro,
592 3679 700 3755 quippe
722 3675 854 3736 Bodinus
879 3692 912 3733 ex
936 3672 1150 3732 mathematicis
1174 3669 1334 3746 disciplinis
1357 3687 1415 3729 nou
1430 3674 1502 3732 satis
1524 3671 1563 3732 ad

216 3765 294 3825 trano
315 3763 544 3842 speculationem
568 3763 707 3843 praesidii
730 3762 845 3840 attulit,
874 3769 903 3820 et
926 3769 957 3820 ut
980 3759 1109 3820 taedium
1138 3775 1318 3818 morosarum
1341 3757 1566 3822 demonstratio-

216 3871 286 3912 num
317 3852 603 3926 mathematicarum,
644 3852 750 3930 quibus
783 3858 862 3910 totus
892 3848 965 3907 liber
996 3853 1126 3920 constat,
1164 3846 1384 3922 interpositione
1416 3845 1566 3924 popularis

213 3941 364 4017 jucundae
392 3943 531 4002 materiae
562 3941 682 4000 lenirem
714 3955 842 4014 ususque
871 3936 934 4013 ejus
964 3953 1021 3994 nou
1055 3933 1163 3994 nulline
1197 3935 1226 3990 in
1258 3933 1461 4010 cognoscenda
1490 3933 1564 4010 Rsp.

216 4035 337 4106 gustum
364 4029 539 4098 exhiberem.
584 4026 727 4104 Incipiam
755 4035 854 4105 autern
882 4026 920 4084 ab
944 4022 1138 4100 explicatione
1169 4023 1210 4082 rei
1233 4020 1438 4082 mathematica
1466 4021 1566 4082 fusiori

217 4115 316 4194 adque
339 4115 457 4176 lectoris
479 4133 539 4175 non
562 4115 759 4174 mathematici
783 4121 899 4191 captum
922 4109 1188 4171 accommodatiori.

307 4203 431 4279 Quando
455 4204 581 4264 numeris
597 4202 718 4278 aliquot,
743 4219 799 4260 nou
816 4206 928 4261 attenta
950 4216 1048 4260 eornm
1063 4194 1273 4276 magnitudine,
1296 4192 1442 4256 adduntur
1455 4213 1566 4273 aequa·

217 4291 275 4366 lia,
299 4300 368 4351 tnnc
391 4299 436 4352 est
457 4291 605 4372 proportio
629 4289 818 4350 arithmetica.
865 4284 917 4347 Ut:

323 4429 348 4498 3,
401 4427 427 4496 3,
481 4429 505 4495 b,
558 4426 601 4493 10,
657 4425 696 4491 17,
750 4425 791 4478 33.
915 4421 1052 4488 Quantum
1069 4419 1139 4474 enirn
1156 4419 1172 4474 6
1190 4419 1276 4500 maior
1294 4422 1336 4472 est
1352 4433 1432 4488 qnam
1450 4419 1481 4489 3,
1506 4427 1566 4476 tsn-

218 4495 298 4556 Adde
313 4499 350 4568 ’3,
404 4499 429 4566 3,
482 4496 506 4563 3,
577 4497 602 4564 3,
672 4497 697 4562 3,
769 4495 792 4547 3.
847 4497 905 4546 tum
930 4489 1056 4558 trotidcm
1081 4489 1139 4544 scil.
1160 4488 1322 4556 uuruubus)
1352 4489 1384 4544 12
1411 4496 1453 4545 est
1479 4491 1567 4560 major

324 4574 427 4655 a‘ra,
480 4585 506 4654 a,
561 4586 602 4652 13,
656 4561 803 4651 adsis
851 4562 973 4630 quana.

308 4695 391 4758 Haec
412 4697 561 4772 proportio
592 4695 621 4752 in
645 4693 702 4752 hoc
724 4690 858 4767 exemplo
880 4697 924 4749 est
949 4687 1107 4763 disjuncta:
1137 4698 1214 4762 ergo·
1233 4685 1381 4764 proportio
1411 4684 1566 4762 conjuncta

1343 4787 1408 4849 13⁴*
