3698 5534
183 304 187 320 1
270 345 333 406 ete
629 385 630 390 κ
658 349 700 404 De
717 349 836 408 Motibus
852 350 1025 444 Plancianum
1042 349 1219 407 harmonicis.

269 528 377 582 emitto
397 541 512 602 ιιιιιιιι,
546 543 601 586 nce
628 529 686 588 olli
712 545 803 589 samm
834 529 912 590 deest
939 532 1131 608 oppositum
1118 573 1128 605 ‚
1162 531 1401 606 ontmijw
1421 529 1613 606 ΜΝ

269 605 449 689 (maenibus
470 616 591 689 optimis
610 613 763 694 stabilivit)
785 617 865 678 horta
887 617 1044 698 (οιιιαιιιιι
1057 625 1085 679 ct
1099 618 1276 696 decentiam)
1299 625 1327 676 et
1340 619 1409 693 puis
1421 617 1613 746 certiorabitur¹

271 695 376 756 uidene
397 699 526 774 plor-tom
549 702 675 762 eman?

357 801 516 864 Axioma
537 804 656 866 XLVI.¹
694 805 860 868 solidarum
881 808 1038 887 figurarum
1068 809 1250 870 interlocutio
1271 809 1347 867 inter
1368 807 1454 868 orbes
1476 807 1613 886 planeta·

269 890 338 964 rios,
360 891 385 948 si
407 891 500 951 libera
522 901 580 965 est,
612 911 666 952 neo
688 895 923 970 praecedentium
946 915 1098 958 causarum
1120 895 1343 956 necessitatibus
1365 894 1522 974 impedita,
1544 913 1613 974 per-

158 977 163 988 ‘
270 975 397 1038 lectione
419 981 504 1055 sequi
526 979 613 1040 dehet
635 981 801 1058 analogiam
824 985 1042 1062 inscriptionum
1070 993 1100 1046 ct
1127 985 1424 1060 circumscriptionum
1455 985 1614 1061 geometri·

272 1079 379 1138 carum,
404 1067 538 1144 adeoque
562 1073 591 1127 et
613 1068 794 1129 conditiones
815 1073 1013 1149 proportionis
1034 1074 1237 1150 inscriptorum
1259 1070 1297 1129 ad
1320 1072 1559 1148 circumscriptos.

354 1157 428 1214 Nihil
446 1159 516 1212 onim
535 1168 578 1214 ost
594 1162 679 1230 magis
707 1168 930 1224 consentaneum.
958 1180 1038 1232 quam
1065 1171 1096 1220 ut
1120 1163 1258 1234 inscriptio
1284 1162 1398 1232 physion
1415 1162 1613 1234 geometricam,

270 1238 397 1302 anquam
416 1252 484 1304 opus
503 1245 597 1308 typam
614 1255 700 1303 suum,
720 1246 816 1296 exacte
833 1249 1026 1313 repraesentet.

354 1327 572 1404 Propositio
595 1330 720 1391 XLVII.
769 1332 801 1393 Si
823 1334 980 1411 figurarum
1002 1338 1075 1394 inter
1105 1332 1239 1411 planetas
1261 1332 1412 1409 inscriptio
1434 1331 1527 1394 libera
1547 1333 1613 1408 fuit,

271 1413 435 1476 tetraiidron
458 1433 548 1494 supra
569 1425 688 1496 tangere
711 1418 813 1480 debuit
834 1422 950 1499 angulis
973 1424 1072 1502 orbem
1093 1420 1267 1499 perihelium
1289 1418 1377 1480 Jorie
1399 1427 1516 1494 exacte,
1539 1421 1615 1481 iufra

270 1503 376 1562 centris
397 1502 551 1579 planorum
579 1506 727 1583 aphelium
749 1507 853 1568 Martis
885 1519 997 1572 exacte.
1042 1509 1142 1570 Gubns
1164 1525 1235 1570 vero
1265 1516 1294 1567 ct
1317 1505 1474 1567 octatdron
1497 1509 1615 1588 augulis

269 1589 300 1646 in
322 1591 425 1653 orbem
446 1591 617 1669 perihelium
638 1597 685 1654 sui
708 1613 843 1672 quaeque
865 1597 1000 1674 planetae
1021 1597 1196 1667 insistentes,
1220 1595 1325 1655 centris
1348 1593 1500 1673 planorum
1523 1611 1616 1674 peue-

270 1682 346 1735 trare
369 1676 532 1738 debuerunt
554 1680 653 1741 orbem
674 1684 721 1742 sui
742 1685 904 1758 interioris,
934 1687 977 1745 sic
998 1691 1032 1743 ut
1053 1684 1105 1744 illa
1127 1683 1227 1744 centra
1249 1689 1399 1743 versentur
1421 1683 1498 1741 intra
1520 1685 1615 1758 orbes,

271 1763 419 1839 aphalium
441 1773 471 1826 et
492 1767 670 1844 peribolium.
694 1769 905 1832 Dodecaiidron
930 1779 1030 1833 contra
1046 1779 1075 1832 et
1090 1769 1261 1843 icosiedrou,
1284 1768 1400 1846 angulis
1422 1777 1506 1830 extra
1527 1773 1616 1830 strin-

270 1858 372 1927 gentes
394 1870 514 1914 suorum
535 1855 719 1932 planetarum
741 1858 828 1920 orbes
849 1859 1016 1937 perihelioa
1040 1859 1145 1920 centris
1167 1856 1319 1934 planorum
1341 1873 1400 1916 uon
1422 1856 1510 1933 plane
1525 1860 1616 1916 attin·

270 1953 339 2016 gere
363 1939 525 2001 debuerunt
546 1942 678 2020 aphelios
707 1947 792 2006 orhee
813 1965 932 2007 suorum
966 1948 1142 2007 interiorum.
1188 1944 1315 2004 Echinus
1338 1942 1464 2022 denique
1488 1945 1616 2006 dodeca-

271 2025 401 2102 edricus,
433 2037 513 2088 stans
541 2031 656 2108 angulis
687 2035 715 2091 in
747 2033 888 2111 peribolio
911 2035 981 2096 orbe
1004 2035 1122 2108 Martis,
1154 2031 1258 2092 mediis
1287 2033 1403 2109 punctis
1434 2033 1616 2093 inversorum

271 2112 402 2190 laterum,
424 2115 523 2176 radios
546 2118 629 2178 binos
652 2120 761 2180 solidos
785 2124 1086 2200 interstinguentium‚
1117 2119 1219 2180 debuit
1242 2121 1340 2181 venire
1362 2121 1493 2198 proxime
1515 2121 1617 2181 orbem

275 2201 424 2278 aphelium
447 2203 579 2267 Veneris.

357 2295 409 2350 Est
427 2296 497 2350 enim
515 2297 671 2354 tetraddron
688 2297 776 2367 ligura
793 2299 882 2354 media
898 2300 1085 2370 primariorum
1102 2305 1130 2356 et
1149 2304 1210 2355 ortu
1228 2303 1256 2352 et
1274 2298 1326 2352 ritu
1345 2297 1373 2352 in
1390 2298 1500 2366 mundo,
1519 2314 1616 2369 acqua

272 2371 335 2428 litor
352 2373 450 2446 igitur,
477 2375 500 2431 si
518 2375 586 2431 nihil
603 2375 783 2447 impediebat,
810 2394 979 2434 summovere
997 2379 1091 2436 debuit
1115 2385 1259 2446 unamque
1276 2375 1414 2445 regionem
1441 2384 1470 2434 et
1486 2378 1563 2434 Jovis
1589 2383 1618 2433 et

198 2523 200 2531 Ι
272 2451 376 2508 Martis.
414 2454 462 2509 Cui
488 2455 553 2525 quia
570 2455 656 2516 cubus
675 2471 782 2511 rursum
811 2463 869 2511 erat
886 2463 913 2512 et
932 2458 1058 2523 exterius,
1084 2455 1273 2514 dodeeaedron
1301 2455 1426 2510 deorsum
1445 2464 1474 2512 et
1490 2458 1616 2514 interius:
1667 2487 1673 2498 ·

272 2545 322 2598 par
339 2537 398 2586 erat
415 2548 488 2602 ergo,
506 2540 537 2590 ut
555 2541 583 2589 et
600 2533 707 2589 illorum
725 2534 866 2604 inscriptio
886 2533 1026 2591 affectaret
1043 2535 1260 2591 mnirarietatem
1278 2533 1346 2603 ejus,
1363 2535 1442 2602 cuius
1459 2536 1614 2592 tetraedron

271 2611 384 2669 tenebat
400 2613 525 2684 medium,
545 2622 573 2670 et
591 2613 677 2670 altera
694 2613 800 2668 illamm
819 2629 962 2685 excessum
978 2614 1080 2670 faceret
1098 2612 1290 2682 inscriptionis,
1308 2611 1393 2668 altera
1411 2613 1558 2682 defectum,
1577 2614 1615 2670 al-

180 2727 182 2732 .
273 2694 331 2743 tera
349 2705 387 2745 sc.
405 2690 562 2749 interiorem
587 2696 680 2749 orbem
705 2693 901 2763 quadamtenus
927 2700 1100 2764 penetraret,
1128 2694 1212 2750 alters
1235 2708 1291 2749 uon
1308 2692 1463 2762 attingeret.
1499 2695 1535 2749 Et
1553 2695 1618 2763 quia

273 2767 420 2824 octaedron
438 2777 481 2826 est
499 2771 569 2827 cubo
588 2777 740 2842 cognatum,
758 2771 898 2840 aequalem
915 2772 1018 2828 habeus
1037 2773 1142 2828 orbium
1159 2770 1370 2840 proportionem,
1389 2770 1541 2828 icosiedreu
1553 2789 1617 2830 vero

273 2845 455 2905 dodecaedro:
482 2849 555 2919 quod
572 2851 657 2923 igitur
674 2851 760 2906 cubus
777 2851 861 2907 habet
878 2852 912 2908 de
929 2851 1097 2922 perfectione
1119 2849 1319 2920 inscriptionis
1347 2848 1419 2904 idem
1445 2859 1473 2906 et
1489 2853 1617 2910 octaedro

274 2924 431 2996 debebatur,
455 2929 528 2999 quod
547 2929 746 2999 dodecatdrou‚
763 2931 835 2986 idem
854 2938 882 2987 et
898 2931 1041 2988 icosiedro.
1060 2932 1097 2986 Et
1115 2938 1157 2986 eet
1168 2929 1315 2986 consimilis
1332 2927 1451 2984 octaedri
1468 2931 1536 2986 situs
1554 2932 1619 2987 situi

273 3002 343 3073 cubi,
361 3005 485 3062 icosiedri
503 3026 566 3066 vero
585 3009 648 3066 situi
665 3008 841 3080 dodecatdri,
869 3012 934 3081 quia
950 3018 980 3066 ut
997 3012 1084 3067 cubus
1103 3009 1219 3066 alterum
1236 3015 1311 3064 tenet
1327 3007 1470 3064 terminum
1488 3008 1522 3064 sd
1541 3016 1617 3065 exte·

272 3080 355 3152 riora,
383 3083 422 3140 sic
440 3088 587 3144 octaedrou
604 3096 680 3144 ιιιιι
696 3089 831 3159 reliquum
850 3097 999 3146 extremum
1018 3089 1052 3145 ad
1070 3089 1200 3144 interiora
1216 3085 1321 3150 mundi
1347 3087 1536 3144 dodecae'dron
1553 3105 1616 3146 rere

273 3167 302 3216 et
318 3163 470 3220 icosiedrou
487 3167 622 3223 mediant:
651 3167 777 3224 convenit
794 3167 878 3238 igitur
895 3169 976 3224 etiam
995 3168 1090 3224 similis
1107 3167 1264 3236 inscriptio,
1282 3165 1339 3222 illio
1355 3168 1526 3236 penetrativa
1544 3168 1630 3225 orbis·

273 3241 415 3311 planetarii
432 3244 576 3313 interioris,
594 3246 638 3300 hic
659 3245 786 3301 deficiens
803 3247 838 3302 ab
855 3245 913 3301 illo.
949 3247 1071 3302 Echinus
1089 3261 1161 3314 vero,
1180 3245 1227 3313 qui
1244 3244 1441 3302 summitatibus
1459 3246 1618 3316 angulorum

273 3329 462 3390 repraesentat
479 3323 646 3395 icosiedrou,
673 3325 784 3382 basibus
802 3325 1006 3394 dodecaidrou,
1033 3334 1175 3395 utramque
1199 3325 1279 3381 etiarn
1297 3323 1449 3393 regionem,
1474 3333 1529 3380 tam
1547 3327 1618 3382 iuter

274 3402 392 3458 Martem
410 3411 437 3458 et
454 3403 589 3459 Tellurem
608 3403 786 3475 dodcoaedro,
804 3422 893 3475 auam
911 3406 982 3462 inter
995 3407 1133 3462 Tellurem
1151 3413 1179 3461 et
1195 3405 1326 3460 Venerem
1343 3403 1482 3460 icoseedro
1500 3405 1617 3460 tributas

273 3479 398 3552 implere,
425 3483 568 3552 complecti
590 3498 638 3538 seu
662 3483 806 3552 disponere
828 3484 929 3539 debuit.
964 3485 1061 3542 Utrum
1083 3491 1173 3540 autem
1206 3483 1391 3552 oppositorum
1415 3481 1470 3540 utri
1494 3482 1618 3538 societati

274 3559 433 3628 conveniat,
460 3561 567 3616 axioma
592 3561 771 3630 praemissum
798 3561 901 3617 clarum
927 3562 1000 3620 facit.
1037 3562 1205 3618 Tetratdrou
1223 3560 1308 3628 euim,
1335 3559 1438 3616 habens
1459 3559 1618 3630 inscriptum

231 3669 236 3674 -
274 3637 366 3692 orbem
385 3639 537 3707 effabilem,
567 3641 685 3696 medium
703 3641 798 3702 sortita
816 3649 858 3697 est
881 3641 971 3698 locum
988 3642 1059 3706 inter
1076 3642 1234 3712 primarias,
1261 3640 1362 3708 stipata
1379 3639 1505 3708 utrinam
1522 3639 1617 3708 figuris

273 3714 584 3775 incommensurabilium
602 3720 713 3783 orbium,
733 3737 846 3790 quarum
863 3723 982 3779 exterior
999 3721 1094 3788 cubus,
1113 3718 1226 3775 interior
1244 3717 1441 3786 dodecatdrom
1458 3733 1509 3788 per
1521 3733 1581 3788 cap.
1594 3723 1616 3776 1.

273 3795 363 3864 hrpue.
399 3798 473 3852 llaec
492 3815 555 3853 vcro
573 3797 690 3869 qualitas
708 3800 884 3870 geometrica,
903 3800 1047 3856 effabiliter
1063 3799 1194 3870 inscripti,
1213 3803 1400 3870 repraesentat
1417 3798 1446 3852 iu
1463 3804 1562 3867 natura
1577 3799 1617 3853 in·

274 3874 447 3945 scriptionem
465 3875 608 3946 planetarii
627 3877 699 3932 orbis
716 3877 872 3947 perfectam.
909 3879 1002 3934 cubus
1023 3879 1105 3948 igitur
1127 3895 1188 3934 cam
1212 3878 1286 3934 socia
1302 3876 1404 3932 habent
1420 3876 1566 3947 inscriptus
1583 3894 1617 3934 ex

274 3954 384 4009 dimidio
403 3955 499 4011 saltem
518 3955 651 4023 effabiles,
669 3956 698 4012 id
716 3963 758 4011 est
775 3957 834 4011 sola
851 3957 985 4027 potentia;
1012 3955 1111 4015 debent
1128 3957 1210 4027 lp'tur
1227 3954 1442 4025 semiperfectam
1460 3971 1618 4026 repracsen·
1672 3968 1676 3978 ·

273 4040 332 4088 tare
350 4033 568 4105 inscriptionem,
587 4035 632 4090 ubi
645 4036 708 4091 licet
726 4053 781 4092 uon
798 4037 859 4106 ipsa
876 4037 950 4093 orbis
972 4035 1116 4106 planetarii
1134 4035 1303 4102 extremitas,
1329 4041 1358 4089 ιι
1382 4035 1479 4089 saltem
1504 4035 1618 4090 interius

274 4113 375 4183 aliquid
394 4121 422 4170 ct
440 4113 597 4170 nominatim
614 4115 745 4171 medietas
762 4115 834 4172 iuter
852 4116 949 4185 orbos,
976 4115 1114 4185 aphelium
1132 4120 1159 4168 et
1181 4115 1357 4184 periheliem‚
1385 4115 1476 4184 siper
1492 4115 1559 4170 alias
1576 4129 1618 4169 re·

274 4193 363 4249 tiones
380 4192 440 4248 lieri
457 4193 558 4262 possit,
587 4194 737 4264 attingatur
754 4211 771 4250 ι
788 4196 889 4251 connis
915 4195 1058 4265 planorum
1084 4192 1196 4261 figurae.
1231 4192 1427 4248 Dodeca'edron
1446 4199 1541 4250 contra
1557 4209 1617 4248 oum

275 4274 350 4328 socia
367 4272 470 4328 habent
486 4273 632 4344 inscriptos
649 4273 730 4344 plano
747 4273 898 4330 ineffabiles
918 4281 945 4330 at
956 4272 1125 4344 longitudine
1136 4272 1204 4328 radii
1222 4278 1251 4326 et
1267 4271 1400 4342 potentia:
1419 4271 1522 4327 debent
1538 4272 1619 4340 igitur

275 4349 357 4420 plane
374 4351 559 4421 imperfectam
576 4358 780 4424 repraesentare
798 4353 1001 4422 inscriptionem
1019 4358 1047 4406 et
1063 4351 1172 4421 penitus
1189 4350 1256 4405 nihil
1275 4349 1309 4405 de
1327 4351 1392 4405 orbe
1410 4347 1562 4418 planetaria
1579 4354 1619 4404 at·

276 4429 438 4500 tingentem,
456 4431 510 4486 hoc
527 4437 570 4486 est
587 4431 757 4488 deiicientem
776 4439 804 4487 et
822 4447 909 4501 usque
927 4430 961 4486 ad
979 4428 1117 4501 aphelium
1134 4430 1260 4500 planetae
1278 4428 1370 4484 orbem
1387 4439 1443 4482 non
1460 4427 1541 4497 plane
1559 4443 1620 4498 per·

276 4507 422 4575 tingentem
440 4525 551 4564 suorum
578 4503 720 4580 planorum
739 4510 847 4565 centris.
884 4510 1019 4578 Echinus,
1046 4508 1098 4564 etsi
1125 4507 1294 4564 dodecaidro
1319 4513 1346 4562 et
1371 4505 1461 4562 sociae
1487 4511 1620 4575 cognatus

276 4593 327 4654 est,
345 4583 429 4642 habet
445 4593 535 4642 tamen
554 4587 655 4658 aliquid
674 4587 760 4644 simile
777 4587 922 4644 tetraddro.
960 4589 1028 4642 Nam
1039 4587 1131 4644 radius
1148 4587 1271 4656 inscripti
1288 4585 1418 4655 latoribus
1430 4585 1489 4655 ejus
1507 4585 1620 4640 inversis

277 4673 320 4721 est
337 4665 445 4734 quidem
462 4667 737 4724 incommensurabilis
756 4667 952 4738 circumscripti
969 4667 1054 4737 radio,
1073 4673 1101 4721 at
1114 4664 1360 4723 commensurabilis
1379 4671 1422 4720 est
1438 4663 1544 4718 iuterim
1562 4662 1620 4718 lou·

277 4745 398 4813 gitudine
415 4743 560 4801 distantiae
578 4747 702 4802 binomm
721 4747 881 4818 angulorum
898 4747 1054 4802 vicinorum.
1089 4747 1185 4814 Itaque
1202 4743 1333 4814 perfectio
1351 4741 1619 4798 commensurationis

277 4824 413 4880 radiorum
429 4821 489 4878 fere
506 4831 595 4894 ιιιιιι,
623 4833 726 4895 quauta
742 4826 887 4896 tetracdro,
905 4825 1072 4896 imperfectio
1096 4824 1258 4881 ulamsecus
1275 4829 1367 4892 ιιιιι,
1386 4825 1488 4891 quanta
1505 4818 1620 4874 dodeca-
