3698 5534
749 384 833 440 Liber
849 382 882 439 V.
901 383 989 454 Caput
1005 383 1055 443 IX.
1258 367 1263 390 ⁵
1510 393 1572 451 309
1612 397 1617 414 '

228 561 300 616 inter
317 557 450 630 aphelios,
469 557 581 615 alteram
606 540 678 616 inter
695 559 853 630 perihelios‚
880 573 930 628 per
942 559 988 628 24.
1024 559 1078 616 Εει
1094 565 1236 629 praeterea
1258 565 1286 614 ει
1302 559 1443 616 harmonia
1460 561 1495 630 ⁸J',
1513 576 1574 629 cog·

229 643 295 694 rata
312 635 461 707 icosiedro,
480 637 579 706 quippe
598 643 690 694 sectae
709 644 851 707 utrumque
869 639 1071 706 pentagonioae
1106 638 1175 692 Vide
1193 653 1250 708 cap
1269 639 1293 692 2.

311 713 387 771 Ecce
409 729 543 784 causam,
568 729 618 772 cur
640 715 790 790 praecisae
813 713 981 774 harmoniae
1004 715 1079 772 inter
1103 713 1206 772 horum
1223 713 1344 773 duorum
1363 719 1460 773 motus
1482 712 1575 790 aphe-

231 800 287 862 lios
315 801 414 876 potius
446 807 475 860 et
502 799 660 894 peribolios
692 803 890 904 inveniantur,
927 817 985 860 non
1015 817 1085 862 roro
1120 803 1195 860 inter
1222 802 1448 879 convergentes,
1472 807 1518 859 ut
1544 801 1575 857 in

228 887 438 964 superioribus.

313 989 542 1068 Propositio
565 989 716 1052 XXVIII.
761 989 873 1050 Telluri
903 991 1019 1070 propria
1046 996 1178 1051 motuum
1207 995 1355 1071 proportio
1390 991 1576 1069 competebat

235 1073 302 1160 ¹⁴J„‚
325 1079 453 1153 circiter,
478 1077 584 1137 Veneri
609 1074 678 1160 444,,
701 1079 822 1139 circiter.

315 1161 384 1216 Nam
401 1161 431 1214 hi
449 1161 503 1216 dne
522 1160 688 1230 distinguere
706 1161 859 1219 debuerunt
876 1175 975 1230 genera
993 1149 1208 1228 harmoniarum,
1231 1177 1281 1231 per
1298 1162 1487 1231 praemissam
1511 1176 1575 1230 ergo

230 1256 280 1310 per
297 1239 339 1296 26.
369 1239 461 1295 Tellus
480 1241 601 1310 quidem,
627 1245 659 1294 ut
675 1239 812 1309 superior,
838 1237 957 1292 nancisci
976 1237 1070 1294 debuit
1086 1241 1256 1295 intervallum
1276 1241 1394 1310 ,²⁰¹⁰s„„,
1413 1241 1441 1296 id
1458 1247 1500 1295 est
1517 1240 1575 1295 iere

234 1322 306 1390 ¹⁴21„
324 1319 416 1374 Venus
434 1334 513 1382 sero,
533 1325 563 1372 ut
580 1318 705 1386 inferior,
724 1317 895 1373 intervallum
915 1317 1012 1388 mim,
1032 1317 1059 1372 id
1078 1327 1121 1374 est
1138 1319 1197 1388 4444,
1215 1309 1345 1389 proriime.

317 1393 391 1452 Ecce
416 1410 543 1467 causam,
566 1393 669 1454 curbi
693 1391 750 1452 duo
774 1392 908 1472 planetae
931 1399 991 1452 tam
1012 1411 1119 1469 parvas
1142 1395 1271 1456 habeant
1293 1396 1524 1456 eccontricitotes
1547 1403 1576 1455 ct

231 1480 391 1542 secundum
413 1498 463 1540 eas
486 1497 578 1556 parva
600 1480 756 1540 intervalla
778 1498 831 1540 seu
853 1481 1055 1557 proportiones
1071 1489 1204 1542 motuum
1226 1489 1419 1542 extremorum
1433 1485 1575 1562 proprias,

231 1587 296 1630 curn
318 1575 415 1628 tamen
437 1568 568 1645 proxime
591 1566 642 1626 illa
663 1569 794 1644 superior
814 1575 848 1640 (4,
871 1575 901 1626 ει
923 1570 1052 1645 proxime
1075 1569 1130 1629 hac
1152 1570 1269 1630 inferior
1292 1565 1333 1651 Q,
1357 1571 1486 1647 insignes
1510 1587 1574 1629 om-

232 1660 373 1732 niumque
394 1657 537 1716 maximas
559 1654 697 1715 habeant
741 1654 808 1714 Hoc
828 1671 898 1714 vero
921 1672 1022 1714 reruni
1041 1673 1105 1716 esse
1127 1659 1305 1718 astronomia
1320 1657 1483 1732 confirmat,
1506 1675 1576 1716 nam

234 1762 299 1821 cap.
324 1746 354 1802 4.
377 1743 469 1802 Terra
489 1741 576 1820 plane
603 1737 668 1823 ¹⁴l„
689 1741 806 1815 habuit,
830 1742 930 1801 Venus
958 1760 1028 1802 rero
1052 1739 1136 1828 ⁸⁴l,5,
1163 1744 1241 1821 quod
1271 1746 1466 1806 astronomica
1491 1747 1576 1804 certi-

234 1833 306 1890 tudo
330 1832 380 1890 vix
402 1829 565 1890 discernere
586 1831 616 1886 ia
639 1829 696 1888 hoc
719 1828 836 1906 planeta
856 1831 964 1905 poterit
987 1847 1006 1888 a
1029 1825 1112 1911 444,,,.

259 1935 541 2013 Propositio
563 1931 687 1992 XXIX.
731 1933 836 1992 Martis
859 1939 888 1992 et
910 1932 1035 1993 Telluris
1057 1934 1150 2010 maj0r
1177 1941 1309 1996 motuum
1331 1935 1498 2008 harmonia,
1530 1933 1576 1995 di·

231 1981 410 2101 vergentium
432 2029 519 2100 puta,
541 2038 600 2080 non
622 2021 718 2098 potuit
740 2037 804 2079 esse
826 2037 861 2079 ex
884 2019 1057 2095 majoribus,
1081 2039 1170 2098 quam
1192 2019 1255 2103 44,,.

319 2105 408 2174 Supra
424 2119 502 2174 prop.
521 2104 563 2158 17.
582 2119 637 2157 non
656 2107 715 2156 erat
731 2103 864 2157 minonem
876 2102 978 2170 aliqua,
997 2119 1069 2158 nuno
1082 2117 1145 2159 vero
1163 2120 1252 2174 nsque
1268 2105 1359 2173 aliqua
1375 2106 1508 2174 meatorum
1526 2112 1576 2161 est.

231 2184 300 2240 Nam
317 2182 404 2238 altera
420 2183 516 2236 horum
535 2180 692 2250 communis,
710 2197 759 2236 seu
771 2180 859 2234 minor
873 2181 918 2250 4,,4
937 2197 998 2234 cum
1015 2181 1125 2250 propria
1142 2182 1247 2250 Martis,
1265 2198 1335 2251 quae
1346 2199 1396 2252 per
1406 2183 1448 2236 14
1466 2188 1577 2252 superat
1650 2221 1652 2236 .

225 2253 301 2332 ''ilw
318 2259 384 2316 facit
401 2260 462 2330 plus
480 2274 561 2328 quam
582 2257 654 2328 444,,,
673 2223 727 2313 h'oc
745 2265 787 2312 est
805 2258 891 2327 ⁸⁰l„„
910 2257 1005 2313 adde
997 2259 1081 2327 rgrtnr
1091 2258 1207 2314 Telluris
1225 2260 1363 2330 propriam
1378 2261 1447 2330 ¹⁴J„,
1464 2260 1518 2314 hoo
1536 2267 1578 2315 est

233 2341 292 2410 444..
309 2355 359 2408 per
376 2339 566 2408 praemissam,
588 2337 776 2392 accumulatur
792 2335 855 2405 plus
874 2352 955 2405 quam
973 2339 1058 2407 444,,,,
1084 2336 1156 2406 quod
1175 2346 1217 2393 est
1234 2339 1358 2408 proxime
1375 2339 1419 2406 ⁴l„
1445 2339 1508 2408 plus
1526 2341 1576 2395 sci.

228 2418 295 2475 licet
312 2433 392 2489 quam
411 2424 507 2472 octava
529 2425 556 2471 ει
573 2425 656 2472 tonus
680 2415 768 2484 maJ'or
783 2415 873 2484 paulo.
910 2415 946 2470 At
963 2415 1104 2472 harmonia
1128 2418 1251 2488 proxime
1268 2418 1356 2487 major
1382 2433 1463 2489 quam
1481 2424 1578 2474 octava

233 2507 260 2555 et
277 2505 358 2553 tonus
377 2503 420 2551 εει
438 2499 498 2567 44,,,
518 2496 649 2566 diapason
668 2512 729 2550 cum
746 2495 827 2550 tertia
844 2492 926 2549 molli.

316 2572 404 2648 Nota,
428 2572 507 2649 quod
529 2586 586 2631 non
610 2570 684 2644 dico,
707 2587 766 2630 non
789 2586 852 2630 esse
875 2569 951 2630 hanc
973 2572 1190 2648 proportionem
1212 2585 1266 2628 nec
1282 2570 1420 2646 majorem
1444 2589 1498 2633 nec
1520 2574 1577 2632 mi-

232 2677 331 2720 norem
354 2677 441 2737 qoam
465 2655 534 2741 ⁵l„,
562 2657 614 2730 sed
636 2657 693 2717 boc
715 2657 789 2731 dico,
813 2659 839 2716 si
860 2674 979 2718 necesse
1002 2661 1053 2731 sit,
1083 2658 1164 2717 illam
1186 2658 1248 2718 lieri
1271 2656 1485 2735 harmonicam,
1508 2660 1577 2721 har-

236 2750 363 2809 moniam
385 2744 429 2806 illi
452 2745 540 2806 aliam
563 2763 620 2805 non
644 2748 872 2823 competitorem.

317 2851 546 2928 Propositio
568 2845 677 2910 XXX.
725 2849 863 2908 Mercurii
892 2851 1009 2927 propria
1038 2855 1169 2908 motuum
1199 2849 1348 2926 proportio
1384 2847 1485 2910 debuit
1513 2851 1576 2912 lieri

232 2939 327 3016 major
349 2938 483 2998 omnibus
505 2937 570 2996 aliis
592 2937 726 3014 propriis

317 3021 388 3076 Nem
405 3036 455 3090 per
471 3021 513 3076 16
534 3019 659 3108 propriae
671 3016 785 3072 Veneris
803 3023 831 3071 et
848 3017 976 3073 Mercurii
1004 3017 1115 3085 junctae
1135 3017 1224 3074 iacere
1243 3013 1394 3074 debuerunt
1406 3019 1513 3076 circiter
1525 3021 1579 3093 is„

233 3099 287 3154 Sed
300 3097 411 3154 Veneris
429 3097 540 3168 propria
557 3098 670 3151 seorsim
688 3104 730 3151 est
747 3103 853 3151 mutum
873 3099 966 3166 444.,.4.,
991 3098 1043 3153 hoo
1061 3104 1103 3152 est
1130 3097 1250 3168 44444,,.,.;
1279 3099 1347 3156 haec
1364 3115 1428 3154 vero
1453 3102 1579 3157 ablatae

235 3177 295 3250 44,,,
318 3178 371 3231 hcc
387 3181 430 3231 est
448 3191 464 3229 a
482 3175 594 3244 ⁶¹⁵s„,0,
620 3174 747 3245 relinquit
764 3177 877 3246 82lsugs,
902 3177 1029 3246 maJorem
1052 3193 1131 3248 quam
1150 3176 1280 3247 diapason
1299 3192 1359 3231 cum
1385 3184 1451 3233 tenc
1469 3182 1578 3256 majore,

233 3255 369 3312 Mercurio
387 3253 451 3322 soli;
476 3269 537 3308 cum
554 3253 651 3308 Martis
669 3255 791 3325 propria,
815 3271 885 3327 quae
902 3258 943 3312 illi
960 3257 1031 3312 inter
1048 3264 1154 3312 eeteros
1178 3255 1302 3324 planetas
1328 3262 1370 3310 εει
1387 3257 1505 3312 omnium
1522 3275 1577 3314 ma-

234 3334 353 3402 ιιιιιε,
337 3333 372 3389 nit
389 3335 477 3390 minor
494 3347 575 3403 quam
593 3331 772 3403 sesquialtera
791 3333 835 3404 4,
854 3335 907 3390 hoc
925 3343 967 3390 est
985 3335 1119 3404 diapente.

319 3412 451 3482 Adeoque
469 3412 582 3467 Veneris
607 3419 634 3466 et
650 3412 779 3467 Mercurii
805 3412 958 3468 intimorum
985 3415 1111 3483 propriae
1133 3413 1244 3481 junctae
1262 3418 1381 3482 aequant
1402 3421 1517 3482 quatuor
1535 3430 1578 3469 su-

233 3507 386 3564 premorum
402 3490 527 3561 proprias
543 3495 651 3554 iunctas
668 3492 742 3560 iere,
765 3492 838 3562 quia,
858 3500 888 3547 ut
903 3493 959 3562 jam
977 3493 1068 3547 statim
1087 3493 1240 3562 apparebit,
1254 3490 1363 3546 Saturni
1381 3496 1409 3544 ει
1425 3493 1500 3546 Jcsis
1518 3510 1579 3564 pro·

234 3573 309 3644 priae
321 3572 435 3641 junctae
452 3570 587 3626 excedunt
606 3571 650 3640 4,,
673 3571 769 3626 Martis
792 3589 809 3626 a
833 3575 868 3640 44,
886 3571 1008 3626 nonnihil
1033 3572 1133 3627 delicit:
1155 3586 1275 3626 summac
1294 3570 1346 3638 44.,,
1362 3571 1414 3623 hoc
1432 3579 1475 3624 est
1493 3573 1577 3642 ⁶⁰t„,‚

235 3653 305 3710 adde
323 3650 441 3706 Telluris
464 3649 536 3720 ¹⁴l„‚
554 3650 608 3705 hec
626 3657 668 3706 est
685 3649 761 3718 444...
781 3646 967 3704 accumulatur
985 3651 1071 3720 444,,,,
1096 3648 1169 3718 quod
1186 3647 1268 3718 paulo
1281 3646 1342 3716 plus
1360 3654 1403 3703 est
1420 3664 1500 3718 quam
1518 3651 1578 3720 44η,

235 3737 337 3800 quanta
354 3730 435 3785 modo
454 3736 511 3785 erat
530 3744 634 3784 summa
652 3727 821 3799 propriarum
839 3727 951 3782 Veneris
977 3734 1005 3782 et
1022 3728 1157 3783 Mercurii.
1191 3726 1252 3781 Hoc
1270 3742 1333 3780 vero
1355 3742 1409 3780 non
1428 3729 1578 3796 quaesitum

234 3817 345 3865 estnec
363 3808 397 3862 ab
416 3807 507 3877 aliquo
524 3807 732 3877 pulchritudinis
751 3805 898 3877 archetypo
921 3813 1045 3876 separato
1068 3813 1095 3860 ει
1114 3804 1243 3874 singulari
1261 3804 1425 3874 desumtum,
1452 3803 1500 3859 sed
1518 3821 1578 3876 pro·

232 3887 306 3942 venit
324 3887 408 3956 ultro,
427 3886 589 3941 necessitate
607 3901 749 3940 causarum
768 3903 802 3940 ex
819 3885 966 3941 harmoniis
983 3887 1115 3940 hactenus
1133 3885 1258 3940 stabilitis
1276 3899 1413 3938 nexarum.

320 3979 543 4056 Propositic
566 3977 690 4037 XXXI.
735 3977 837 4037 Motus
859 3977 987 4038 Telluris
1009 3976 1143 4054 ephebus
1166 3993 1231 4037 cum
1254 3975 1372 4053 aphelic
1388 3975 1505 4035 Saturni
1527 3994 1579 4054 per

234 4069 351 4145 aliquot
374 4067 517 4142 diapason
540 4065 715 4128 concordate
738 4064 848 4127 debuit.

322 4149 391 4204 Nam
409 4149 563 4204 harmonias
582 4147 747 4204 universales
767 4147 886 4218 oportuit
905 4161 973 4215 esse,
992 4161 1042 4216 per
1053 4147 1095 4215 18,
1113 4161 1197 4216 quare
1215 4147 1297 4202 etiam
1315 4145 1425 4200 Saturni
1443 4159 1503 4199 oum
1518 4143 1578 4199 Tel-

237 4227 296 4283 lure
316 4237 343 4284 et
359 4229 474 4284 Venere.
511 4229 548 4282 At
566 4229 589 4283 si
607 4233 729 4282 motuum
748 4226 863 4283 Saturni
875 4232 1057 4280 extremorum
1075 4221 1144 4278 alter
1162 4241 1223 4279 cum
1241 4231 1336 4280 neutro
1354 4224 1450 4277 horum
1469 4239 1578 4278 concor·

236 4307 335 4372 desset,
354 4308 406 4362 hoc
423 4306 511 4362 minus
529 4307 628 4361 fuisset
644 4306 837 4375 harmonicum,
856 4321 936 4375 quam
954 4304 977 4360 si
996 4309 1109 4373 uterque
1121 4303 1192 4358 illius
1206 4311 1341 4358 extremus
1358 4303 1504 4358 concordet
1516 4320 1578 4358 cum

185 4397 189 4406 ’
236 4386 278 4440 his
301 4385 431 4455 planctis,
456 4403 506 4458 per
529 4401 572 4440 ax.
593 4389 615 4441 ι.
652 4387 726 4456 Ergo
753 4387 887 4441 Saturnus
914 4389 1030 4450 utroque
1053 4396 1103 4436 auc
1129 4389 1249 4437 extreme
1279 4381 1442 4436 concordare
1469 4379 1577 4446 debuit:

237 4464 344 4534 aphelio
363 4482 424 4522 oum
442 4483 496 4521 uno
515 4481 549 4520 ex
570 4463 675 4520 duobus
693 4464 767 4519 hisce
785 4462 914 4533 planetis,
933 4459 1063 4531 perihelio
1081 4477 1142 4515 cum
1160 4458 1279 4528 reliquo,
1304 4475 1365 4514 cum
1383 4458 1449 4512 nibil
1466 4459 1577 4531 impedi·

217 4543 289 4609 ιει.
313 4543 413 4614 qnippe
436 4543 466 4598 in
482 4544 568 4615 primo
593 4542 708 4611 planeta.
746 4543 836 4596 Erunt
850 4541 933 4609 igitur
953 4540 1023 4594 istae
1046 4539 1202 4594 harmoniae
1226 4539 1267 4594 vel
1286 4538 1453 4593 identisenae
1479 4541 1520 4594 vel
1539 4539 1577 4594 di-

238 4624 400 4688 rersisonae,
418 4621 472 4677 hoc
489 4629 532 4676 est
549 4620 730 4692 proportionis
741 4619 792 4674 rel
810 4619 908 4689 duplae
921 4620 1057 4686 continue,
1075 4619 1117 4672 vel
1130 4619 1249 4674 alterius.
1284 4617 1321 4672 At
1333 4626 1472 4686 nequeunt
1483 4618 1576 4672 ambae

237 4699 422 4771 proportionis
446 4698 557 4754 alterius
579 4714 652 4770 esse,
676 4714 738 4753 nam
762 4697 834 4752 inter
855 4696 983 4750 terminos
1006 4697 1038 4766 44,
1063 4696 1235 4767 (definientes
1260 4695 1388 4765 maJ'orem
1410 4695 1577 4752 harmoniam

235 4782 309 4835 inter
325 4778 443 4834 Telluris
467 4784 495 4832 ει
511 4777 625 4833 Veneris
649 4775 784 4847 aphelics,
811 4789 859 4844 per
876 4775 933 4842 27.)
952 4791 1005 4829 non
1025 4782 1140 4845 possunt
1164 4775 1312 4830 consistere
1334 4772 1387 4830 duc
1406 4777 1494 4831 media
1515 4774 1576 4829 har·

239 4859 357 4931 monica,
384 4863 463 4914 sexta
484 4856 554 4911 enim
571 4857 666 4930 nequit
683 4853 766 4914 dludi
783 4854 810 4914 in
828 4853 881 4910 tria
898 4853 1053 4926 intervella3
1077 4854 1138 4912 ride
1155 4853 1202 4912 lib.
1219 4853 1268 4910 lll.
1303 4853 1365 4914 Non
1382 4855 1472 4927 potuit
1496 4853 1578 4926 igitur
