3732 5528
280 343 342 404 dii
792 329 941 390 Ptolemaei
957 331 1113 390 Harmonia.

280 518 367 581 aut)
395 516 476 578 adii
505 517 536 578 iu
566 516 631 575 ΑΙ).
678 517 812 592 Denique
841 513 1034 592 quadruplam
1066 517 1301 592 proportionem,
1335 533 1411 592 quae
1444 525 1490 576 cst
1522 517 1631 578 identi-

251 667 252 670 ,
279 607 416 669 souautia
442 602 647 688 disdiapason,
677 602 768 663 semel
791 604 955 675 continent,
987 619 1027 662 sc.
1056 605 1093 661 it
1124 605 1153 660 in
1183 610 1245 664 toto
1268 603 1375 662 circuio
1399 602 1479 664 adi
1510 607 1537 662 in
1561 621 1630 664 arcu

280 695 355 771 AD;
379 697 422 754 sic
444 701 474 752 ct
495 692 712 769 proportionem
729 691 754 774 Ι8
771 709 780 747 :
795 693 831 764 ³,
861 707 937 769 quae
961 699 1006 752 ost
1033 693 1244 752 consonantiae
1275 689 1631 770 diatessaron-cpidiaps·

242 795 243 804 ’
279 800 343 857 sou,
367 783 456 842 etiam
478 778 578 854 semel,
601 797 641 838 sc
666 780 685 836 8
708 781 822 837 luascu
839 777 921 838 ΑΗΕ
943 775 981 839 ad
1004 777 1181 839 triainAD.
1227 777 1472 856 Sesquioctaram
1497 779 1631 855 denique,

280 868 523 949 quassationi,
547 883 660 926 rursum
683 864 792 944 semsi,
816 883 856 926 sc.
882 869 899 925 9
924 867 953 924 in
978 879 1048 925 arou
1071 861 1159 925 AHD
1182 866 1219 926 ad
1245 866 1264 925 8
1288 869 1316 923 in
1343 864 1444 944 ΑΗΕ,
1476 874 1506 925 ut
1531 866 1629 926 ridere

282 968 327 1028 est
349 975 385 1018 ox
409 955 578 1016 differentiis
601 970 795 1028 numerorum,
820 955 870 1030 qni
893 952 932 1012 ad
955 952 1182 1035 delineationem
1204 961 1273 1014 sunt
1296 955 1433 1031 appositi.

366 1045 410 1104 Ex
432 1043 512 1102 hisco
536 1042 683 1118 sequitur,
716 1039 907 1101 ordinandam
931 1057 995 1100 csse
1019 1057 1054 1099 ex
1077 1041 1178 1117 primis
1202 1043 1401 1102 consonantiis
1424 1037 1521 1116 illarn,
1553 1051 1630 1116 quae

276 1133 416 1213 diapente
440 1131 563 1201 dicitur,
583 1129 669 1204 juxta
691 1127 900 1206 triangularem
922 1129 1115 1205 positionom3
1140 1147 1216 1206 quae
1241 1143 1309 1188 sero
1333 1127 1525 1202 diatessaron,
1545 1128 1631 1204 justa

279 1219 543 1298 quadrangularem
555 1211 618 1294 W),
650 1224 680 1276 et
711 1227 812 1277 tonum
836 1217 924 1292 juxta
954 1214 1054 1275 circuli
1087 1219 1220 1290 nnciam,
1252 1219 1323 1292 quia
1351 1233 1416 1276 cum
1446 1214 1570 1276 circulus
1592 1215 1632 1275 ad

279 1305 492 1371 semicirculum
517 1301 574 1363 ΑΗ
608 1305 767 1364 constituat
788 1306 931 1363 rationem
962 1301 1094 1382 duplam,
1128 1300 1330 1364 semicirculus
1355 1305 1418 1382 jam
1441 1303 1479 1363 ad
1502 1303 1554 1362 ΑΒ
1577 1305 1630 1361 tri·

279 1395 380 1474 anguli
403 1409 502 1454 arcum
527 1394 596 1452 iacit
618 1391 858 1468 sesquialteram,
882 1401 910 1450 ct
935 1390 981 1449 iric
1003 1389 1041 1449 ad
1066 1389 1130 1464 ni),
1155 1390 1348 1468 quadranguli
1372 1408 1491 1470 arcum,
1513 1393 1631 1468 sesqui-

279 1485 407 1557 tertiam,
441 1495 578 1542 excessus
607 1487 706 1539 antem
735 1476 851 1538 illarum
884 1487 928 1537 est
952 1478 1083 1550 tonicus,
1116 1495 1156 1538 sc.
1188 1498 1274 1540 arcus
1298 1479 1364 1552 uh,
1390 1482 1505 1540 ursciam
1529 1479 1627 1539 circuli

279 1569 449 1650 complexus
464 1563 505 1644 V).
553 1563 672 1642 Optima
699 1569 787 1642 igitur
817 1569 930 1627 ratione
958 1571 1064 1624 natura
1090 1565 1236 1648 circulum
1261 1567 1409 1643 signorum
1436 1570 1473 1625 12
1503 1567 1629 1644 partium

280 1659 357 1735 iecit,
377 1665 415 1736 ¹nt
437 1673 542 1728 assem,
566 1657 637 1730 qnia
658 1663 788 1732 systema
810 1653 969 1731 perlectum
998 1656 1035 1711 12
1061 1661 1194 1714 tonorum
1210 1652 1431 1731 amplitudinem
1448 1653 1557 1716 habere
1570 1657 1630 1714 sci-

280 1749 338 1822 vit3
369 1745 499 1806 ionicum
523 1743 611 1820 igitur
635 1740 820 1802 intervallum
844 1743 959 1819 aptarit
982 1742 1086 1800 unciae
1118 1757 1169 1802 sen
1202 1740 1392 1802 duodecimae
1418 1745 1492 1820 parti
1521 1741 1629 1802 circuli.

278 1835 316 1896 Et
337 1833 530 1894 admiratione
552 1828 672 1906 dignum
696 1837 756 1904 est,
779 1828 859 1906 qnod
882 1830 1076 1904 etiamsigna,
1104 1845 1155 1906 por
1178 1847 1266 1889 unam
1290 1828 1493 1890 duodecimam
1516 1828 1628 1890 sonaci

279 1922 482 1994 determinata,
505 1933 634 1978 consona
656 1917 776 1994 quidem
797 1933 857 1976 non
880 1925 957 1988 sunt,
980 1914 1033 1993 secl
1048 1914 1145 1975 solum
1168 1919 1196 1975 in
1213 1934 1320 1995 genere
1336 1921 1543 1978 concinnomm
1557 1934 1630 1978 con-

277 2004 455 2088 aistnutl¹);
478 2013 608 2081 atquae
630 2005 833 2082 perquiuque
856 2002 1045 2064 duodecimas
1068 2002 1181 2064 zodiaci
1205 2005 1397 2069 determinata
1418 2007 1495 2080 sunt,
1518 2021 1534 2066 e
1557 2021 1629 2066 con-

277 2099 365 2158 trario
388 2105 456 2156 suut
477 2096 552 2152 inter
574 2095 727 2165 concinno,
751 2109 817 2152 curn
839 2093 899 2152 sint
921 2092 1022 2166 utique
1045 2098 1075 2149 et
1088 2090 1221 2152 dicantur
1236 2095 1409 2164 inconnexa,
1432 2093 1521 2170 idque
1537 2107 1627 2174 prop-

278 2194 372 2259 teroa,
396 2185 467 2262 quia
488 2180 614 2241 circulus
636 2181 673 2240 ad
697 2179 770 2238 duos
794 2196 879 2239 arcus
901 2195 920 2236 a
942 2186 1023 2238 recta
1045 2181 1237 2250 constitutos,
1268 2197 1344 2257 quae
1367 2183 1483 2242 nnciam
1505 2180 1629 2240 subten-

279 2273 336 2348 dit,
368 2273 439 2332 iacit
460 2269 664 2348 proportiones
687 2269 799 2328 inumeri
825 2263 996 2326 duodenarii
1021 2263 1059 2324 ad
1087 2267 1098 2322 1
1126 2265 1224 2344 adque
1250 2271 1308 2341 lt,
1340 2285 1416 2344 quae
1443 2269 1540 2328 aliena
1562 2275 1629 2326 sunt

278 2378 298 2421 a
319 2359 464 2433 consonis,
487 2365 519 2416 at
541 2373 599 2414 non
623 2357 713 2415 etiam
735 2374 753 2414 a
776 2354 925 2413 concinnis
947 2350 1080 2426 exrriaut3
1104 2353 1143 2412 ad
1167 2355 1241 2416 duos
1265 2363 1343 2416 vero·
1358 2373 1426 2414 suos
1449 2372 1534 2416 arcus
1556 2371 1629 2414 con·

277 2451 398 2509 stitutos
421 2465 440 2506 a
462 2451 550 2515 recta,
574 2460 651 2520 qnae
677 2445 694 2500 b
718 2445 819 2502 uncias
841 2438 1002 2514 subtendit,
1026 2440 1228 2516 proportiones
1254 2442 1324 2502 iacit
1345 2445 1456 2502 numeri
1485 2445 1522 2501 lu
1546 2441 1584 2501 ad
1610 2443 1627 2500 b

279 2545 310 2598 et
334 2541 362 2610 i,
385 2551 463 2611 quae
486 2539 516 2591 et
537 2550 556 2589 a
579 2533 715 2590 consonis
744 2536 772 2588 et
795 2548 814 2587 a
835 2529 985 2588 concinnis
1008 2526 1145 2600 exulant,
1176 2531 1284 2608 quippe
1308 2545 1373 2590 oum
1401 2539 1505 2591 neutra
1533 2545 1628 2607 neque

278 2623 433 2701 multiplex
455 2637 550 2696 neque
573 2617 844 2695 superparticularis
866 2619 919 2688 sit,
944 2631 1040 2692 neque
1062 2619 1225 2693 composita
1247 2634 1284 2678 ex
1306 2617 1456 2693 aliquibus
1478 2616 1629 2678 elementis

278 2710 318 2771 ad
341 2709 547 2771 consonantias
569 2700 853 2782 pcrtinentibuslss).
901 2702 1036 2780 simplius
1059 2712 1088 2762 et
1109 2712 1225 2780 praeter
1238 2703 1380 2766 hactenus
1404 2707 1540 2783 utrinque
1558 2721 1630 2765 con-

221 2833 224 2842 ·
279 2797 400 2859 cordata
421 2797 511 2857 etiam
533 2791 590 2852 hoc
611 2791 750 2865 succedit,
774 2788 853 2868 quod
877 2809 896 2850 a
917 2791 1010 2867 signis
1031 2788 1143 2850 zodiaci
1167 2801 1226 2851 tros
1248 2791 1344 2853 solum
1361 2791 1629 2869 quadrangulorum

278 2887 392 2964 species
414 2885 490 2944 sumi
512 2889 651 2957 possunt,
683 2877 800 2955 aequali
824 2895 943 2938 numero
973 2893 1039 2937 cum
1062 2879 1217 2954 speciebus
1248 2882 1458 2942 consonantiae
1482 2879 1629 2940 uratum-

279 2989 341 3047 ron,
364 2969 574 3048 triangulorum
599 2985 668 3028 vero
693 2975 819 3042 quatuor
841 2964 1035 3037 solummodo,
1059 2965 1176 3040 aequali
1199 2983 1311 3028 rursum
1334 2985 1455 3028 numero
1479 2985 1544 3028 cum
1560 2983 1631 3044 spe-

279 3061 380 3122 ciebus
403 3059 611 3119 consonantiae
635 3053 788 3131 diapente,
812 3069 847 3112 co
871 3051 950 3128 qnod
973 3051 1046 3110 sciis
1068 3051 1114 3110 iris
1137 3057 1336 3114 consonantiis
1359 3050 1491 3128 accidat,
1518 3063 1551 3113 ut
1571 3057 1631 3114 aiut

278 3149 489 3228 incompositae
499 3139 578 3217 Vm).

366 3234 451 3312 Quae
473 3233 561 3310 igitur
592 3231 669 3289 circa
691 3230 788 3304 ipsum
812 3234 923 3287 motum
948 3225 1116 3286 circularem
1150 3227 1187 3286 ad
1211 3234 1363 3304 utrumque
1391 3228 1532 3290 dictarum
1560 3229 1631 3289 har·

243 3335 252 3344 '
279 3326 444 3386 monianum
475 3317 601 3396 expendi
629 3325 772 3394 possunt,
805 3322 933 3390 atquae
957 3313 1114 3390 figurarum
1146 3331 1292 3377 consonae
1320 3323 1350 3376 et
1377 3315 1514 3377 dissonae
1548 3334 1631 3378 com·

278 3414 360 3474 muni
383 3427 449 3472 cnm
472 3407 648 3468 harmonicis
673 3403 818 3465 vocabulo
850 3402 993 3474 dicuntur,
1017 3399 1158 3462 hactenus
1181 3401 1350 3464 definivisse
1365 3403 1499 3464 sufficiat.
1537 3404 1632 3464 Dein-

280 3517 349 3580 ceps
372 3501 409 3560 de
431 3497 533 3576 prhnis
557 3494 728 3552 ‹litierentiis
752 3499 882 3550 motuum
906 3487 1077 3572 coelestium
1100 3490 1185 3549 nobis
1207 3491 1261 3549 erit
1284 3489 1506 3568 dispiciendum.

366 3617 441 3672 Nota
457 3614 479 3668 Ι.
516 3610 753 3681 Comparationem
771 3607 815 3662 hic
833 3603 989 3676 aggreditur
1006 3603 1242 3662 consonantiarum
1261 3621 1321 3660 cum
1339 3607 1494 3675 aspectibus
1512 3608 1632 3668 siderurrs

279 3697 307 3752 lu
331 3695 457 3751 seduco:
483 3696 539 3746 tem
565 3705 614 3758 per
637 3703 668 3743 se
692 3685 820 3758 ponderis
845 3681 952 3738 maximi
979 3687 1006 3736 et
1030 3683 1290 3750 praestantissimam
1316 3683 1505 3755 philosophiae
1525 3691 1632 3754 partem

279 3773 342 3842 (etsi
358 3773 387 3828 iu
404 3769 522 3827 solidum
539 3777 582 3822 est
598 3766 724 3838 neglecta
742 3781 758 3820 s
776 3761 857 3834 vulgo
876 3760 1148 3832 philosophantium).
1175 3761 1223 3817 scd
1242 3779 1312 3834 quae
1335 3763 1415 3832 longe
1434 3763 1512 3820 aliter
1529 3773 1573 3820 est
1589 3765 1629 3820 in·

279 3851 424 3919 stitusuda,
443 3864 524 3918 qnam
542 3863 558 3902 a
577 3844 734 3900 Ptolemaeo
753 3843 797 3897 hic
808 3840 919 3896 iactum.
957 3837 1061 3894 Tertus
1071 3855 1121 3910 per
1132 3855 1162 3894 se
1174 3838 1264 3897 clarus
1277 3849 1328 3910 cst,
1346 3857 1396 3895 nec
1413 3839 1505 3897 multis
1516 3843 1628 3914 indiget.

366 3947 440 4003 Nota
457 3943 491 3998 11.
529 3941 581 3996 Est
598 3954 663 4010 pars
681 3935 844 4006 astrologiae
869 3933 903 3988 de
921 3935 1005 4004 signis
1025 3937 1151 3992 consonis
1173 3947 1201 3992 et
1220 3937 1348 4006 dissonis,
1372 3923 1524 4006 mnjnlcsis
1542 3949 1571 3995 et
1588 3941 1629 3995 in-

208 4033 211 4041 '
279 4027 431 4122 conjunctis
456 4022 501 4156 is1u5
510 4019 630 4077 zodiaco.
676 4015 744 4070 Vide
773 4011 873 4083 liagini
903 4012 974 4082 Eph.
1002 4030 1060 4083 cap.
1092 4018 1131 4070 15.
1163 4025 1190 4071 st
1218 4016 1452 4087 Quaompamitum
1480 4017 1628 4073 Ptolemaei

278 4107 325 4164 hb.
345 4105 439 4260 Lilffl
456 4199 506 4255 111.
542 4194 651 4252 Initium
670 4192 722 4248 hoo
742 4191 831 4246 statim
851 4189 933 4258 labat,
953 4187 1125 4258 nequeenim
1138 4189 1465 4260 intraquudriscctionem
1479 4191 1632 4249 consistunt

187 4302 193 4314 “
279 4282 588 4347 consonantiamque
607 4272 672 4328 solis
692 4269 775 4326 ternis
793 4267 898 4323 zodiaci
915 4266 1104 4334 divisionibus,
1131 4273 1197 4338 puta
1215 4270 1241 4323 iu
1262 4269 1328 4338 duo,
1355 4269 1381 4323 in
1401 4271 1451 4324 tria
1473 4277 1502 4326 et
1519 4269 1547 4325 in
1566 4288 1631 4341 qua·

278 4371 352 4428 tuor,
370 4360 550 4416 absolvuntur
568 4360 709 4423 aspectum
729 4364 826 4418 neque,
845 4349 866 4402 si
887 4356 1032 4414 utrumque
1051 4352 1137 4414 esset,
1158 4353 1221 4417 apte
1241 4347 1309 4402 hacc
1327 4345 1630 4416 iliis'comparasentur.

281 4437 477 4492 Gonaouantias
502 4451 554 4492 uon
579 4436 695 4499 natura,
727 4428 775 4483 sed
794 4442 845 4483 usu
864 4425 951 4482 solnm
969 4431 997 4477 ot
1014 4424 1170 4491 systematis
1192 4425 1305 4495 portensi
1331 4425 1535 4482 continuatione
1560 4427 1634 4483 iutra

281 4512 455 4582 disdiapason
474 4513 584 4582 includi,
602 4510 720 4580 probant
737 4506 801 4562 ista:
823 4505 851 4570 1)
869 4502 943 4574 quod
960 4510 1023 4558 aute
1042 4502 1228 4559 Ptolemaeum
1242 4504 1430 4574 Pythagoraei,
1449 4503 1571 4571 ejusdem
1588 4505 1631 4561 nsi

280 4591 422 4663 privilegio
439 4603 467 4647 et
485 4596 557 4650 socie
575 4591 710 4647 humanae
729 4584 906 4656 amplitudine
924 4581 1108 4651 considerata,
1132 4590 1305 4639 coarctarunt
1329 4582 1523 4640 consonantias
1547 4597 1630 4654 augu-

281 4671 352 4728 stius
368 4671 441 4725 iutra
458 4669 790 4741 diapason-epidiaponte3
815 4665 845 4734 2)
863 4662 936 4735 quod
956 4675 1059 4733 organa
1076 4671 1171 4718 nonus
1196 4677 1283 4731 usquc
1307 4661 1341 4717 ad
1365 4661 1481 4718 tatrskis
1499 4663 1631 4732 diapason

280 4757 309 4805 et
325 4747 438 4805 ultenm
456 4749 679 4818 progrediuntur;
708 4747 737 4812 ii)
757 4744 830 4814 quod
849 4740 1020 4799 Ptolemaeus
1038 4741 1098 4812 lpse
1117 4749 1237 4813 systema
1253 4740 1420 4811 perlectum,
1438 4755 1493 4796 non
1512 4741 1631 4798 omniun

280 4827 450 4900 possibilium
467 4829 706 4886 cousonsnusrrm
722 4822 878 4894 complexu,
896 4821 945 4878 sed
963 4821 1022 4877 sola
1039 4819 1291 4891 repraesentatione
1309 4818 1429 4877 omniurn
1446 4824 1551 4888 septem
1569 4834 1631 4890 ape
