3480 5548
275 391 316 454 58
579 335 585 346 ·
654 383 797 455 Epistolee
814 381 926 454 Keplerl
942 380 1108 454 ebornmque
1125 385 1235 440 metues

361 564 463 616 iuterim
480 565 570 616 lterum
588 563 620 618 D.
638 561 670 613 V.
688 562 782 626 medes
799 563 878 614 roiero
894 577 940 628 pro
959 558 1095 626 sssmpltri
1112 559 1241 627 llpitemes
1265 563 1293 613 in
1311 557 1472 624 (lopsruicsm
1490 561 1632 626 sptem

274 637 337 688 mibi
353 637 511 704 messuisse,
536 636 604 702 quod
622 635 722 685 cuidem
745 633 825 684 emico
841 634 976 686 Potentem
997 635 1137 697 jem2mis13
1162 646 1257 700 queeeo
1274 632 1344 684 eliud
1367 631 1430 682 mibi
1446 634 1575 700 remittet,
1601 637 1633 686 ut

274 709 387 758 Romeuo
405 707 500 774 emico,
519 707 565 772 qni
582 713 664 773 quem'
675 705 785 754 maxime
805 705 940 771 desideret,
958 708 1053 770 possim
1071 707 1251 756 commentare
1270 719 1313 770 per
1330 708 1440 764 postem.

342 775 432 826 Volent
448 777 481 826 ed
499 775 591 827 multos
609 790 687 826 onnes
704 771 837 824 incolumis
854 775 888 829 D.
909 777 939 830 V.
958 773 1009 838 ui,
1032 790 1087 824 mee
1104 789 1180 840 opere
1204 775 1404 840 quandocunque
1431 778 1456 822 et
1474 775 1579 824 ubicum
1601 789 1633 824 ue

273 847 377 896 libuerit
394 851 490 909 utetur,
510 860 605 909 semper
622 847 688 895 euim
705 847 892 908 peretlssimnm
910 859 949 894 me
967 847 1079 908 reperiet.
1114 845 1212 894 Dsbem
1229 845 1343 895 Viennae
1366 843 1391 894 d.
1409 839 1451 895 15.
1470 845 1528 897 Juu.
1547 789 1633 898 11118

360 915 444 966 diuite
458 914 581 980 Keplerus
600 919 651 978 egit
668 929 724 966 oum
742 915 924 966 Vincentio
943 911 1090 966 Blenebo
1107 914 1249 978 perditores
1267 917 1298 965 e'b
1317 925 1384 964 euno
1405 909 1471 968 itit
1489 917 1515 964 in
1531 927 1634 966 sunum

277 983 358 1046 iiior
377 985 427 1036 vol.
444 987 488 1036 ni
507 1000 532 1050 p.
551 983 604 1040 ⁵19
622 1001 652 1036 ex
662 984 765 1048 Repleri
783 985 890 1048 epistole
908 992 1003 1048 pertem
1022 989 1196 1050 ucerpsimus.
1215 1001 1267 1049 qus
1283 987 1358 1038 reteri
1373 984 1514 1051 Vincentio,
1532 988 1634 1052 quibus

274 1060 355 1108 censis
373 1057 510 1120 impeditus
527 1061 594 1108 sters
611 1070 662 1107 nou
679 1055 790 1119 potuerit
806 1058 937 1119 promissis
955 1052 1049 1118 (eedem
1068 1057 1119 1107 iere
1137 1063 1203 1122 snut,
1224 1071 1290 1122 quoe
1307 1055 1452 1118 biiugouius
1469 1069 1545 1120 supro
1565 1072 1633 1122 que-

271 1127 354 1192 riturl,
372 1125 469 1178 scilicet
487 1126 589 1183 edendis
607 1126 816 1190 prcmerldlbus
835 1131 860 1175 et
877 1125 981 1176 ‘l'ebulle
999 1126 1178 1194 Rudolpbiuis‚
1205 1131 1230 1178 et
1247 1125 1334 1196 quelle
1350 1125 1401 1175 siut
1418 1125 1516 1194 studio,
1533 1127 1633 1191 quibus

273 1197 417 1248 delectetur.
453 1198 542 1258 blegne
559 1211 616 1259 pers
635 1195 796 1260 epistolarum
816 1195 951 1268 elKeplero
969 1203 994 1246 et
1010 1195 1121 1248 lllencbo
1141 1199 1255 1247 deletum
1273 1197 1382 1260 pertinet
1398 1195 1430 1245 ‘sd
1443 1195 1634 1259 premerldes‚

273 1265 324 1318 slis
341 1263 418 1330 plene
434 1267 569 1331 rejicieude
587 1273 632 1333 est,
651 1281 715 1329 cnm,
733 1267 871 1329 praecipue
889 1265 1010 1329 epistolae
1027 1265 1148 1328 elenchi,
1167 1282 1232 1318 mere
1251 1263 1398 1327 munieris·
1414 1269 1511 1316 somnis
1526 1267 1632 1317 rerem.

273 1337 389 1389 (istm
404 1350 462 1401 pers
479 1340 568 1388 berum
586 1335 757 1402 epistolarum,
775 1343 895 1402 tempore,
914 1351 965 1402 quo
983 1340 1050 1400 typie
1068 1339 1239 1390 excudebstur
1256 1337 1400 1388 Hermeniu
1422 1341 1448 1386 et
1463 1351 1516 1401 quo
1532 1337 1633 1400 nepis-

273 1423 315 1460 rus
335 1411 552 1474 circumspicimus
569 1413 675 1460 emtores
692 1406 761 1474 iibri,
780 1409 936 1472 scripturum,
954 1410 1057 1473 propius
1075 1415 1245 1470 tegumentum
1262 1407 1418 1458 Hermouiee
1435 1409 1532 1474 cinnor,
1550 1423 1633 1474 quere

272 1479 313 1529 bic
331 1478 464 1531 inserendo
482 1483 526 1532 est.
562 1477 613 1530 His
630 1492 711 1540 peuce
727 1479 911 1541 preeminencie
934 1485 993 1528 sunt
1015 1479 1045 1528 de
1062 1479 1172 1532 Blsnebo
1197 1484 1300 1544 ejusque
1317 1479 1369 1526 vite
1393 1482 1418 1526 et
1436 1477 1534 1528 studiis.
1571 1477 1633 1542 Ipse

272 1547 379 1613 lieplero
397 1553 497 1600 uertet:
525 1547 590 1610 „iios
609 1547 721 1612 quotidie
738 1551 831 1608 greties
850 1549 905 1598 Deo
922 1549 953 1600 0.
972 1547 1007 1601 ii.
1025 1553 1137 1616 egimus,
1162 1550 1230 1616 quod
1249 1563 1280 1598 ex
1298 1549 1403 1612 entique
1420 1553 1445 1596 et
1463 1550 1574 1612 equestri
1594 1551 1632 1598 ts·

273 1619 346 1670 milis
362 1621 411 1668 orti
428 1621 517 1684 simus,
535 1633 600 1684 quse
622 1633 653 1668 ex
671 1616 809 1681 privilegiis
826 1625 881 1669 tum
897 1619 1083 1687 Imperatorum,
1103 1625 1156 1670 tum
1174 1630 1326 1670 summorum
1344 1618 1495 1668 Pontificum
1512 1633 1632 1669 eorunm

274 1701 350 1753 snper
367 1688 495 1751 gentilitio
512 1703 558 1739 sue
575 1701 643 1740 nme
660 1693 749 1754 neree
767 1689 800 1740 ob
818 1691 972 1741 deminutum
990 1691 1034 1741 dtu
1051 1693 1213 1753 smsloribus
1235 1691 1326 1740 nostris
1343 1688 1455 1740 bebitum
1472 1691 1633 1754 quorundum

271 1760 383 1812 lucorum
400 1766 426 1810 ct
442 1764 563 1812 terrm
588 1757 676 1820 lteliee
699 1764 724 1808 et
746 1764 815 1810 extre
835 1759 943 1810 ltelism.
980 1759 1090 1822 Comites
1114 1775 1215 1826 queque
1232 1758 1344 1810 Peletini
1367 1760 1416 1808 orti
1437 1762 1540 1810 sumuss‘
1566 1757 1631 1826 (ulio

272 1829 328 1881 loco
347 1832 446 1880 scribit:
464 1831 527 1880 beee
547 1858 575 1870 -
596 1831 754 1881 nativitatem
775 1844 845 1880 suem
864 1857 899 1876 -ι
916 1834 961 1897 qui
978 1831 1104 1910 imploret,
1124 1830 1211 1882 (lomes
1239 1836 1276 1880 est
1294 1829 1411 1889 Alersni,
1435 1831 1479 1894 qui
1498 1829 1559 1880 olim
1577 1830 1631 1880 Lu-

173 1895 181 1910 “
272 1903 348 1952 ιιι1ιι
366 1901 462 1963 primus
480 1901 528 1950 luit
543 1898 686 1964 'theologiae
703 1899 830 1963 professor
846 1901 921 1961 Regis
938 1901 1041 1952 ilenrici
1059 1903 1101 1950 iv.
1128 1904 1222 1968 quique
1251 1899 1331 1950 multe
1355 1913 1400 1962 pro
1427 1898 1558 1966 republice
1574 1915 1631 1962 ges-

176 1969 178 1984 '
272 1973 322 2031 sii),
347 1985 418 2032 „oum
437 1969 612 2032 sigismundus
629 1972 767 2033 imperetur
789 1973 868 2021 totius
885 1977 985 2022 nostroe
1008 1969 1122 2021 semiliee
1146 1970 1273 2034 legitimos
1298 1970 1474 2022 descendentes
1498 1971 1525 2020 in
1542 1985 1631 2036 perpe·

272 2046 344 2090 tuum
361 2041 506 2104 hujusmodi
524 2041 599 2094 titulo
617 2043 781 2093 iecoreeerit.
816 2042 867 2093 Sed
884 2047 910 2092 et
927 2040 1016 2093 Οιιιιι
1028 2042 1132 2092 Alereni
1150 2055 1195 2104 ego
1214 2046 1281 2094 idem
1300 2056 1355 2092 eum
1373 2055 1405 2090 ex
1421 2043 1572 2090 investitum.
1583 2039 1631 2092 Os·

272 2111 320 2160 roli
338 2112 382 2164 IV.
419 2111 519 2162 Perrexi
536 2113 564 2162 iu
582 2111 691 2164 Gelliem
718 2117 744 2160 et
759 2125 830 2164 eune
843 2110 886 2166 ’21
907 2114 999 2164 eetetis
1016 2113 1102 2164 meee“
1122 2109 1219 2178 (ustum
1243 2125 1269 2160 ee
1286 2113 1362 2163 rstert
1384 2107 1425 2162 ii.
1444 2109 1542 2162 Martie
1563 2109 1630 2168 1583

272 2182 395 2242 venetiis)
415 2182 583 2244 „theologiam
602 2183 705 2232 Periclis
728 2182 828 2245 publice
846 2185 972 2246 professus
990 2198 1056 2232 sum:
1083 2197 1134 2234 uon
1153 2189 1272 2248 quaestup
1297 2197 1349 2232 uon
1366 2177 1561 2246 largitionibus,
1579 2197 1629 2232 uon

275 2265 319 2314 spe
336 2249 444 2315 alicujus
462 2255 506 2319 roi,
526 2252 570 2301 sed
588 2251 643 2303 sole
660 2249 844 2302 odolescentiee
863 2258 940 2319 etque
958 2253 1021 2303 edeo
1040 2254 1149 2304 neminie
1161 2251 1247 2316 glorie.
1277 2251 1337 2303 Mox
1352 2266 1369 2300 ι
1382 2251 1451 2313 inge
1463 2251 1573 2302 Henrico
1585 2253 1629 2304 IV.

271 2323 360 2372 unicus
384 2335 443 2372 suus
468 2335 648 2389 supremusque
670 2324 797 2384 professor
818 2321 959 2374 declaratus
986 2328 1011 2373 et
1029 2337 1104 2388 eques
1129 2325 1224 2375 ordinis
1243 2323 1268 2374 S.
1288 2321 1417 2374 blicbeille
1439 2325 1539 2372 ereetus
1567 2323 1629 2377 sium.

274 2391 346 2442 Alius
362 2392 504 2455 principem
522 2389 689 2444 ιι1ιι1ιι1ι1
709 2391 895 2458 celebrioreque
913 2395 1028 2456 Europes
1050 2397 1180 2456 gyummte
1200 2395 1277 2446 odivi.
1313 2391 1385 2444 Nunc
1407 2394 1435 2442 iu
1456 2394 1544 2454 petris
1568 2395 1629 2444 resi·

273 2461 319 2512 deo
346 2463 381 2512 eb
398 2465 468 2514 omni
485 2461 589 2526 publice
606 2478 666 2514 cure
683 2469 709 2512 et
726 2465 758 2513 eb
777 2465 846 2514 omni
862 2479 943 2519 rerum
960 2465 1128 2515 nnmerum
1144 2466 1282 2518 ambitione
1293 2462 1399 2530 eliseus,
1417 2464 1530 2515 intentus
1548 2463 1628 2516 solum

273 2534 298 2581 iu
316 2534 378 2582 mele
397 2533 501 2599 studiis,
525 2547 570 2596 pro
588 2535 681 2600 quibus
699 2539 784 2584 cetere·
799 2549 895 2597 semper
913 2540 1060 2598 aspernetur
1078 2549 1141 2586 sum.
1177 2535 1313 2600 Existimo,
1337 2549 1400 2600 queo
1418 2534 1549 2601 hueusque
1569 2534 1627 2600 dini,
1736 2541 1737 2564 l

272 2603 394 2653 lienteum
420 2603 472 2654 lore
489 2618 534 2666 pro
553 2608 599 2653 tue
617 2604 647 2653 de
665 2619 705 2654 me
722 2606 830 2669 notitie;
855 2619 915 2654 nem
933 2608 956 2654 si
974 2603 1074 2667 lougius
1091 2605 1262 2670 procederem,
1280 2605 1418 2654 modestiae
1434 2605 1497 2652 dues
1516 2605 1628 2655 tomis

273 2673 424 2722 excederem.
461 2673 530 2723 Scies
549 2687 605 2735 ergo
623 2675 650 2722 in
667 2677 808 2738 posterum,
832 2689 888 2724 cnm
907 2689 957 2741 quo
975 2679 1003 2724 tn
1014 2681 1073 2726 'rem
1090 2689 1174 2738 geres3
1196 2689 1277 2740 neque
1299 2676 1365 2724 enim
1382 2674 1404 2722 is
1432 2675 1470 2724 est
1486 2673 1563 2726 bomo
1584 2677 1628 2725 eb·

273 2755 360 2792 scums
379 2747 404 2793 et
421 2745 564 2806 gregorius,
591 2743 635 2793 sed
652 2741 734 2794 nobili
751 2757 840 2804 genere
856 2751 932 2796 uetus
950 2751 975 2795 et
992 2746 1098 2796 unsmm
1115 2743 1205 2795 Iteliee
1223 2747 1413 2808 preecipusrum
1431 2744 1564 2794 civitatum
1582 2759 1628 2810 pe-

272 2813 384 2862 triciue“.
420 2813 512 2863 lisdem
525 2811 738 2876 eppelletiouibue
756 2829 783 2864 se
802 2817 872 2866 elteri
889 2815 1016 2869 Bieuebue
1033 2818 1060 2865 iu
1078 2817 1284 2880 inscriptionibus
1301 2811 1443 2865 libellorum
1461 2816 1627 2882 quorumdem,

274 2895 337 2948 quos
356 2882 444 2947 edidit,
462 2885 489 2932 iu
508 2894 612 2947 quorum
631 2883 717 2948 elique
737 2885 857 2948 originem
875 2899 901 2935 se
919 2887 1015 2936 trebure
1033 2885 1154 2948 glorietur
1171 2887 1272 2949 estirpe
1287 2883 1487 2936 comneniorum.
1518 2881 1628 2949 Olcogus

272 2950 348 3012 (delle
365 2955 510 3004 iueerinioui
527 2955 678 3014 Venetieuel
696 2954 815 3017 eidrmet,
833 2958 992 3022 testimonie,
1011 2959 1075 3022 quet
1093 2955 1219 3006 Blencbus
1237 2955 1362 3018 ettulsrit,
1379 2955 1413 3004 ed
1431 2957 1627 3006 contruendam

272 3025 370 3085 generis
389 3020 429 3074 sul
448 3025 605 3087 dignitetem
625 3023 692 3074 ielse
709 3039 762 3076 esee
781 3039 886 3090 eumque
905 3027 1020 3086 designet
1036 3027 1162 3078 bominem
1180 3039 1272 3078 renum
1296 3031 1320 3078 et
1337 3023 1509 3090 veniloquum.
1547 3023 1627 3090 Argu-
1735 3061 1736 3070 r

271 3098 370 3157 mente,
395 3095 491 3162 inquii,
516 3095 631 3144 Venetiis
650 3099 747 3144 exstere
765 3097 921 3160 firmissime,
947 3101 1027 3148 ortum
1045 3111 1118 3148 suum
1134 3097 1232 3148 trabere
1256 3093 1386 3146 eiemilie
1403 3093 1502 3146 Veneto
1519 3095 1628 3165 plebeis,
1735 3107 1736 3121 ¹

271 3167 297 3215 et
312 3169 383 3228 petre
400 3177 475 3215 usum
492 3179 545 3214 esse
564 3165 660 3227 scribe,
679 3167 779 3236 numine
798 3165 891 3216 Aleise.

361 3249 484 3316 Keplerus
504 3249 593 3314 literis,
612 3251 679 3302 detis
696 3251 779 3316 Lincii
796 3249 850 3302 uei
868 3251 930 3304 Dec.
948 3249 1026 3317 1618,
1044 3252 1155 3306 Blencbe
1167 3255 1234 3318 typis
1251 3253 1414 3304 Harmoniam
1427 3268 1547 3306 excusum
1563 3270 1627 3306 uuu-

272 3333 335 3384 oisn
357 3323 393 3385 In
417 3323 588 3401 AstrologIe
619 3340 678 3384 nou
709 3340 839 3401 egnomo
864 3327 1008 3403 gencium
1033 3325 1105 3387 boni
1136 3333 1167 3388 et
1193 3323 1264 3386 meli
1294 3325 1488 3404 differentieep
1521 3327 1629 3390 suffieit

274 3419 414 3492 espectrn
435 3412 478 3473 sic
500 3409 694 3488 discurrere,
723 3418 757 3472 nt
779 3410 857 3473 elios
879 3411 939 3473 elio
955 3421 1119 3492 'superetur
1145 3415 1177 3474 in
1199 3413 1345 3488 effluere,
1373 3414 1412 3475 eb
1432 3413 1485 3475 illo
1506 3415 1627 3491 scilicet,
1734 3483 1735 3494 χ

274 3503 325 3582 qui
348 3499 446 3580 plures
467 3498 558 3559 hebet
569 3501 792 3577 praerogatiuae
814 3500 845 3557 iu
863 3497 1145 3563 demonstrabilitete
1160 3507 1189 3563 et
1205 3501 1394 3581 congruentis
1407 3499 1520 3582 iiguree
1536 3521 1627 3580 suee3

274 3590 311 3652 de
336 3587 443 3668 quibus
466 3586 553 3648 rebus
576 3601 634 3663 ego
657 3585 732 3647 libro
754 3585 807 3649 IV.
829 3583 1087 3665 Hermoniconrin,
1119 3591 1169 3668 qui
1192 3605 1270 3652 nuno
1296 3606 1420 3652 excusus
1443 3595 1505 3666 est;
1537 3593 1568 3652 iu
1590 3591 1627 3651 ii·

272 3680 326 3740 bro
349 3677 388 3736 V.
417 3672 500 3735 terde
530 3672 756 3751 progrediuntur
783 3692 899 3752 operes.
945 3676 1056 3757 Accipe
1086 3678 1135 3740 bic
1161 3680 1286 3756 primum
1309 3677 1373 3755 ejus
1405 3676 1508 3740 lolium
1540 3679 1627 3758 idque

272 3783 338 3828 com
361 3760 531 3840 bibliopolis
558 3759 598 3821 ed
623 3762 742 3839 publice
773 3761 984 3825 ostendendum
1013 3768 1208 3841 communico,
1243 3781 1399 3844 meumque
1427 3765 1485 3826 boc
1506 3783 1626 3846 opernm
1733 3825 1734 3836 2

271 3855 330 3915 Dei
353 3851 542 3932 praeconium
566 3845 685 3928 edjuee,
708 3856 742 3910 ut
764 3851 943 3930 exemplario
966 3871 1053 3930 quem
1067 3857 1190 3932 primum
1207 3853 1455 3916 communicentur
1476 3869 1544 3915 eum
1558 3855 1626 3934 plu·
1733 3845 1734 3894 l

272 3943 354 4003 ribus
379 3939 502 4018 diguis-
530 3933 683 3998 'lbedetur'
696 3942 790 4000 totum
819 3955 894 4018 opus
916 3939 1096 4019 bibliopolae
1118 3937 1373 4004 Freneoiordieusi
1398 3939 1625 4022 distrahiturque

276 4032 352 4092 iuter
372 4023 570 4104 bibliopolas,
593 4027 643 4102 qui
664 4031 769 4103 poetes
790 4029 886 4104 pretie
907 4029 936 4088 iu
960 4029 1134 4092 immensum
1155 4030 1325 4106 intenduut3
1356 4031 1398 4090 ite
1418 4027 1452 4089 fit
1475 4035 1510 4090 ut
1531 4033 1626 4092 minus

275 4118 410 4194 frequens
432 4117 472 4174 eii
493 4112 558 4190 ejus
579 4111 684 4188 lectio,
708 4116 817 4193 quippe
838 4114 999 4179 lubentibus
1020 4119 1050 4178 iu
1072 4118 1201 4180 tebernie
1224 4117 1438 4196 exemplaribus
1459 4134 1514 4195 spe
1536 4118 1624 4195 lncrl3

272 4219 368 4279 neque
391 4217 446 4279 ego
471 4201 627 4264 connivere
649 4209 837 4280 persumet
858 4203 1033 4292 ¹recudentnr
1055 4207 1087 4266 iu
1101 4206 1198 4284 Italis,
1221 4223 1279 4266 nou
1294 4205 1452 4267 divenditis
1474 4207 1520 4278 lis,
1545 4225 1619 4286 quse

177 4354 183 4364 „
235 4323 241 4337 ·
277 4295 393 4352 exstent
413 4289 444 4348 in
467 4286 634 4366 Germanic,
656 4290 713 4350 nisi
735 4307 782 4352 me
804 4289 903 4368 ipsum
922 4291 1080 4369 impensis,
1103 4312 1177 4371 quas
1200 4311 1322 4370 magnes
1345 4294 1487 4367 sustineo,
1509 4297 1624 4372 ptinere

274 4376 374 4439 velim.
418 4375 598 4452 Praestent,
624 4377 689 4455 jem
710 4379 811 4440 stetim
832 4395 885 4455 per
905 4387 1080 4444 mercatores
1109 4383 1140 4440 iu
1163 4381 1233 4443 ιι1ι
1255 4381 1402 4444 (leoseree
1424 4379 1547 4444 Itelioos
1569 4383 1624 4446 ell-

275 4479 362 4544 quem
395 4479 547 4524 nnmerum
573 4466 605 4526 in
628 4463 746 4527 ltuliem
773 4469 982 4544 treueporteri,
1014 4469 1210 4532 intercedente
1235 4476 1389 4548 praesente
1417 4470 1545 4547 pecunie
1574 4475 1624 4532 sut
1731 4521 1732 4530 ,

274 4553 433 4634 sponsione
454 4549 568 4613 idonee.

360 4635 484 4702 Videbis
514 4637 567 4700 illo
596 4637 673 4718 libro
693 4637 746 4702 IV.
774 4637 993 4724 biudementum
1022 4642 1215 4706 directionum
1242 4642 1376 4706 uetursle
1409 4660 1444 4703 ex
1467 4659 1534 4704 mee
1557 4659 1622 4706 seu·

275 4729 375 4804 tentis,
399 4745 436 4790 ex
458 4743 517 4816 quo
538 4727 669 4786 neecbur
691 4727 795 4790 modos
817 4726 961 4809 dirigendi
982 4731 1090 4794 mixtus
1116 4751 1152 4796 er
1175 4733 1311 4794 omuibus
1333 4731 1474 4808 becteues
1496 4729 1621 4794 uelutis.

275 4815 314 4876 Et
335 4817 405 4893 quie
425 4817 458 4875 in
478 4813 556 4876 bunc
576 4815 755 4878 mentionem
775 4817 881 4894 muel,
902 4818 986 4882 lubet
1006 4820 1167 4900 perieulum
1188 4820 1285 4884 iecere
1306 4815 1524 4900 promtitudiuis
1546 4826 1621 4897 ιιιι,
1730 4871 1731 4892 r
