3732 5528
750 325 834 381 Liber
849 326 898 382 [ll.
919 327 1007 398 Caput
1024 330 1083 384 XV.
1520 343 1584 402 toa

234 503 294 544 curn
313 489 430 560 sphaera
449 492 535 549 solida
553 495 596 550 vel
614 497 693 566 quasi
710 498 785 553 nulla
803 500 852 571 sit,
878 502 954 557 nulla
979 503 1061 573 igitur
1078 521 1143 574 pars
1162 508 1327 564 circuitionis
1344 515 1399 579 est,
1427 527 1509 580 quarn
1526 511 1584 582 pla-
1623 545 1627 556 ι

234 574 298 622 neta
315 568 442 627 conficiat
459 573 553 627 eadem
572 575 712 630 celeritate
730 593 791 632 cnm
808 578 870 650 alia,
889 589 1080 651 praeterquam
1098 586 1126 641 iu
1143 587 1213 643 binis
1232 589 1383 660 aequaliter
1400 591 1435 648 ab
1454 607 1576 661 apogaeo
1643 661 1645 666 ¹

233 643 350 700 remotis.

320 723 504 798 Quaecunque
530 738 621 788 tamen
645 735 681 788 sit
708 739 849 806 proportio
874 748 995 799 motuum
1013 743 1163 800 mediorum
1181 747 1209 800 iri
1235 747 1330 817 primis
1349 749 1473 820 sphaeris
1491 749 1581 805 Ptole-

233 803 316 872 maei,
345 819 449 860 canon
468 807 548 864 alitor
574 812 735 880 exprimitur
752 833 769 872 a
787 820 906 874 numeris
924 820 1028 878 dierum
1054 825 1216 895 periodicis,
1245 828 1296 882 nisi
1315 833 1450 898 qnatenus
1469 834 1583 903 apparet

233 888 322 936 motus
341 881 391 936 snb
409 883 527 940 zodiaco.
563 889 625 944 Non
647 901 689 946 est
707 893 790 962 igitur
808 897 835 950 iu
853 897 896 952 his
919 903 1037 957 numeris
1060 904 1201 973 proportio
1219 921 1298 962 verae
1316 906 1466 962 velocitatis
1485 907 1582 977 sphae-

232 975 323 1014 rarum
339 959 466 1032 ipsarum,
488 967 536 1021 sed
555 968 650 1024 saltem
669 976 829 1041 apparentia
847 977 897 1032 sub
916 979 995 1048 fixis;
1014 989 1148 1038 ettamen
1167 984 1236 1039 baec
1253 985 1313 1054 ipss
1330 986 1490 1056 apparentia
1506 986 1583 1044 nulla

233 1045 289 1108 est,
317 1057 376 1095 cum
396 1045 529 1112 sphaerae
547 1046 611 1104 illae
629 1050 827 1124 Ptolemaicas,
856 1064 887 1112 ιιι
904 1075 982 1114 verus
1002 1066 1030 1114 et
1055 1063 1142 1118 reales
1161 1079 1312 1134 ponamus,
1339 1067 1500 1136 perspicuae
1519 1065 1582 1132 sint,

232 1119 339 1174 minime
358 1137 420 1178 vero
440 1137 612 1195 apparentes.
639 1131 736 1186 Restat
754 1141 784 1188 ut
803 1133 931 1205 dicamus,
951 1141 1142 1208 proportiones
1160 1143 1227 1198 istas
1246 1143 1349 1200 nullius
1368 1160 1429 1200 esse
1446 1145 1486 1200 rei
1504 1159 1581 1214 prae·

231 1203 354 1267 terquam
373 1205 516 1272 temporis,
535 1216 562 1261 et
580 1210 618 1264 sic
637 1213 813 1269 terminorum
832 1232 905 1272 mere
923 1219 1091 1275 mentalium.
1128 1223 1220 1290 Atque
1239 1237 1289 1293 epo
1309 1223 1492 1279 demonstravi
1509 1221 1580 1278 libro
1627 1275 1632 1296 ,

231 1290 291 1330 meo
310 1277 340 1330 V.
360 1295 418 1349 cap.
438 1285 462 1348 d,
482 1283 569 1340 iubis
588 1293 809 1360 proportionibus
828 1296 916 1352 nullas
935 1314 1077 1355 occurrere
1095 1304 1217 1371 pert'ecte
1235 1302 1415 1360 harmonicas.

315 1371 389 1429 Nota
406 1375 466 1432 Vll.
502 1381 581 1450 Quod
593 1391 649 1441 tres
665 1385 807 1446 distinctae
822 1393 955 1462 sphaerae
968 1396 1042 1463 apud
1054 1397 1242 1454 Ptolemaeum
1258 1414 1339 1454 urnam
1358 1406 1386 1453 et
1404 1397 1517 1454 eudem
1535 1415 1581 1468 pe·

231 1446 336 1504 modum
354 1453 456 1512 hahent
473 1465 677 1536 temporariam,
705 1468 759 1525 hoc
783 1487 866 1526 ιιιιιιι
886 1480 929 1527 ιιι
951 1489 986 1528 ιιι
1003 1476 1128 1538 maximis
1155 1477 1368 1534 absurditatibus
1398 1479 1581 1534 astronomiae

231 1529 339 1594 velerit,
356 1533 400 1588 vel
418 1535 478 1605 ipso
497 1541 644 1600 Aristotele
662 1554 745 1618 teste,
773 1552 820 1621 qui
842 1553 993 1621 analogiam
1016 1553 1190 1610 desiderabat
1211 1557 1284 1611 inter
1305 1564 1430 1626 tempora
1447 1565 1475 1612 et
1493 1557 1580 1612 orbes.

231 1607 359 1676 ignoscat
375 1615 467 1684 itaque
485 1619 550 1674 mibi
568 1622 667 1695 lector,
696 1627 719 1680 si
737 1628 830 1684 uideor
847 1631 900 1700 ipsi
919 1631 999 1686 etiarn
1017 1632 1174 1690 Ptolemaeo
1193 1636 1245 1690 vim
1263 1636 1377 1704 fecisse,
1400 1633 1581 1706 comprobans

231 1687 306 1744 velut
323 1707 357 1745 ex
376 1693 435 1762 ejus
453 1707 543 1755 mente
571 1709 598 1757 et
615 1704 650 1759 ad
668 1707 845 1778 archetypum
863 1713 995 1767 musicum
1014 1713 1231 1784 accommodans,
1250 1715 1278 1770 id
1296 1715 1370 1785 qnod
1388 1714 1506 1772 fortasse
1517 1713 1581 1770 Pto·

161 1775 168 1784 ·
232 1765 352 1825 lemaens
369 1773 428 1841 ipse
446 1775 619 1838 incusaverat
636 1793 666 1839 ut
684 1803 739 1842 non
756 1799 831 1846 recte
850 1793 954 1848 babens
980 1801 1008 1848 et
1028 1811 1044 1848 a
1061 1801 1160 1849 natura
1177 1794 1312 1865 alienum,
1339 1802 1422 1864 atque
1439 1794 1493 1849 hoc
1510 1793 1581 1848 iuter

233 1863 329 1904 causas
346 1850 416 1906 forte
435 1857 540 1928 retulit,
563 1877 612 1916 cnr
630 1863 681 1920 boc
699 1875 781 1935 caput
799 1870 987 1937 imperfectum
1004 1873 1178 1944 relinqueret.
1213 1876 1310 1943 Neque
1327 1883 1418 1930 tamen
1436 1873 1506 1932 bens
1524 1880 1579 1928 tec·

231 1933 275 1982 tua
294 1935 336 1984 est
348 1947 456 1990 naevus
473 1935 527 1992 iste
545 1944 727 2000 astronomiae
745 1948 844 2004 veteris
863 1965 880 2003 a
897 1965 957 2005 mea
973 1951 1195 2023 monstratione,
1213 1961 1244 2010 ιιι
1262 1971 1332 2022 quae
1350 1954 1461 2010 decolor
1478 1960 1506 2008 et
1523 1961 1579 2008 tur·

175 1997 183 2023 ⁸
230 2006 273 2076 pis
291 2015 334 2062 est
353 2027 382 2066 se
399 2013 467 2083 ipsa.
484 2018 572 2076 Pam
600 2022 665 2090 qnid
692 2025 834 2080 diuersitas
861 2030 1013 2084 tensionum
1040 2031 1074 2086 ad
1102 2041 1221 2102 systema
1244 2033 1376 2088 musicum
1403 2032 1579 2103 perlectum?

230 2087 327 2143 Nonne
344 2089 385 2144 vel
404 2094 485 2150 unica
502 2098 592 2165 potuit
610 2116 670 2156 esse
684 2105 801 2162 omnium
815 2107 976 2166 chordarum
995 2111 1092 2181 tensio,
1111 2113 1229 2168 omnium
1242 2113 1347 2170 scilicet
1365 2113 1487 2182 ejusdem
1506 2130 1578 2168 cras·

231 2165 314 2234 sitici,
342 2171 384 2224 vel
403 2173 568 2244 singularum
587 2195 674 2248 aeque
692 2182 832 2252 longarum
851 2189 989 2244 tensiones
1008 2190 1152 2258 singulae?
1186 2191 1261 2246 Bene
1280 2191 1476 2262 igiturhabet,
1504 2192 1578 2262 quod
1622 2233 1627 2243 ·

230 2263 263 2300 ex
280 2251 544 2388 ¹5b⁰⁸l⁰⁰m¹ss³l¹³fi⁸
562 2258 648 2314 altera
666 2262 785 2333 quidem,
811 2281 845 2320 ex
863 2268 980 2338 musica,
998 2285 1072 2324 mere
1090 2276 1133 2324 est
1150 2268 1302 2340 arbitraria,
1321 2270 1422 2339 altera,
1440 2286 1476 2326 ex
1493 2279 1578 2328 astro·
1601 2319 1606 2344 ,

228 2343 327 2400 nemra,
345 2347 425 2399 pane
455 2349 521 2394 asa.

314 2425 388 2482 Nota
404 2429 477 2484 VllI.
514 2431 566 2488 llio
583 2435 770 2508 Ptolemaeus,
789 2440 862 2508 quod
881 2448 946 2498 nota
967 2446 990 2498 1.
1009 2444 1044 2500 sd
1068 2453 1151 2513 caput
1171 2448 1211 2502 tr.
1230 2445 1300 2517 dixi,
1324 2447 1453 2504 lectorem
1481 2449 1517 2504 ad
1544 2447 1576 2502 li·

161 2537 167 2560 ι
229 2504 301 2559 mina
318 2509 497 2576 penetralium
515 2519 628 2568 naturae
646 2516 774 2588 adduxit,
799 2520 859 2587 ipse
877 2537 932 2576 nou
948 2522 1089 2592 ingressus
1107 2531 1159 2580 est.
1195 2526 1288 2582 Motus
1306 2535 1354 2584 ant
1371 2527 1579 2584 considerautur

229 2591 258 2638 ut
277 2585 433 2656 aequabiles
453 2598 480 2642 et
497 2589 536 2644 sic
554 2601 714 2662 competupt
730 2596 757 2650 iu
777 2599 908 2668 sphaeras
926 2604 1075 2658 secuudum
1093 2604 1292 2674 Ptolemaeum,
1311 2613 1372 2674 aut,
1392 2613 1424 2662 ut
1441 2613 1518 2674 sunt,
1536 2606 1576 2661 iu·

228 2663 383 2732 aequabiles
402 2668 486 2722 etsie
504 2678 662 2739 competunt
679 2675 707 2730 in
725 2678 819 2736 stellas
837 2681 911 2749 ipsas
929 2688 1028 2738 motas.
1065 2683 1168 2751 Quodsi
1186 2682 1282 2740 stallae
1300 2683 1521 2752 considerantur,
1546 2689 1577 2739 ut

228 2755 277 2794 eae
293 2741 421 2800 videntur
437 2747 617 2816 inaequaliter
634 2756 743 2824 moveri,
761 2767 835 2813 certe
847 2758 875 2813 id
893 2776 947 2814 non
965 2767 1071 2815 tantum
1089 2761 1195 2820 ratione
1208 2763 1352 2819 eocentrici
1368 2764 1409 2827 fit,
1428 2764 1576 2820 sedetiam

228 2828 255 2876 et
272 2822 358 2878 multo
386 2827 501 2882 maxime
528 2831 634 2886 radone
661 2835 929 2904 spicyclorumslm
951 2841 979 2895 in
1002 2842 1169 2896 astronomia
1186 2842 1334 2897 Ptolemaei
1352 2842 1576 2912 inaequalitatum

226 2902 369 2956 eceentrici
387 2913 514 2974 separata
538 2913 704 2979 comparatio
722 2913 797 2970 nulla
819 2925 912 2986 potest
929 2919 1033 2976 institui
1051 2935 1112 2975 com
1131 2920 1297 2990 harmoniis,
1326 2921 1391 2991 quia
1407 2919 1495 2977 latent
1512 2921 1576 2977 illae

225 2979 344 3036 minores
369 2995 532 3055 apparentes
555 2991 763 3060 inaequalitates
787 2996 815 3049 in
838 2997 881 3052 his
900 2992 1057 3067 majoribus.
1094 3000 1145 3054 Hic
1162 2999 1244 3067 igitur
1261 3015 1374 3056 necesse
1391 2999 1443 3056 ibit
1459 2999 1576 3056 deficere

226 3067 341 3115 conatus
360 3063 482 3130 egregios
500 3066 657 3138 Ptolemaei,
676 3075 832 3139 quaerentis
850 3076 939 3147 ipsum
958 3079 1103 3145 genuinum
1122 3078 1299 3148 archetypum
1317 3079 1501 3134 exornationis
1519 3095 1575 3135 mo·

226 3145 315 3210 tuum;
334 3157 418 3210 qnare
437 3146 586 3215 perscripto
604 3147 782 3223 problemate,
810 3155 960 3226 desperans
979 3159 1096 3228 exitum,
1115 3173 1169 3229 qua
1186 3159 1230 3212 sia
1246 3159 1394 3228 inceperat,
1413 3175 1522 3214 manum
1541 3159 1574 3214 de

225 3217 320 3273 tabula
339 3221 488 3279 sustulisse
501 3234 528 3280 et
546 3228 671 3284 lacunam
689 3231 833 3302 reliquisse
851 3236 965 3292 videtur.
1506 3317 1513 3328 ,

312 3297 545 3366 Quemadmodum
563 3322 626 3361 vero
644 3308 712 3365 alias
730 3312 757 3364 in
776 3316 941 3370 astronomia
966 3315 1082 3384 eclipses
1101 3315 1173 3372 Solis
1191 3321 1220 3370 et
1237 3316 1332 3370 Lunae
1350 3333 1404 3372 non
1423 3326 1487 3373 sunt
1504 3324 1575 3373 mter

225 3377 296 3431 ntala
312 3381 494 3448 reputandae,
513 3385 576 3453 quia
593 3385 683 3441 lumen
702 3389 765 3445 illae
783 3392 941 3460 praeierunt
958 3393 993 3446 ad
1012 3392 1168 3448 discendam
1187 3394 1338 3460 doctrinam
1356 3403 1477 3452 motuum
1496 3411 1574 3466 prae·
1610 3463 1612 3470 Ι

226 3456 419 3513 stantissimem
444 3462 514 3532 (ride
539 3481 614 3520 meae
632 3465 694 3536 Opt.
713 3469 786 3524 Astr.
806 3469 928 3537 Partem,
947 3470 1012 3526 solio
1030 3471 1047 3525 3
1066 3474 1127 3526 ιιι
1150 3471 1195 3542 [11.
1218 3473 1311 3544 128.]),
1339 3474 1378 3529 sie
1396 3475 1477 3529 etiam
1496 3481 1573 3542 puto,

226 3531 316 3588 divina
332 3538 502 3605 providentia
519 3544 630 3613 facttum,
650 3555 681 3600 ut
698 3547 743 3603 hic
761 3549 820 3616 ipse
838 3548 960 3606 deiectus
979 3557 1071 3604 textus
1089 3549 1248 3606 Ptolemaici
1260 3549 1349 3606 ‘inerit
1365 3551 1453 3617 utilis,
1471 3559 1503 3605 ut
1520 3550 1573 3640 lec·

225 3619 276 3680 tor,
296 3613 342 3668 ubi
359 3633 376 3671 a
394 3619 526 3688 scriptore
538 3622 693 3680 Ptolemaeo
712 3627 859 3695 perductus
877 3627 962 3684 ιιιιιιι
979 3627 1014 3682 ad
1026 3628 1116 3682 locum
1136 3631 1220 3686 totius
1233 3631 1366 3686 humanae
1384 3627 1574 3722 philosophiae
1623 3711 1631 3714 -

224 3691 419 3752 nobilissimum
437 3707 465 3752 et
482 3701 632 3770 maiestatis
652 3704 757 3760 ιιίιιιιι
775 3722 890 3762 corusco
903 3707 1007 3776 iulpore
1019 3706 1203 3764 venerandum
1217 3708 1330 3778 jamque
1347 3709 1455 3764 inhians
1467 3716 1571 3800 ⁸myste-

224 3772 272 3828 riis
292 3773 395 3830 eminuc
412 3778 619 3852 animadversis,
647 3784 755 3839 adnce
778 3786 831 3841 hoc
854 3803 904 3842 suo
930 3793 1089 3842 contextum
1112 3787 1288 3858 abrumpente
1313 3789 1448 3858 etiamque
1466 3805 1494 3844 ιιι
1512 3803 1572 3844 meo
1620 3863 1621 3866 Ἴ

224 3851 277 3906 ιιι
294 3854 482 3924 supplemento
505 3861 594 3918 locum
620 3864 765 3932 genuinum
783 3866 864 3922 unico
882 3867 953 3922 saltn
973 3868 1187 3938 manumittente,
1210 3868 1293 3924 fuerit
1311 3868 1470 3960 destitutus:
1494 3875 1572 3922 tauto

222 3933 398 4000 postmodum
416 3937 534 4007 aridium,
563 3943 636 4009 quod
654 3959 734 4012 spero
753 3945 890 4012 futurum,
917 3947 989 4002 sitim
1007 3961 1083 4002 snam
1101 3947 1129 4002 in
1148 3948 1217 4002 scria
1235 3948 1318 4017 hujus
1335 3947 1494 4003 harmoniae
1511 3963 1572 4040 coa·

220 4011 300 4066 lestis
320 4014 484 4086 rationibus,
512 4036 589 4075 ame
607 4021 677 4077 libro
695 4025 726 4078 V.
753 4023 871 4093 traditis,
898 4024 1022 4095 expleam
1041 4023 1212 4100 ¹ridensque,
1240 4033 1358 4084 veterem
1380 4034 1571 4118 asuouomtam

222 4092 337 4148 haerere
353 4095 520 4168 perplexam,
539 4101 586 4156 ubi
597 4101 640 4156 sel
657 4105 773 4160 maxime
790 4104 947 4173 loquentem
962 4105 1075 4176 optabat
1091 4105 1195 4174 audire,
1213 4112 1290 4162 tanto
1302 4114 1330 4161 et
1342 4105 1464 4174 aequiori
1482 4121 1571 4162 animo

130 4219 135 4234 ,
224 4171 373 4240 perlectam
392 4176 535 4246 Gopernici
557 4181 721 4247 doctrinam,
747 4184 868 4254 quamvis
896 4195 986 4240 motus
1005 4183 1121 4240 Telluris
1146 4186 1316 4242 absurditate
1341 4183 1478 4240 borridum
1495 4187 1569 4242 inex-

223 4251 319 4322 pertis,
335 4252 363 4308 in
381 4256 538 4313 cathedram
557 4263 704 4317 ascendere
722 4265 842 4333 patiatur
859 4273 887 4322 et
905 4264 1094 4321 attentioribus
1119 4265 1231 4322 auribus
1249 4264 1284 4320 de
1302 4265 1446 4319 creationis
1464 4277 1570 4320 arcanus

224 4329 406 4400 disputantem
424 4337 526 4394 audiat.
1530 4423 1537 4436 ·

309 4411 395 4480 Igitur
412 4415 557 4472 eliminatis
583 4418 626 4475 his
643 4419 746 4476 'fictitiis
772 4421 899 4491 epicyclis
918 4439 980 4477 cnm
1004 4423 1127 4479 omnibus
1145 4423 1292 4480 stationum
1311 4430 1339 4478 at
1356 4423 1567 4491 retrogradatio·

224 4504 287 4542 nuru
309 4491 515 4566 phantasmatis,
534 4497 622 4553 visum
640 4499 846 4568 decipientibus,
870 4507 898 4554 et
915 4501 1049 4556 restitutis
1065 4519 1139 4564 suas¹
1155 4502 1323 4572 simplicitati
1340 4501 1457 4556 mctssrus
1475 4502 1569 4592 plane·

223 4573 312 4626 tarum
329 4572 454 4643 propriis,
472 4583 503 4630 ut
521 4575 540 4630 ii
558 4584 748 4646 spectarentur
764 4593 799 4633 ex
811 4579 887 4634 Sole:
906 4580 929 4634 si
947 4579 987 4634 sic
1004 4579 1188 4636 murnianus
1200 4585 1289 4635 motus
1307 4579 1568 4674 planetaromdtur-

222 4662 272 4702 nos
297 4648 348 4704 sub
370 4652 495 4723 zodiaco,
518 4656 702 4712 velocissimos
725 4657 753 4712 in
778 4656 931 4726 periboliis,
955 4657 1123 4714 tardissimos
1147 4661 1177 4715 in
1195 4659 1309 4730 apheliis
1327 4661 1396 4752 suis,
1423 4667 1513 4718 statura
1533 4675 1568 4715 ex

222 4729 255 4784 iis
273 4740 390 4800 apparet
406 4748 491 4788 novus
508 4737 543 4792 ab
561 4736 667 4805 integro
685 4738 770 4792 totius
787 4736 956 4792 harmonicus
973 4737 1041 4791 ordo
1059 4743 1086 4792 et
1103 4739 1305 4809 imitamentum,
1323 4756 1356 4796 ac
1373 4756 1397 4794 st
1414 4741 1494 4795 homo
1512 4755 1567 4795 nou

224 4824 258 4866 ex
276 4824 308 4864 se
323 4810 384 4883 ipso
403 4827 492 4886 exque
508 4813 639 4875 instinctu
655 4816 771 4874 naturali
790 4815 929 4876 didicisset
946 4816 1083 4890 nusimn,
1103 4817 1151 4875 sed
1168 4817 1251 4893 plane
1261 4819 1349 4882 Deum
1366 4819 1456 4896 ipsum
1473 4826 1502 4880 et
1519 4835 1567 4880 au·
