3676 5536
764 367 845 426 biber
863 367 909 422 lv.
933 367 1021 439 caput
1037 369 1097 426 vn
1249 343 1252 354 Ι
1352 341 1354 346 ⁸
1512 371 1573 432 asi

228 548 332 606 mentis
356 547 535 622 astrologiae
557 547 728 607 certioribus
750 547 875 608 subinde
897 545 946 607 val
976 547 1125 622 praefatus
1148 547 1194 606 vel
1220 547 1370 608 interfatur
1393 565 1471 623 sum,
1503 563 1576 608 eon-

229 633 306 692 sulto
329 641 490 709 praetereo,
515 642 547 692 ut
570 652 646 710 quae
670 652 726 692 non
750 635 933 712 latesparsa
956 641 1031 693 sunt

314 721 387 780 tium
410 732 509 781 autem
533 723 726 782 celeberrimis
749 721 896 782 nonnullis
918 722 1122 798 philosophiae
1137 729 1167 780 et
1181 720 1340 782 medicinas
1362 723 1576 800 professoribus

228 812 308 867 visus
332 810 385 866 sim
409 825 516 868 novam
538 809 755 886 philosophiam
772 809 896 869 condere
911 827 1035 891 eamque
1051 811 1240 883 verissimam,
1263 813 1341 870 omni
1357 829 1426 871 crura
1438 809 1576 886 ,fovenda

228 903 256 956 et
286 894 436 955 educanda
470 906 514 955 cst
545 896 653 958 tenella
679 896 824 973 plantula,
859 905 891 956 ut
919 906 987 955 snm
1016 913 1095 960 nova
1117 899 1229 972 omnia,
1265 907 1297 957 ut
1318 898 1430 959 radices
1453 904 1524 973 agat
1545 900 1575 956 in

228 986 331 1044 animis
354 983 636 1060 philosophantium,
671 1001 766 1060 neque
793 985 949 1043 suffocetur
983 983 1102 1044 lrnmore
1123 986 1215 1047 nimio
1238 1003 1376 1044 venerum
1400 985 1578 1062 sophistica-

228 1074 350 1149 tionnm,
372 1088 451 1132 neve
472 1071 655 1146 vulgaturum
679 1073 847 1148 opinionum
864 1074 1037 1131 torrentibus
1061 1072 1183 1145 eluatur,
1208 1081 1259 1130 uut
1281 1074 1476 1149 negligentiae
1498 1074 1577 1149 pub-

228 1159 300 1218 licae
332 1159 487 1234 frigoribus
509 1160 697 1235 obrigescant:
733 1158 810 1235 quod
842 1161 865 1218 si
896 1157 966 1216 mihi
994 1177 1098 1220 cavere
1130 1161 1295 1234 contigerit,
1329 1157 1396 1220 nun'
1415 1177 1470 1236 ego
1494 1160 1578 1219 illia

228 1248 322 1306 ventis
346 1246 569 1316 calumniarum,
592 1265 628 1306 ne
650 1247 814 1324 frangatur,
837 1263 896 1305 non
919 1264 938 1305 a
961 1245 1074 1306 solidae
1098 1264 1236 1307 censurae
1259 1246 1346 1322 Sole,
1369 1264 1407 1308 nc
1429 1255 1574 1321 exuratur,

231 1337 388 1412 quicquum
411 1341 520 1392 metuo.

315 1421 389 1480 Cum
412 1423 501 1498 igitur
524 1439 586 1496 cap.
605 1424 631 1479 1.
649 1423 764 1480 animae
787 1419 904 1496 quidem
927 1423 1072 1496 tetigerim
1096 1423 1260 1492 essentiam,
1285 1419 1338 1480 sed
1359 1429 1478 1499 propter
1499 1421 1578 1482 solas

230 1509 415 1581 harmonias,
440 1525 504 1567 eum
527 1507 686 1568 seeundum
710 1516 798 1584 ceput
821 1525 878 1566 non
902 1526 938 1568 ex
960 1510 1092 1584 professo
1116 1509 1152 1568 da
1174 1511 1271 1567 anima
1294 1510 1351 1581 sit,
1376 1509 1427 1570 scd
1451 1509 1486 1570 de
1508 1509 1578 1568 har-

228 1597 333 1655 moniis
356 1603 471 1673 propter
493 1598 633 1654 animaru:
656 1595 738 1654 lubet
754 1613 830 1654 nunc
849 1597 911 1670 jam
927 1595 983 1654 boc
998 1597 1095 1672 capite
1119 1597 1258 1657 disserere
1280 1595 1316 1656 de
1339 1599 1437 1657 anima
1459 1603 1578 1674 propter
1601 1604 1609 1618 “

228 1703 260 1742 se
282 1685 374 1760 ipsam
397 1684 488 1760 paulo
510 1682 689 1758 generalius,
720 1681 803 1742 lubet
825 1701 860 1744 er
891 1683 1008 1759 epilogo
1040 1682 1186 1760 syllogum
1208 1685 1303 1743 lacera
1327 1687 1470 1757 omnium,
1502 1701 1578 1761 quae

228 1772 266 1830 ad
289 1779 470 1846 praesentem
493 1773 642 1829 materiam
657 1779 800 1845 spectent,
824 1787 959 1846 quaeque
974 1775 1115 1850 sparsim,¹
1131 1789 1207 1846 quae
1231 1772 1332 1845 obiter,
1356 1777 1433 1849 quaa
1455 1773 1579 1832 latenter

228 1859 315 1930 dicta,
339 1858 385 1917 hic
408 1859 463 1919 sub
482 1875 574 1932 ,unum
599 1866 748 1934 aspectum
764 1859 868 1917 referre
892 1867 1042 1934 totamque
1058 1860 1101 1918 rei
1124 1867 1257 1918 naturam
1280 1862 1417 1920 continuo
1441 1861 1579 1919 orationis

229 1945 278 2004 iilo
302 1945 458 2020 explicare.
1376 1971 1381 1978 ·

315 2033 386 2091 Esse
408 2033 537 2108 aliquam
560 2033 651 2091 totius
675 2031 801 2092 universi
825 2034 969 2104 animam,
993 2033 1170 2108 praefectam
1194 2034 1320 2093 motibus
1344 2040 1500 2104 astrorum,
1525 2049 1579 2110 ge-

231 2123 372 2178 nerationi
397 2120 618 2192 elementorum,
642 2121 856 2178 conservationi
882 2121 1062 2178 animantum
1079 2127 1115 2178 et
1136 2121 1286 2196 stirpium,
1309 2121 1435 2196 denique
1458 2139 1580 2196 sympa-

231 2207 309 2266 thiae
338 2209 519 2283 superiorum
549 2207 773 2280 inferiorumque
803 2215 938 2279 mutuae,
971 2207 1109 2266 Timaeus
1133 2207 1286 2267 Locrensis
1317 2225 1351 2268 cr
1375 2209 1580 2285 Pythagoricis

225 2296 345 2370 placitis
369 2295 445 2370 apud
463 2294 615 2354 Platonem
639 2293 783 2365 defendit,
807 2293 928 2352 Procius
951 2313 1020 2354 vero
1043 2311 1108 2354 cum
1129 2296 1212 2368 alias,
1236 2303 1297 2354 tum
1321 2299 1488 2372 praesertim
1512 2312 1580 2355 ver-

230 2385 274 2441 bis
298 2385 325 2438 in
350 2399 412 2460 cap.
440 2384 465 2440 1.
488 2381 575 2457 hujus
598 2382 664 2440 libri
686 2381 739 2453 lV,
765 2383 966 2456 transscriptis,
991 2381 1143 2440 stabilivit.
1166 2381 1252 2442 Hauc
1275 2382 1419 2443 diversam
1443 2401 1461 2443 a
1483 2389 1579 2442 mente

231 2473 372 2543 fecerunt,
405 2477 433 2530 et
456 2468 534 2544 quod
557 2486 638 2528 mens
660 2467 782 2545 simplex
807 2479 899 2540 esset,
934 2472 1031 2528 anima
1063 2471 1120 2528 ista
1141 2469 1292 2546 multiplex
1316 2471 1519 2540 facultatibus,
1551 2477 1581 2529 et

231 2557 308 2633 quod
331 2557 415 2616 ideae
440 2559 568 2615 omnium
591 2555 738 2632 sensilium
763 2559 792 2614 in
815 2563 912 2614 mente
935 2558 1065 2616 inessent
1085 2559 1178 2632 primo
1200 2575 1252 2633 per
1266 2575 1307 2631 se,
1331 2575 1422 2635 purae
1445 2566 1474 2618 et
1496 2558 1580 2616 iden-

230 2648 314 2716 tieae,
338 2647 366 2700 in
390 2645 488 2704 anima
510 2642 682 2704 secundario
705 2655 820 2719 propter
843 2651 969 2702 mentem
997 2651 1026 2702 et
1049 2645 1086 2703 ab
1111 2662 1146 2704 ea
1167 2653 1316 2720 acceptae,
1338 2648 1432 2722 magis
1455 2646 1493 2704 ad
1516 2663 1581 2704 ma·
1617 2641 1621 2654 '

231 2736 330 2792 teriam
355 2733 542 2804 inclinantem
573 2730 649 2789 unde
682 2739 711 2790 et.
733 2734 882 2788 nominum
906 2730 1091 2790 distinctione
1122 2734 1183 2805 nsi,
1219 2731 1430 2794 intellectuales
1461 2733 1579 2808 quidem

230 2820 276 2879 vel
299 2819 440 2878 mentales
471 2818 673 2894 paradigmata
703 2819 902 2894 appellarunt,
935 2818 1074 2878 errimales
1108 2835 1176 2879 vero
1206 2819 1439 2896 paradigmatum
1461 2821 1579 2880 illorum

231 2909 337 2968 icones.
384 2905 504 2964 Summa
528 2922 562 2964 eo
585 2905 674 2977 redit,
707 2914 740 2963 ut
762 2905 943 2964 Christianus
972 2906 1078 2982 aliquis
1107 2905 1244 2966 facillime
1275 2925 1328 2985 pro
1356 2915 1453 2969 mente
1476 2909 1581 2968 Pluto-

231 2997 297 3054 nica
320 2995 416 3054 Deum
439 3001 606 3065 creatorem,
630 3009 682 3068 pro
706 2994 804 3050 anima
826 3000 958 3052 naturam
981 3011 1075 3052 rernm
1097 2993 1259 3071 intelligere
1281 2998 1384 3072 possit.

317 3081 430 3156 Quibus
461 3081 502 3137 illi
532 3083 715 3156 potissimum
747 3082 840 3140 ventis
869 3080 1123 3156 contemplationis
1151 3084 1254 3156 agitati
1286 3083 1419 3145 adhaec
1442 3083 1581 3160 dogmata

231 3169 409 3245 appulerint,
443 3168 509 3228 aliis
531 3167 663 3244 relinquo
687 3167 906 3237 excutiendum,
940 3186 996 3242 ego
1024 3169 1060 3227 ds
1092 3187 1137 3228 me
1160 3171 1224 3244 ipso
1248 3169 1352 3229 dicam.
1397 3171 1435 3230 Et
1456 3172 1581 3246 primum

231 3257 348 3331 quidem
373 3256 408 3316 dc
431 3259 529 3314 anima
551 3257 641 3314 totius
665 3256 792 3314 universi
815 3257 872 3314 etsi
894 3272 950 3314 non
974 3273 1115 3331 repugno,
1137 3256 1208 3314 nihil
1232 3263 1328 3316 tamen
1350 3259 1408 3317 hoc
1429 3257 1503 3318 libro
1526 3259 1580 3316 IV.

231 3344 339 3404 dicam:
363 3343 479 3402 videtur
502 3345 577 3401 enim
602 3342 639 3418 (si
662 3349 706 3400 est
728 3343 799 3403 talis
819 3339 929 3419 aliqua)
952 3344 981 3398 in
1004 3352 1102 3402 centro
1124 3345 1231 3418 mundi,
1257 3344 1335 3420 quod
1358 3347 1428 3404 mihi
1452 3345 1501 3404 Sol
1526 3353 1581 3424 est,

231 3432 373 3502 residere,
405 3429 531 3506 indeque
560 3432 587 3486 in
612 3446 727 3488 omnem
760 3430 824 3505 ejus
859 3428 1078 3505 amplitudinem
1113 3434 1285 3492 commercio
1318 3432 1465 3492 radiorum
1499 3433 1581 3506 lucis,

231 3521 281 3596 qui
304 3521 362 3577 sint
385 3517 450 3577 loco
474 3518 627 3593 spirituum
650 3519 678 3574 in
703 3533 822 3593 corpore
846 3517 974 3590 animali,
998 3519 1163 3593 propagari.
1200 3525 1279 3590 (vius
1306 3527 1438 3589 epilogum
1466 3529 1509 3576 lib.
1533 3527 1580 3590 v.)

232 3607 276 3665 De
299 3614 402 3665 natura
426 3621 504 3677 varo,
529 3621 604 3678 quae
626 3613 742 3679 praeest
764 3603 914 3664 elementis
938 3621 1084 3680 quamque
1105 3606 1215 3664 usitato
1243 3605 1373 3681 epitheto
1397 3606 1583 3666 sublunarem

232 3693 364 3770 appello,
392 3693 455 3769 jam
478 3710 497 3751 a
518 3693 621 3767 viginti
645 3693 729 3750 annis
761 3707 816 3766 ego
844 3708 905 3754 nun
930 3690 1083 3751 dissimilia
1105 3699 1234 3752 statuere
1257 3695 1359 3769 coepi3
1391 3703 1489 3754 motus
1512 3710 1582 3754 vero

231 3801 294 3842 sum
318 3781 355 3839 ud
384 3780 440 3840 hoc
467 3796 524 3838 non
553 3777 676 3838 lectione
705 3779 753 3837 vel
783 3778 975 3839 admiratione
1006 3779 1236 3852 Platonicomm,
1266 3779 1318 3840 ssd
1345 3781 1411 3841 sola
1438 3788 1468 3840 et
1497 3783 1583 3840 unica

231 3875 437 3945 tempestatum
462 3865 666 3926 observatione
690 3874 936 3942 aspectuumque,
961 3868 1067 3943 quibus
1090 3867 1158 3926 illae
1182 3869 1302 3939 cientur,
1326 3870 1581 3946 contemplatione.

230 3955 299 4014 Vidi
325 3957 419 4025 eninr,
441 3971 549 4028 magua
571 3956 737 4013 constantia
759 3955 869 4013 turbari
891 3961 1000 4014 statum
1024 3957 1113 4029 sitris,
1139 3949 1260 4032 'quoties
1282 3955 1418 4033 planetae
1441 3954 1487 4014 vsl
1503 3973 1584 4015 cou-

228 4045 434 4121 jungerentur,
467 4041 514 4100 vel
547 4043 731 4117 aspectibus,
762 4041 851 4117 vulgo
881 4042 1091 4120 astrologorum
1122 4043 1291 4116 celebratis,
1319 4044 1582 4120 oonfigruarentn13

233 4131 293 4189 vidi
316 4128 556 4206 tranquillitatem
579 4126 742 4204 plerunque
764 4147 827 4188 esse
850 4131 880 4186 in
903 4135 983 4202 adra,
1015 4132 1039 4188 si
1070 4130 1141 4188 unlli
1176 4130 1223 4189 vel
1254 4133 1280 4190 si
1309 4135 1396 4207 pauci
1419 4130 1583 4190 inciderent

233 4226 383 4294 aspectus,
408 4217 455 4274 vel
479 4219 502 4276 si
527 4213 658 4298 celepitar
682 4215 890 4276 conficerentur
911 4220 1205 4294 transigerenturque.
1251 4217 1316 4278 Hoc
1339 4235 1408 4278 vero
1432 4221 1581 4293 negotium

231 4326 286 4379 ugo
310 4322 367 4364 non
391 4306 432 4362 ita
455 4304 560 4362 leniter
583 4301 824 4364 corrsiderandum
847 4321 910 4364 essa
934 4307 1042 4376 censui,
1066 4307 1108 4363 uti
1125 4304 1230 4381 vulgus
1253 4313 1476 4382 prognosturum
1498 4306 1582 4380 solet,

232 4396 281 4468 qui
304 4395 348 4452 sic
372 4391 539 4451 describunt
561 4389 686 4448 siderum
711 4390 936 4466 apotelesmata,
969 4409 1003 4450 ac
1025 4394 1050 4450 si
1073 4391 1125 4452 illa
1148 4393 1196 4450 Dii
1221 4390 1340 4466 quidam
1364 4401 1476 4465 essent,
1509 4395 1583 4454 coeli

231 4490 382 4555 terraeque
405 4485 538 4554 potentes
561 4477 716 4551 omniaque
741 4495 774 4538 cx
804 4480 922 4537 arbitrio
947 4487 1085 4553 ugentes,
1109 4481 1294 4553 securissimi,
1324 4497 1382 4557 quo
1413 4481 1510 4542 medio
1531 4480 1584 4542 illa

232 4565 461 4642 unumquodque
485 4565 634 4644 perficiant
656 4563 734 4642 apud
758 4581 811 4623 nos
833 4567 862 4622 in
886 4565 1000 4638 Terris,
1024 4582 1090 4623 cnm
1111 4567 1177 4642 ipsa
1198 4569 1229 4624 in
1252 4565 1334 4627 coelo
1356 4576 1505 4642 maneant,
1529 4587 1584 4629 uae

232 4660 403 4731 quicquam,
438 4652 516 4728 quod
539 4653 672 4710 sensibus
695 4659 809 4727 puteat,
849 4651 886 4710 ad
920 4669 973 4710 nos
1003 4660 1116 4727 praeter
1147 4652 1246 4712 radios
1275 4653 1388 4715 lucidos
1421 4657 1581 4716 demittant

216 4743 316 4802 ¹llaec
346 4742 503 4818 praecipua
541 4741 687 4814 scaturigo
719 4747 762 4800 est
792 4739 1024 4798 foedissimarum
1057 4741 1295 4816 superstitionum
1332 4744 1582 4819 astrologioarum.

237 4831 278 4889 At
298 4846 358 4888 non
380 4827 468 4887 vulda
490 4835 664 4904 prognostas
687 4829 789 4902 miror,
814 4843 906 4904 genus
929 4827 1080 4886 hominum
1103 4827 1274 4906 plerumque
1296 4831 1453 4914 populare,
1471 4831 1582 4911 puerile
