3676 5536
295 355 358 416 tto
706 349 749 404 Do
768 347 1031 418 configurationibus
1049 345 1227 402 Hemonicis.

294 528 441 606 diapente,
463 528 640 605 sesquadrus
661 535 762 590 sextae
785 526 875 599 molli,
899 524 1062 602 hiqulntilis
1075 531 1175 584 sextae
1193 523 1291 600 durae,
1315 527 1468 604 oppositus
1483 524 1643 604 diapason,

295 619 364 694 quia
386 619 413 676 si
434 616 551 676 auleraa
573 635 592 675 a
614 615 721 676 chorda
744 623 807 674 tota
829 623 942 674 tanum
963 615 1145 689 portionem,
1176 619 1316 688 quantam
1338 615 1502 688 portionem
1526 613 1562 672 da
1584 616 1644 674 cir-

295 703 360 764 culo
384 704 478 763 aulert
500 704 624 781 quilibet
645 709 798 779 aspectus,
829 701 977 763 residuum
1001 698 1127 760 chordae
1157 699 1227 758 lacit
1249 717 1314 759 cum
1337 709 1401 758 toto
1432 699 1513 759 illem
1536 717 1643 759 conso-

295 795 438 864 nantiam,
470 808 545 868 quae
568 791 616 849 hio
638 790 757 849 cuilibet
780 794 912 867 aspectui
936 797 981 848 est
1002 787 1159 863 adscripta.
1206 785 1279 844 Cum
1310 789 1398 862 igitur
1429 805 1566 847 numerus
1590 792 1643 848 iste

293 881 474 957 septenarius
498 877 786 952 concordantiarum,
818 895 870 938 seu
892 879 992 955 potius
1015 878 1179 933 sectionum
1203 873 1452 950 lrarmouicarum,
1484 894 1557 951 ques
1581 879 1643 936 sin-

294 968 379 1043 gulas
401 965 533 1043 singulae
557 966 780 1025 concordantiae
804 966 877 1024 inira
900 965 1042 1040 diapason
1069 963 1271 1036 insequuntur,
1295 971 1389 1022 certus
1406 965 1446 1021 sit
1466 973 1497 1030 st
1519 964 1642 1024 damon-

294 1055 444 1128 strativus,
467 1071 525 1112 nou
548 1056 644 1111 minus
667 1071 755 1129 quam
779 1060 824 1112 est
838 1056 867 1110 in
885 1054 1044 1128 geometria
1061 1067 1200 1108 numerus
1217 1052 1369 1124 quinarius
1385 1069 1537 1126 corporum
1555 1071 1643 1128 regu·

293 1141 407 1214 larium,
431 1149 463 1200 ut
484 1140 558 1200 libro
580 1140 635 1198 Ill.
659 1158 723 1217 cap.
748 1144 778 1198 2.
802 1143 911 1217 patuit:
940 1146 1018 1198 esset
1039 1139 1129 1212 igitur
1151 1139 1226 1194 ratio
1251 1136 1467 1196 demonstrandi
1492 1157 1643 1200 numerum

294 1236 464 1306 aspectuum
493 1227 587 1287 facilis
619 1237 649 1288 et
678 1228 815 1304 expedita
841 1245 894 1304 per
916 1234 1082 1306 susceptum
1112 1223 1168 1282 hoc
1195 1227 1329 1298 axioma,
1362 1242 1415 1284 nec
1445 1226 1547 1287 inisset
1569 1246 1643 1304 opus

294 1332 418 1392 operoso
439 1318 496 1375 isto
520 1318 864 1374 novorumaxiomatum
887 1315 953 1376 libri
976 1313 1029 1371 lV.
1052 1320 1205 1389 apparatu.

379 1403 417 1462 tis
438 1421 509 1463 saue
531 1405 556 1460 si
580 1405 800 1462 observationes
822 1401 1067 1478 meteorologicae
1090 1401 1159 1457 huic
1180 1399 1345 1474 septenario
1374 1409 1545 1475 aspectuum
1568 1403 1642 1462 luis-

293 1499 358 1549 sent
380 1490 615 1567 astipulataescx
638 1507 719 1561 εεεε,
743 1492 957 1566 acquievissem
980 1505 1035 1562 ego
1058 1489 1088 1544 in
1110 1503 1200 1562 supra
1222 1489 1318 1560 posito
1341 1489 1503 1561 axio-ate,
1530 1507 1583 1550 uec
1606 1489 1642 1549 de

294 1579 344 1649 iis,
377 1595 453 1652 quae
484 1596 519 1637 ex
542 1580 687 1636 rationum
714 1577 947 1636 harmonicorum
977 1584 1041 1634 ortu
1074 1590 1169 1649 exque
1199 1574 1418 1649 ruetaphysicae
1441 1593 1548 1636 causae
1571 1595 1643 1637 con·

294 1664 471 1725 sideratione
494 1673 630 1741 poterant
652 1665 754 1741 objici,
787 1664 873 1724 valde
895 1665 1016 1723 inissem
1038 1660 1191 1720 sollicitus.
1237 1659 1295 1720 Sed
1319 1664 1389 1737 quia
1412 1665 1511 1722 erebro
1539 1665 1643 1742 depre-

294 1752 418 1810 hensum
441 1761 494 1826 est,
519 1761 650 1811 naturam
674 1750 1028 1830 sublunarematimulari
1051 1751 1349 1820 etiamascmisextn,
1374 1753 1423 1825 qui
1441 1751 1642 1812 duodecimam

292 1847 405 1917 partem
438 1839 536 1898 circuli
565 1841 723 1915 intercipit,
758 1857 824 1899 cum
846 1848 953 1913 temen,
978 1837 1079 1897 ablata
1099 1838 1233 1912 portione
1259 1835 1431 1897 duodecima
1463 1838 1498 1898 de
1523 1839 1641 1914 chorda,

294 1927 441 1986 residuum
472 1929 597 2004 partium
629 1926 762 1986 undecim
791 1945 849 1986 nou
883 1933 1023 1986 consonet
1051 1940 1118 1982 oum
1150 1931 1229 1994 tota,
1261 1934 1290 1982 et
1312 1927 1383 2000 quia
1406 1925 1512 1986 infidae
1535 1927 1642 2004 deprc-

293 2012 402 2072 heusae
425 2025 491 2073 sunl
516 2013 765 2073 exstimulatioues
789 2024 994 2092 tempestatum
1023 2027 1073 2090 per
1095 2009 1302 2086 sesquadrum,
1335 2014 1386 2087 qui
1410 2012 1561 2089 dispungit
1584 2025 1641 2074 tres

294 2109 415 2160 octavas
439 2101 552 2173 circuli,
577 2118 641 2158 curn
666 2110 771 2172 ιιιιιειι,
796 2103 903 2161 ablatis
926 2102 1019 2160 tribus
1042 2099 1156 2157 octavis
1180 2097 1215 2156 de
1238 2096 1355 2172 chorda,
1379 2101 1526 2160 residuum
1551 2103 1569 2160 5
1592 2119 1644 2161 oc-

286 2193 426 2249 tavarum
451 2191 568 2248 omniuo
592 2200 732 2249 consonet
754 2206 820 2248 oum
843 2197 906 2248 tota
930 2191 964 2262 8,
990 2187 1058 2245 hinc
1081 2191 1145 2243 orta
1168 2184 1238 2242 mihi
1260 2185 1316 2244 luit
1338 2191 1514 2259 necessitas,
1539 2207 1642 2249 causas

295 2273 443 2335 dissensus
467 2285 496 2336 et
519 2276 696 2335 diversitatis
726 2277 814 2352 hujus
844 2277 900 2336 hoc
923 2276 976 2334 lV.
1000 2273 1074 2332 libro
1096 2272 1221 2330 rimandi
1253 2273 1433 2348 profundius.
1480 2274 1566 2350 Quod
1589 2279 1643 2336 etsi

294 2371 371 2422 recte
398 2371 547 2440 peractum
578 2373 608 2423 ct
639 2381 744 2424 causas
775 2365 951 2423 clarissimas
981 2369 1078 2420 erutas
1102 2363 1250 2430 existimo,
1284 2379 1426 2421 summam
1450 2371 1548 2421 tamen
1580 2363 1644 2424 dis-

293 2452 455 2526 putationis
478 2455 569 2510 totius
591 2454 694 2511 iterato
718 2452 866 2512 inculcare
889 2469 947 2509 uon
969 2449 1116 2518 nocuerit,
1139 2464 1205 2506 cum
1228 2446 1257 2504 id
1281 2451 1409 2523 requirat
1432 2452 1566 2509 instituta
1589 2452 1645 2511 hoc

295 2536 361 2597 loco
386 2537 543 2615 explicatio
566 2555 781 2624 eorum,·quae
804 2542 834 2597 iu
856 2535 1046 2615 praeambulo
1071 2533 1272 2609 premeridis
1296 2539 1439 2594 concisius
1463 2549 1531 2596 sunt
1556 2539 1643 2600 dicta.

382 2625 481 2684 Causa
503 2627 600 2702 igitur,
624 2642 674 2685 cur
688 2643 756 2698 non,
781 2634 854 2702 quot
876 2627 995 2685 suntin
1010 2624 1123 2681 musica
1137 2624 1282 2682 sectiones
1303 2623 1498 2694 harmonicae,
1523 2625 1643 2686 totidem

296 2713 385 2769 etiam
409 2715 466 2772 sint
488 2720 639 2788 aspectus,
673 2717 714 2772 uti
739 2730 832 2790 usque
855 2714 892 2773 ad
915 2729 1025 2774 aunum
1051 2710 1144 2768 1608.
1168 2709 1362 2783 credideram,
1386 2720 1431 2770 est
1452 2712 1540 2790 baec,
1572 2717 1645 2789 quio

294 2801 412 2857 musico
435 2802 598 2874 septenarii
620 2802 669 2858 sari
688 2803 848 2877 principia
869 2799 1023 2861 nonnullo
1045 2814 1081 2856 cc
1103 2800 1171 2872 ipsa
1192 2799 1370 2857 rectitudine
1392 2799 1520 2858 chordae
1542 2801 1644 2874 trahit,

295 2901 364 2943 ειιιιι
386 2887 531 2959 circulus,
561 2889 595 2944 in
618 2905 677 2962 quo
699 2897 842 2948 notamus
864 2897 1013 2965 aspectus,
1041 2889 1075 2942 io
1103 2901 1133 2941 se
1153 2887 1255 2959 ipsum
1277 2886 1393 2959 redcat,
1422 2903 1477 2945 nse
1498 2892 1646 2961 portitat

296 2989 332 3030 ea
360 2973 488 3032 chorum
515 2976 557 3031 aio
587 2976 679 3033 ctiam
709 2995 745 3035 es
775 2976 892 3036 acdiuci
920 2974 1041 3034 residuo
1069 2971 1135 3048 ficri
1163 2973 1295 3030 circulus
1323 2975 1410 3034 oliuo.
1458 2975 1556 3034 Verba
1577 2983 1645 3034 arant

296 3057 439 3118 dictorum
461 3058 688 3136 prolegomenon
716 3062 767 3121 iol.
792 3065 850 3142 35,
880 3079 956 3138 quac
985 3063 1027 3120 sic
1051 3057 1224 3134 explicanda
1252 3067 1328 3118 suut.
1371 3061 1448 3121 Nam
1470 3071 1503 3120 ut
1525 3079 1589 3138 cap.
1614 3067 1644 3124 4.

295 3147 384 3220 hujus
407 3145 533 3221 dictum,
564 3148 649 3208 aliter
673 3151 802 3208 oriuntur
825 3155 971 3211 sectiones
993 3148 1195 3220 harmonicae,
1226 3147 1310 3205 aliter
1338 3159 1488 3224 aspectus,
1518 3150 1586 3208 licet
1609 3167 1645 3209 ex

202 3237 207 3242 '
297 3233 400 3293 eodem
424 3235 532 3294 circulo
557 3237 686 3294 oriantur
708 3239 832 3313 utrique.
877 3238 952 3296 Nam
974 3236 1050 3318 libro
1065 3233 1119 3292 llI.
1143 3237 1185 3293 sio
1208 3243 1376 3310 comparata
1397 3246 1465 3296 aunt
1487 3241 1644 3310 axiomata,

296 3331 330 3381 ut
352 3321 502 3397 quaelibet
524 3321 632 3380 chorda
655 3324 839 3400 chordasque
861 3343 937 3400 pars,
961 3341 1014 3382 seu
1030 3323 1119 3396 longa
1133 3339 1184 3381 scu
1201 3322 1306 3396 brevis,
1329 3326 1422 3399 possit
1437 3327 1540 3383 iterum
1565 3341 1645 3384 com-

296 3411 391 3485 parari
416 3411 469 3469 loti
493 3410 609 3482 circulo,
634 3428 692 3470 non
715 3415 809 3470 mirrus
833 3431 921 3488 qnam
945 3421 1009 3469 tnta
1031 3427 1081 3470 seu
1106 3409 1276 3485 longissima
1294 3410 1403 3469 chorda
1426 3411 1519 3470 cidem
1537 3413 1644 3472 circulo

297 3497 537 3573 comparabatur3
560 3506 591 3555 at
612 3497 669 3557 boc
690 3498 765 3558 libro
788 3499 842 3557 IV.
865 3517 924 3559 non
948 3498 1045 3575 potuit
1067 3515 1151 3556 arcus
1174 3498 1291 3568 circuli,
1323 3513 1374 3556 seu
1397 3500 1491 3574 major
1514 3503 1644 3560 semicir-

297 3583 364 3643 culo
387 3601 440 3643 εειι
462 3587 572 3663 minor,
604 3589 765 3662 comparari
794 3591 857 3646 toti.
903 3589 1009 3646 Dicam
1038 3583 1161 3644 clarius:
1185 3593 1370 3660 quotcunque
1398 3587 1492 3646 modis
1521 3587 1645 3648 circulus

298 3669 438 3729 dividitur
462 3671 704 3747 demonstrative,
735 3691 835 3732 omnes
857 3675 903 3734 illi
925 3674 1004 3734 modi
1027 3679 1152 3750 possunt
1173 3673 1318 3730 transferri
1347 3675 1375 3730 iu
1399 3673 1505 3734 lineam
1528 3685 1643 3745 rectam,

299 3757 355 3817 boc
386 3769 430 3818 est
457 3759 595 3820 chordam
628 3761 753 3837 eiusque
782 3769 896 3838 partem
928 3777 1143 3837 quamcunque.
1189 3761 1229 3818 At
1256 3776 1315 3818 non
1344 3762 1386 3820 sic
1409 3761 1515 3821 divisio
1546 3763 1644 3824 circuli

297 3847 387 3904 totius
412 3845 656 3920 demonstrativa,
690 3849 772 3908 verbi
796 3865 886 3908 causa
908 3851 937 3906 in
960 3852 1017 3907 tria
1046 3855 1098 3906 aut
1120 3850 1149 3904 in
1172 3849 1317 3922 quinque,
1348 3854 1446 3924 potest
1468 3849 1534 3910 idco
1558 3853 1643 3912 etiam

299 3935 328 3990 in
350 3948 450 3992 arcum
479 3934 543 4010 ejus
567 3952 770 4010 quemcunque
799 3939 962 4010 transferri,
991 3935 1070 4009 quod
1097 3936 1169 3994 satis
1198 3941 1242 3992 est
1265 3934 1493 3996 demonstratum
1524 3939 1551 3994 in
1576 3954 1644 4014 pro·
1696 3953 1699 3960 ·

298 4021 496 4097 positionibus
520 4021 629 4080 ultimis
651 4022 717 4082 libri
741 4024 834 4099 primi.
881 4025 979 4084 Causa
1001 4031 1045 4083 est
1068 4023 1096 4078 in
1119 4021 1225 4094 figura:
1249 4031 1328 4082 rocta
1344 4027 1421 4082 enim
1443 4035 1542 4085 manet
1556 4032 1643 4097 recta,

297 4113 361 4168 sive
392 4115 540 4168 truncetur
566 4111 629 4169 sive
659 4109 865 4188 prolongetur3
898 4122 930 4173 ut
961 4107 1085 4172 circulus
1114 4116 1263 4166 truncatus
1295 4125 1351 4168 non
1382 4122 1482 4170 manet
1511 4112 1643 4172 circulus.

297 4195 392 4256 Datur
414 4191 503 4271 igitu‘r
524 4197 615 4255 sectio
638 4199 863 4273 proportionalis
893 4202 1028 4259 binarum
1057 4213 1294 4272 quarumcunque
1323 4205 1481 4270 rectarum,
1509 4199 1594 4259 datur
1616 4206 1644 4258 et

298 4283 431 4342 binorum
455 4300 695 4360 quorumcunque
718 4283 900 4362 circulorum,
924 4286 975 4346 sed
999 4303 1056 4344 oon
1073 4283 1158 4342 datur
1180 4285 1311 4342 hinorum
1335 4302 1574 4364 quorumcunque
1596 4305 1643 4346 ar-

300 4385 385 4428 cuum
413 4373 499 4429 unius
530 4371 637 4431 circuli.
682 4371 766 4431 Haec
793 4375 836 4434 sic
867 4376 908 4435 ad
933 4373 1116 4452 propositum
1145 4371 1414 4431 accommodantur:
1446 4377 1471 4432 si
1499 4374 1643 4434 dividatur

300 4455 409 4516 chorda
431 4459 461 4516 in
483 4467 581 4536 partes
604 4467 680 4533 octo,
704 4460 849 4523 divisione
872 4480 912 4523 sc.
929 4461 1028 4522 circuli
1046 4459 1283 4556 demonstrativa,
1308 4477 1365 4518 uua
1381 4469 1488 4520 octava
1504 4469 1644 4522 consonat

300 4559 367 4601 cum
389 4552 465 4618 tota,
497 4556 659 4607 consonant
682 4556 711 4607 et
732 4557 789 4608 tres
813 4559 945 4624 octavae,
968 4556 1135 4626 propterea,
1164 4549 1235 4622 quie
1257 4564 1315 4606 una
1338 4556 1445 4608 octava
1471 4549 1570 4608 circuli
1592 4549 1643 4608 de·

300 4634 491 4693 monstrativa
514 4635 638 4696 rescindi
661 4643 773 4712 potest,
796 4647 829 4698 ut
852 4646 882 4698 et
903 4651 963 4698 tres
986 4645 1118 4697 octavae.
1164 4633 1272 4692 Eadem
1297 4635 1525 4696 demonstrativa
1548 4636 1642 4696 deter-

299 4720 420 4776 minatio
443 4729 488 4778 est
511 4726 598 4782 etiam
621 4727 696 4784 inter
718 4741 832 4800 causas,
866 4743 917 4785 cur
939 4726 1035 4784 octilis
1059 4731 1088 4781 et
1111 4723 1243 4780 trioctilis
1266 4725 1325 4781 sint
1339 4723 1481 4783 efficaces.
1528 4724 1566 4782 At
1589 4725 1643 4782 hoc

301 4813 346 4870 ast
368 4804 537 4884 discrimen,
567 4810 646 4892 quod
669 4811 730 4874 illic
752 4814 880 4879 nondum
903 4821 949 4876 est
971 4813 1130 4872 constituta
1151 4811 1242 4869 sectio
1265 4809 1447 4885 harmonica,
1476 4812 1533 4870 nisi
1557 4813 1642 4871 etiam
