<?xml version="1.0" encoding="UTF-8"?>
<!DOCTYPE html PUBLIC "-//W3C//DTD XHTML 1.0 Transitional//EN"
    "http://www.w3.org/TR/xhtml1/DTD/xhtml1-transitional.dtd">
<html xmlns="http://www.w3.org/1999/xhtml" xml:lang="en" lang="en">
 <head>
  <title>
</title>
<meta http-equiv="Content-Type" content="text/html;charset=utf-8" />
  <meta name='ocr-system' content='tesseract 3.04.00' />
  <meta name='ocr-capabilities' content='ocr_page ocr_carea ocr_par ocr_line ocrx_word'/>
</head>
<body>
  <div class='ocr_page' id='page_1' title='image "./joanniskepleria26frisgoog_0114.png"; bbox 0 0 3564 5540; ppageno 0'>
   <div class='ocr_carea' id='block_1_1' title="bbox 592 394 1463 488">
    <p class='ocr_par' dir='ltr' id='par_1_1' title="bbox 592 394 1463 488">
     <span class='ocr_line' id='line_1_1' title="bbox 592 394 1463 488; baseline 0.011 -34"><span class='ocrx_word' id='word_1_1' title='bbox 592 394 837 488; x_wconf 75' lang='lat' dir='ltr'><strong>Damomtratione.</strong></span> <span class='ocrx_word' id='word_1_2' title='bbox 870 395 954 456; x_wconf 72' lang='lat' dir='ltr'><strong>tuor</strong></span> <span class='ocrx_word' id='word_1_3' title='bbox 969 399 992 458; x_wconf 93' lang='lat'><strong>1.</strong></span> <span class='ocrx_word' id='word_1_4' title='bbox 1423 411 1463 473; x_wconf 82' lang='grc'><strong>89</strong></span> 
     </span>
    </p>
   </div>
   <div class='ocr_carea' id='block_1_2' title="bbox 123 569 1468 1124">
    <p class='ocr_par' dir='ltr' id='par_1_2' title="bbox 123 569 1468 892">
     <span class='ocr_line' id='line_1_2' title="bbox 203 569 1465 652; baseline 0.012 -25"><span class='ocrx_word' id='word_1_5' title='bbox 203 569 286 642; x_wconf 74' lang='lat' dir='ltr'><strong>Quod</strong></span> <span class='ocrx_word' id='word_1_6' title='bbox 309 569 389 630; x_wconf 88' lang='lat' dir='ltr'><strong>b&#39;maa</strong></span> <span class='ocrx_word' id='word_1_7' title='bbox 409 569 478 629; x_wconf 85' lang='lat' dir='ltr'><strong>talea</strong></span> <span class='ocrx_word' id='word_1_8' title='bbox 499 569 600 636; x_wconf 70' lang='lat' dir='ltr'><strong>lineau</strong></span> <span class='ocrx_word' id='word_1_9' title='bbox 628 570 696 628; x_wconf 88' lang='lat' dir='ltr'><strong>duos</strong></span> <span class='ocrx_word' id='word_1_10' title='bbox 717 573 863 644; x_wconf 87' lang='lat' dir='ltr'><strong>requisitos</strong></span> <span class='ocrx_word' id='word_1_11' title='bbox 886 573 998 632; x_wconf 74' lang='lat' dir='ltr'><strong>effectur</strong></span> <span class='ocrx_word' id='word_1_12' title='bbox 1021 581 1204 646; x_wconf 84' lang='lat' dir='ltr'><strong>praestantes,</strong></span> <span class='ocrx_word' id='word_1_13' title='bbox 1228 581 1381 640; x_wconf 76' lang='lat' dir='ltr'><strong>amassario</strong></span> <span class='ocrx_word' id='word_1_14' title='bbox 1398 583 1465 652; x_wconf 70' lang='lat' dir='ltr'><strong>tiana</strong></span> 
     </span>
     <span class='ocr_line' id='line_1_3' title="bbox 125 650 1465 728; baseline 0.009 -18"><span class='ocrx_word' id='word_1_15' title='bbox 125 651 266 710; x_wconf 77' lang='lat' dir='ltr'>binominis</span> <span class='ocrx_word' id='word_1_16' title='bbox 284 659 315 710; x_wconf 89' lang='lat' dir='ltr'><strong>et</strong></span> <span class='ocrx_word' id='word_1_17' title='bbox 329 659 462 724; x_wconf 88' lang='lat' dir='ltr'><strong>apotome,</strong></span> <span class='ocrx_word' id='word_1_18' title='bbox 482 650 683 708; x_wconf 87' lang='lat' dir='ltr'><strong>demonstratur</strong></span> <span class='ocrx_word' id='word_1_19' title='bbox 700 653 736 710; x_wconf 89' lang='lat' dir='ltr'><strong>ad</strong></span> <span class='ocrx_word' id='word_1_20' title='bbox 754 655 1009 725; x_wconf 86' lang='lat' dir='ltr'><strong>eundemmodum,</strong></span> <span class='ocrx_word' id='word_1_21' title='bbox 1034 657 1069 712; x_wconf 92' lang='lat' dir='ltr'><strong>ad</strong></span> <span class='ocrx_word' id='word_1_22' title='bbox 1086 675 1166 728; x_wconf 91' lang='lat' dir='ltr'><strong>quem</strong></span> <span class='ocrx_word' id='word_1_23' title='bbox 1183 660 1215 714; x_wconf 87' lang='lat' dir='ltr'><strong>X.</strong></span> <span class='ocrx_word' id='word_1_24' title='bbox 1234 661 1278 718; x_wconf 84' lang='lat'><strong>33.</strong></span> <span class='ocrx_word' id='word_1_25' title='bbox 1297 668 1340 718; x_wconf 89' lang='lat' dir='ltr'><strong>eat</strong></span> <span class='ocrx_word' id='word_1_26' title='bbox 1357 664 1465 722; x_wconf 90' lang='lat' dir='ltr'><strong>demon·</strong></span> 
     </span>
     <span class='ocr_line' id='line_1_4' title="bbox 123 730 1468 810; baseline 0.011 -22"><span class='ocrx_word' id='word_1_27' title='bbox 123 738 211 802; x_wconf 77' lang='lat' dir='ltr'><strong>arata,</strong></span> <span class='ocrx_word' id='word_1_28' title='bbox 230 737 337 788; x_wconf 81' lang='lat' dir='ltr'><strong>tantum</strong></span> <span class='ocrx_word' id='word_1_29' title='bbox 354 736 386 788; x_wconf 85' lang='lat' dir='ltr'><strong>ut</strong></span> <span class='ocrx_word' id='word_1_30' title='bbox 403 745 453 803; x_wconf 86' lang='lat' dir='ltr'><strong>pro</strong></span> <span class='ocrx_word' id='word_1_31' title='bbox 472 730 577 788; x_wconf 76' lang='lat' dir='ltr'><strong>duabus</strong></span> <span class='ocrx_word' id='word_1_32' title='bbox 596 730 683 802; x_wconf 74' lang='lat' dir='ltr'><strong>p&#39;qanm</strong></span> <span class='ocrx_word' id='word_1_33' title='bbox 700 736 808 798; x_wconf 71' lang='lat' dir='ltr'><strong>mnan</strong></span> <span class='ocrx_word' id='word_1_34' title='bbox 824 757 906 800; x_wconf 77' lang='lat' dir='ltr'><strong>poros</strong></span> <span class='ocrx_word' id='word_1_35' title='bbox 924 735 1105 792; x_wconf 72' lang='lat' dir='ltr'>adhibeantur</span> <span class='ocrx_word' id='word_1_36' title='bbox 1122 739 1196 810; x_wconf 75' lang='grc' dir='ltr'><strong><em>ῥηιαι</em></strong></span> <span class='ocrx_word' id='word_1_37' title='bbox 1205 761 1287 810; x_wconf 78' lang='lat' dir='ltr'><strong>popano,</strong></span> <span class='ocrx_word' id='word_1_38' title='bbox 1306 746 1335 796; x_wconf 87' lang='lat' dir='ltr'><strong>et</strong></span> <span class='ocrx_word' id='word_1_39' title='bbox 1351 743 1398 798; x_wconf 89' lang='lat' dir='ltr'><strong>nbi</strong></span> <span class='ocrx_word' id='word_1_40' title='bbox 1414 763 1468 803; x_wconf 80' lang='lat' dir='ltr'><strong>uox</strong></span> 
     </span>
     <span class='ocr_line' id='line_1_5' title="bbox 125 811 1447 892; baseline 0.014 -27"><span class='ocrx_word' id='word_1_41' title='bbox 125 830 198 877; x_wconf 71' lang='lat' dir='ltr'><strong>paros</strong></span> <span class='ocrx_word' id='word_1_42' title='bbox 216 811 343 880; x_wconf 88' lang='lat' dir='ltr'><strong>occurrit,</strong></span> <span class='ocrx_word' id='word_1_43' title='bbox 362 811 442 884; x_wconf 64' lang='lat' dir='ltr'><strong>(ipsos</strong></span> <span class='ocrx_word' id='word_1_44' title='bbox 458 815 586 882; x_wconf 85' lang='lat' dir='ltr'><strong>ponatur:</strong></span> <span class='ocrx_word' id='word_1_45' title='bbox 606 814 633 866; x_wconf 90' lang='lat' dir='ltr'><strong>et</strong></span> <span class='ocrx_word' id='word_1_46' title='bbox 650 811 746 868; x_wconf 90' lang='lat' dir='ltr'><strong>ultimo</strong></span> <span class='ocrx_word' id='word_1_47' title='bbox 764 821 937 884; x_wconf 75' lang='lat' dir='ltr'><strong>comparetur</strong></span> <span class='ocrx_word' id='word_1_48' title='bbox 954 815 1075 874; x_wconf 88' lang='lat' dir='ltr'><strong>definitio</strong></span> <span class='ocrx_word' id='word_1_49' title='bbox 1092 817 1235 877; x_wconf 82' lang='lat' dir='ltr'><strong>binominis</strong></span> <span class='ocrx_word' id='word_1_50' title='bbox 1254 827 1282 876; x_wconf 89' lang='lat' dir='ltr'><strong>et</strong></span> <span class='ocrx_word' id='word_1_51' title='bbox 1299 831 1447 892; x_wconf 76' lang='lat' dir='ltr'><strong>apotomes.</strong></span> 
     </span>
    </p>

    <p class='ocr_par' dir='ltr' id='par_1_3' title="bbox 123 887 1466 1124">
     <span class='ocr_line' id='line_1_6' title="bbox 205 887 1466 973; baseline 0.015 -29"><span class='ocrx_word' id='word_1_52' title='bbox 205 887 283 960; x_wconf 74' lang='lat' dir='ltr'><strong>Quod</strong></span> <span class='ocrx_word' id='word_1_53' title='bbox 302 895 392 946; x_wconf 91' lang='lat' dir='ltr'><strong>autom</strong></span> <span class='ocrx_word' id='word_1_54' title='bbox 410 905 443 944; x_wconf 81' lang='lat' dir='ltr'><strong>ex</strong></span> <span class='ocrx_word' id='word_1_55' title='bbox 462 889 656 960; x_wconf 78' lang='lat' dir='ltr'><strong>compositione</strong></span> <span class='ocrx_word' id='word_1_56' title='bbox 673 896 702 945; x_wconf 89' lang='lat' dir='ltr'><strong>et</strong></span> <span class='ocrx_word' id='word_1_57' title='bbox 719 890 901 948; x_wconf 79' lang='lat' dir='ltr'><strong>abstractione</strong></span> <span class='ocrx_word' id='word_1_58' title='bbox 918 894 1063 952; x_wconf 88' lang='lat' dir='ltr'><strong>binominis</strong></span> <span class='ocrx_word' id='word_1_59' title='bbox 1081 902 1109 953; x_wconf 90' lang='lat' dir='ltr'><strong>ot</strong></span> <span class='ocrx_word' id='word_1_60' title='bbox 1125 905 1274 970; x_wconf 86' lang='lat' dir='ltr'><strong>apotomes,</strong></span> <span class='ocrx_word' id='word_1_61' title='bbox 1293 900 1360 960; x_wconf 90' lang='lat' dir='ltr'><strong>duos</strong></span> <span class='ocrx_word' id='word_1_62' title='bbox 1377 907 1466 973; x_wconf 89' lang='lat' dir='ltr'><strong>requi-</strong></span> 
     </span>
     <span class='ocr_line' id='line_1_7' title="bbox 127 965 1305 1048; baseline 0.013 -24"><span class='ocrx_word' id='word_1_63' title='bbox 127 969 189 1025; x_wconf 87' lang='lat' dir='ltr'><strong>sitos</strong></span> <span class='ocrx_word' id='word_1_64' title='bbox 207 965 322 1028; x_wconf 83' lang='lat' dir='ltr'><strong>effectus</strong></span> <span class='ocrx_word' id='word_1_65' title='bbox 338 967 549 1038; x_wconf 89' lang='lat' dir='ltr'><strong>praestantium,</strong></span> <span class='ocrx_word' id='word_1_66' title='bbox 568 967 616 1024; x_wconf 84' lang='lat' dir='ltr'><strong>liat</strong></span> <span class='ocrx_word' id='word_1_67' title='bbox 632 985 740 1024; x_wconf 90' lang='lat' dir='ltr'><strong>rursum</strong></span> <span class='ocrx_word' id='word_1_68' title='bbox 758 967 887 1037; x_wconf 82' lang='lat' dir='ltr'><strong>effabilis,</strong></span> <span class='ocrx_word' id='word_1_69' title='bbox 906 974 946 1028; x_wconf 90' lang='lat' dir='ltr'><strong>sic</strong></span> <span class='ocrx_word' id='word_1_70' title='bbox 963 982 1052 1045; x_wconf 89' lang='lat' dir='ltr'><strong>patet:</strong></span> <span class='ocrx_word' id='word_1_71' title='bbox 1225 997 1274 1048; x_wconf 69' lang='lat' dir='ltr'><strong>rra.</strong></span> <span class='ocrx_word' id='word_1_72' title='bbox 1288 1001 1305 1040; x_wconf 86' lang='lat' dir='ltr'><strong>r.</strong></span> 
     </span>
     <span class='ocr_line' id='line_1_8' title="bbox 123 1046 1055 1124; baseline 0.011 -23"><span class='ocrx_word' id='word_1_73' title='bbox 123 1063 179 1102; x_wconf 90' lang='lat' dir='ltr'><strong>oum</strong></span> <span class='ocrx_word' id='word_1_74' title='bbox 197 1047 268 1102; x_wconf 91' lang='lat' dir='ltr'><strong>enim</strong></span> <span class='ocrx_word' id='word_1_75' title='bbox 286 1061 390 1104; x_wconf 89' lang='lat' dir='ltr'><strong>summa</strong></span> <span class='ocrx_word' id='word_1_76' title='bbox 407 1047 599 1117; x_wconf 80' lang='lat' dir='ltr'><strong>quadratorum</strong></span> <span class='ocrx_word' id='word_1_77' title='bbox 616 1047 653 1104; x_wconf 89' lang='lat' dir='ltr'><strong>sit</strong></span> <span class='ocrx_word' id='word_1_78' title='bbox 671 1046 800 1112; x_wconf 78' lang='lat' dir='ltr'><strong>effabilis,</strong></span> <span class='ocrx_word' id='word_1_79' title='bbox 822 1056 850 1105; x_wconf 89' lang='lat' dir='ltr'><strong>et</strong></span> <span class='ocrx_word' id='word_1_80' title='bbox 866 1053 1055 1124; x_wconf 75' lang='lat' dir='ltr'><strong>rectongnlum</strong></span> 
     </span>
    </p>
   </div>
   <div class='ocr_carea' id='block_1_3' title="bbox 122 1095 1475 1371">
    <p class='ocr_par' dir='ltr' id='par_1_4' title="bbox 122 1095 1475 1371">
     <span class='ocr_line' id='line_1_9' title="bbox 123 1095 1475 1199; baseline 0.009 -17"><span class='ocrx_word' id='word_1_81' title='bbox 123 1125 237 1190; x_wconf 75' lang='lat' dir='ltr'><strong>earne,</strong></span> <span class='ocrx_word' id='word_1_82' title='bbox 262 1126 472 1197; x_wconf 86' lang='lat' dir='ltr'><strong>compositarum</strong></span> <span class='ocrx_word' id='word_1_83' title='bbox 488 1127 570 1198; x_wconf 71' lang='lat' dir='ltr'><strong>igitur</strong></span> <span class='ocrx_word' id='word_1_84' title='bbox 587 1126 616 1182; x_wconf 91' lang='lat' dir='ltr'><strong>in</strong></span> <span class='ocrx_word' id='word_1_85' title='bbox 633 1143 716 1184; x_wconf 89' lang='lat' dir='ltr'><strong>unum</strong></span> <span class='ocrx_word' id='word_1_86' title='bbox 734 1127 894 1199; x_wconf 86' lang='lat' dir='ltr'><strong>quadratum</strong></span> <span class='ocrx_word' id='word_1_87' title='bbox 919 1134 1055 1192; x_wconf 87' lang='lat' dir='ltr'><strong>constabit</strong></span> <span class='ocrx_word' id='word_1_88' title='bbox 1076 1101 1107 1158; x_wconf 46' lang='grc' dir='ltr'><em>ὤ</em></span> <span class='ocrx_word' id='word_1_89' title='bbox 1195 1103 1220 1152; x_wconf 58' lang='lat'>²</span> <span class='ocrx_word' id='word_1_90' title='bbox 1241 1095 1290 1156; x_wconf 48' lang='grc' dir='ltr'><strong>ωδ</strong></span> <span class='ocrx_word' id='word_1_91' title='bbox 1411 1131 1435 1192; x_wconf 67' lang='grc' dir='ltr'><strong>θ’</strong></span> <span class='ocrx_word' id='word_1_92' title='bbox 1471 1097 1475 1174; x_wconf 50' lang='lat'><strong>⁴.</strong></span> 
     </span>
     <span class='ocr_line' id='line_1_10' title="bbox 123 1162 1402 1371; baseline 0.007 -110"><span class='ocrx_word' id='word_1_93' title='bbox 123 1219 154 1261; x_wconf 85' lang='lat' dir='ltr'><strong>cx</strong></span> <span class='ocrx_word' id='word_1_94' title='bbox 174 1205 316 1276; x_wconf 78' lang='lat' dir='ltr'><strong>uniusque</strong></span> <span class='ocrx_word' id='word_1_95' title='bbox 336 1206 468 1300; x_wconf 77' lang='lat' dir='ltr'><strong>quadrato</strong></span> <span class='ocrx_word' id='word_1_96' title='bbox 494 1212 523 1263; x_wconf 90' lang='lat' dir='ltr'><strong>et</strong></span> <span class='ocrx_word' id='word_1_97' title='bbox 544 1207 652 1302; x_wconf 80' lang='lat' dir='ltr'><strong>duobus</strong></span> <span class='ocrx_word' id='word_1_98' title='bbox 674 1208 840 1279; x_wconf 79' lang='lat' dir='ltr'><strong>rectangulis</strong></span> <span class='ocrx_word' id='word_1_99' title='bbox 857 1212 1051 1282; x_wconf 90' lang='lat' dir='ltr'><strong>communibus,</strong></span> <span class='ocrx_word' id='word_1_100' title='bbox 1103 1162 1402 1371; x_wconf 89' lang='grc' dir='ltr'><strong>Ι.</strong></span> 
     </span>
     <span class='ocr_line' id='line_1_11' title="bbox 122 1285 1054 1360; baseline 0.01 -21"><span class='ocrx_word' id='word_1_101' title='bbox 122 1301 154 1340; x_wconf 81' lang='lat' dir='ltr'><strong>ax</strong></span> <span class='ocrx_word' id='word_1_102' title='bbox 170 1285 274 1342; x_wconf 87' lang='lat' dir='ltr'><strong>duabus</strong></span> <span class='ocrx_word' id='word_1_103' title='bbox 296 1302 335 1344; x_wconf 88' lang='lat' dir='ltr'><strong>sc.</strong></span> <span class='ocrx_word' id='word_1_104' title='bbox 353 1289 476 1358; x_wconf 76' lang='lat' dir='ltr'><strong>partibus</strong></span> <span class='ocrx_word' id='word_1_105' title='bbox 495 1286 660 1346; x_wconf 78' lang='lat' dir='ltr'><strong>effabilibus:</strong></span> <span class='ocrx_word' id='word_1_106' title='bbox 679 1302 764 1357; x_wconf 89' lang='lat' dir='ltr'><strong>quare</strong></span> <span class='ocrx_word' id='word_1_107' title='bbox 786 1292 814 1342; x_wconf 89' lang='lat' dir='ltr'><strong>et</strong></span> <span class='ocrx_word' id='word_1_108' title='bbox 835 1293 921 1344; x_wconf 88' lang='lat' dir='ltr'><strong>totum</strong></span> <span class='ocrx_word' id='word_1_109' title='bbox 939 1291 1054 1360; x_wconf 90' lang='lat' dir='ltr'><strong>qnadra-</strong></span> 
     </span>
    </p>
   </div>
   <div class='ocr_carea' id='block_1_4' title="bbox 122 1363 1456 1677">
    <p class='ocr_par' dir='ltr' id='par_1_5' title="bbox 122 1363 1456 1677">
     <span class='ocr_line' id='line_1_12' title="bbox 122 1363 1054 1438; baseline 0.006 -16"><span class='ocrx_word' id='word_1_110' title='bbox 122 1363 305 1423; x_wconf 74' lang='lat' dir='ltr'><strong>umerum</strong></span> <span class='ocrx_word' id='word_1_111' title='bbox 329 1367 392 1436; x_wconf 90' lang='lat' dir='ltr'><strong>erit,</strong></span> <span class='ocrx_word' id='word_1_112' title='bbox 414 1367 498 1435; x_wconf 77' lang='lat' dir='ltr'><strong>igitur</strong></span> <span class='ocrx_word' id='word_1_113' title='bbox 521 1373 549 1423; x_wconf 86' lang='lat' dir='ltr'><strong>et</strong></span> <span class='ocrx_word' id='word_1_114' title='bbox 570 1367 644 1425; x_wconf 91' lang='lat' dir='ltr'><strong>linea</strong></span> <span class='ocrx_word' id='word_1_115' title='bbox 667 1367 831 1437; x_wconf 88' lang='lat' dir='ltr'><strong>composita,</strong></span> <span class='ocrx_word' id='word_1_116' title='bbox 864 1375 961 1438; x_wconf 88' lang='lat' dir='ltr'><strong>potens</strong></span> <span class='ocrx_word' id='word_1_117' title='bbox 986 1368 1054 1428; x_wconf 88' lang='lat' dir='ltr'><strong>illud</strong></span> 
     </span>
     <span class='ocr_line' id='line_1_13' title="bbox 122 1445 1456 1519; baseline 0.004 -17"><span class='ocrx_word' id='word_1_118' title='bbox 122 1445 285 1517; x_wconf 87' lang='lat' dir='ltr'><strong>quadratum.</strong></span> <span class='ocrx_word' id='word_1_119' title='bbox 330 1447 372 1502; x_wconf 84' lang='lat' dir='ltr'><strong>sit</strong></span> <span class='ocrx_word' id='word_1_120' title='bbox 392 1445 519 1504; x_wconf 88' lang='lat' dir='ltr'><strong>binomen</strong></span> <span class='ocrx_word' id='word_1_121' title='bbox 541 1453 588 1517; x_wconf 81' lang='lat' dir='ltr'><strong>lp,</strong></span> <span class='ocrx_word' id='word_1_122' title='bbox 613 1446 672 1516; x_wconf 86' lang='lat' dir='ltr'><strong>ejus</strong></span> <span class='ocrx_word' id='word_1_123' title='bbox 696 1447 857 1519; x_wconf 88' lang='lat' dir='ltr'><strong>quadratum</strong></span> <span class='ocrx_word' id='word_1_124' title='bbox 885 1469 929 1516; x_wconf 82' lang='lat' dir='ltr'><strong>ao,</strong></span> <span class='ocrx_word' id='word_1_125' title='bbox 960 1449 996 1504; x_wconf 88' lang='lat' dir='ltr'><strong>sit</strong></span> <span class='ocrx_word' id='word_1_126' title='bbox 1027 1457 1056 1506; x_wconf 89' lang='lat' dir='ltr'><strong>et</strong></span> <span class='ocrx_word' id='word_1_127' title='bbox 1452 1505 1456 1514; x_wconf 85' lang='grc'><em>,</em></span> 
     </span>
     <span class='ocr_line' id='line_1_14' title="bbox 122 1527 1053 1598; baseline 0.004 -16"><span class='ocrx_word' id='word_1_128' title='bbox 122 1531 241 1596; x_wconf 83' lang='lat' dir='ltr'><strong>apotome</strong></span> <span class='ocrx_word' id='word_1_129' title='bbox 258 1533 310 1594; x_wconf 88' lang='grc' dir='ltr'><strong><em>λθ,</em></strong></span> <span class='ocrx_word' id='word_1_130' title='bbox 332 1527 392 1597; x_wconf 75' lang='lat' dir='ltr'><strong>eius</strong></span> <span class='ocrx_word' id='word_1_131' title='bbox 409 1527 544 1598; x_wconf 89' lang='lat' dir='ltr'><strong>quadrum</strong></span> <span class='ocrx_word' id='word_1_132' title='bbox 561 1533 608 1594; x_wconf 76' lang='grc' dir='ltr'><strong>θι,</strong></span> <span class='ocrx_word' id='word_1_133' title='bbox 626 1533 654 1584; x_wconf 90' lang='lat' dir='ltr'><strong>et</strong></span> <span class='ocrx_word' id='word_1_134' title='bbox 672 1527 726 1583; x_wconf 90' lang='lat' dir='ltr'><strong>sint</strong></span> <span class='ocrx_word' id='word_1_135' title='bbox 743 1533 788 1590; x_wconf 77' lang='grc' dir='ltr'><strong>θι,</strong></span> <span class='ocrx_word' id='word_1_136' title='bbox 806 1548 837 1582; x_wconf 81' lang='grc' dir='ltr'><strong>ιο</strong></span> <span class='ocrx_word' id='word_1_137' title='bbox 860 1527 956 1596; x_wconf 87' lang='lat' dir='ltr'><strong>juncta</strong></span> <span class='ocrx_word' id='word_1_138' title='bbox 973 1529 1053 1586; x_wconf 87' lang='lat' dir='ltr'><strong>simul</strong></span> 
     </span>
     <span class='ocr_line' id='line_1_15' title="bbox 123 1603 1052 1677; baseline -0.001 -15"><span class='ocrx_word' id='word_1_139' title='bbox 123 1605 241 1676; x_wconf 77' lang='lat' dir='ltr'><strong>effabitia,</strong></span> <span class='ocrx_word' id='word_1_140' title='bbox 261 1608 298 1664; x_wconf 88' lang='lat' dir='ltr'><strong>ait</strong></span> <span class='ocrx_word' id='word_1_141' title='bbox 310 1613 339 1664; x_wconf 88' lang='lat' dir='ltr'><strong>et</strong></span> <span class='ocrx_word' id='word_1_142' title='bbox 350 1606 538 1677; x_wconf 70' lang='lat' dir='ltr'><strong>reetaugulutu</strong></span> <span class='ocrx_word' id='word_1_143' title='bbox 552 1621 585 1664; x_wconf 81' lang='lat' dir='ltr'><strong>ex</strong></span> <span class='ocrx_word' id='word_1_144' title='bbox 597 1611 643 1676; x_wconf 75' lang='grc' dir='ltr'><strong><em>θλ,</em></strong></span> <span class='ocrx_word' id='word_1_145' title='bbox 662 1613 696 1671; x_wconf 82' lang='lat' dir='ltr'><strong>lp</strong></span> <span class='ocrx_word' id='word_1_146' title='bbox 713 1603 829 1674; x_wconf 82' lang='lat' dir='ltr'><strong>effabile,</strong></span> <span class='ocrx_word' id='word_1_147' title='bbox 848 1606 943 1663; x_wconf 82' lang='lat' dir='ltr'><strong>talitrm</strong></span> <span class='ocrx_word' id='word_1_148' title='bbox 960 1614 1052 1662; x_wconf 88' lang='lat' dir='ltr'><strong>autem</strong></span> 
     </span>
    </p>
   </div>
   <div class='ocr_carea' id='block_1_5' title="bbox 122 1683 1420 1842">
    <p class='ocr_par' dir='ltr' id='par_1_6' title="bbox 122 1683 1420 1842">
     <span class='ocr_line' id='line_1_16' title="bbox 124 1683 1092 1788; baseline 0.005 -48"><span class='ocrx_word' id='word_1_149' title='bbox 124 1686 171 1744; x_wconf 92' lang='lat' dir='ltr'><strong>duo</strong></span> <span class='ocrx_word' id='word_1_150' title='bbox 189 1711 230 1761; x_wconf 80' lang='lat' dir='ltr'><strong>aa,</strong></span> <span class='ocrx_word' id='word_1_151' title='bbox 251 1691 281 1750; x_wconf 76' lang='grc' dir='ltr'><strong>ιε</strong></span> <span class='ocrx_word' id='word_1_152' title='bbox 299 1685 436 1758; x_wconf 91' lang='lat' dir='ltr'><strong>complent</strong></span> <span class='ocrx_word' id='word_1_153' title='bbox 455 1684 616 1756; x_wconf 87' lang='lat' dir='ltr'><strong>quadratum</strong></span> <span class='ocrx_word' id='word_1_154' title='bbox 633 1683 717 1741; x_wconf 87' lang='lat' dir='ltr'><strong>totius</strong></span> <span class='ocrx_word' id='word_1_155' title='bbox 730 1689 770 1749; x_wconf 85' lang='grc' dir='ltr'><strong>θμ</strong></span> <span class='ocrx_word' id='word_1_156' title='bbox 787 1685 960 1755; x_wconf 80' lang='lat' dir='ltr'><strong>compositae.</strong></span> <span class='ocrx_word' id='word_1_157' title='bbox 979 1687 1052 1758; x_wconf 90' lang='lat' dir='ltr'><strong>quod</strong></span> <span class='ocrx_word' id='word_1_158' title='bbox 1082 1707 1092 1788; x_wconf 49' lang='grc' dir='ltr'><strong>ς</strong></span> 
     </span>
     <span class='ocr_line' id='line_1_17' title="bbox 122 1767 1420 1842; baseline -0.002 -16"><span class='ocrx_word' id='word_1_159' title='bbox 122 1767 274 1842; x_wconf 86' lang='lat' dir='ltr'><strong>quadratum</strong></span> <span class='ocrx_word' id='word_1_160' title='bbox 293 1771 337 1822; x_wconf 87' lang='lat' dir='ltr'><strong>est</strong></span> <span class='ocrx_word' id='word_1_161' title='bbox 353 1772 398 1820; x_wconf 87' lang='grc' dir='ltr'><strong>θο.</strong></span> <span class='ocrx_word' id='word_1_162' title='bbox 1407 1767 1420 1804; x_wconf 82' lang='lat'><em>⁰</em></span> 
     </span>
    </p>
   </div>
   <div class='ocr_carea' id='block_1_6' title="bbox 122 1850 1469 2242">
    <p class='ocr_par' dir='ltr' id='par_1_7' title="bbox 122 1850 1469 2242">
     <span class='ocr_line' id='line_1_18' title="bbox 201 1850 1469 1930; baseline 0.002 -17"><span class='ocrx_word' id='word_1_163' title='bbox 201 1858 243 1913; x_wconf 88' lang='lat' dir='ltr'><strong>De</strong></span> <span class='ocrx_word' id='word_1_164' title='bbox 268 1855 452 1912; x_wconf 82' lang='lat' dir='ltr'><strong>abstractione</strong></span> <span class='ocrx_word' id='word_1_165' title='bbox 474 1851 606 1924; x_wconf 89' lang='lat' dir='ltr'><strong>probatur</strong></span> <span class='ocrx_word' id='word_1_166' title='bbox 626 1851 655 1906; x_wconf 93' lang='lat' dir='ltr'><strong>in</strong></span> <span class='ocrx_word' id='word_1_167' title='bbox 672 1850 747 1908; x_wconf 90' lang='lat' dir='ltr'><strong>hunc</strong></span> <span class='ocrx_word' id='word_1_168' title='bbox 773 1850 891 1906; x_wconf 91' lang='lat' dir='ltr'><strong>modum.</strong></span> <span class='ocrx_word' id='word_1_169' title='bbox 927 1851 955 1908; x_wconf 86' lang='lat' dir='ltr'><strong>Si</strong></span> <span class='ocrx_word' id='word_1_170' title='bbox 981 1855 1051 1912; x_wconf 89' lang='lat' dir='ltr'><strong>euim</strong></span> <span class='ocrx_word' id='word_1_171' title='bbox 1077 1858 1226 1930; x_wconf 88' lang='lat' dir='ltr'><strong>composita</strong></span> <span class='ocrx_word' id='word_1_172' title='bbox 1244 1875 1278 1914; x_wconf 89' lang='lat' dir='ltr'><strong>ex</strong></span> <span class='ocrx_word' id='word_1_173' title='bbox 1296 1863 1346 1928; x_wconf 85' lang='grc' dir='ltr'><strong><em>θλ,</em></strong></span> <span class='ocrx_word' id='word_1_174' title='bbox 1370 1861 1418 1929; x_wconf 84' lang='grc' dir='ltr'><strong><em>μλ,</em></strong></span> <span class='ocrx_word' id='word_1_175' title='bbox 1441 1860 1469 1916; x_wconf 93' lang='lat' dir='ltr'><strong>id</strong></span> 
     </span>
     <span class='ocr_line' id='line_1_19' title="bbox 123 1929 1468 2008; baseline 0 -13"><span class='ocrx_word' id='word_1_176' title='bbox 123 1944 160 1995; x_wconf 89' lang='lat' dir='ltr'><strong>est</strong></span> <span class='ocrx_word' id='word_1_177' title='bbox 176 1943 229 2008; x_wconf 84' lang='grc' dir='ltr'><strong>θμ,</strong></span> <span class='ocrx_word' id='word_1_178' title='bbox 248 1943 292 1992; x_wconf 89' lang='lat' dir='ltr'><strong>est</strong></span> <span class='ocrx_word' id='word_1_179' title='bbox 310 1934 439 2005; x_wconf 82' lang='lat' dir='ltr'><strong>affabilis,</strong></span> <span class='ocrx_word' id='word_1_180' title='bbox 463 1933 514 1988; x_wconf 88' lang='lat' dir='ltr'><strong>erit</strong></span> <span class='ocrx_word' id='word_1_181' title='bbox 531 1938 559 1988; x_wconf 89' lang='lat' dir='ltr'><strong>et</strong></span> <span class='ocrx_word' id='word_1_182' title='bbox 576 1929 687 1987; x_wconf 88' lang='lat' dir='ltr'><strong>dimidia</strong></span> <span class='ocrx_word' id='word_1_183' title='bbox 704 1935 745 1984; x_wconf 74' lang='grc' dir='ltr'><strong>θιι</strong></span> <span class='ocrx_word' id='word_1_184' title='bbox 763 1929 890 2002; x_wconf 81' lang='lat' dir='ltr'><strong>effabilis,</strong></span> <span class='ocrx_word' id='word_1_185' title='bbox 913 1937 1042 2005; x_wconf 85' lang='lat' dir='ltr'><strong>tanquam</strong></span> <span class='ocrx_word' id='word_1_186' title='bbox 1060 1937 1148 2006; x_wconf 88' lang='lat' dir='ltr'><strong>majus</strong></span> <span class='ocrx_word' id='word_1_187' title='bbox 1165 1953 1263 1993; x_wconf 89' lang='lat' dir='ltr'><strong>nornen</strong></span> <span class='ocrx_word' id='word_1_188' title='bbox 1282 1943 1310 1994; x_wconf 90' lang='lat' dir='ltr'><strong>et</strong></span> <span class='ocrx_word' id='word_1_189' title='bbox 1328 1944 1361 1992; x_wconf 79' lang='lat' dir='ltr'><strong>at</strong></span> <span class='ocrx_word' id='word_1_190' title='bbox 1379 1937 1468 1996; x_wconf 90' lang='lat' dir='ltr'><strong>minus</strong></span> 
     </span>
     <span class='ocr_line' id='line_1_20' title="bbox 123 2008 1469 2088; baseline -0.004 -16"><span class='ocrx_word' id='word_1_191' title='bbox 123 2033 226 2086; x_wconf 88' lang='lat' dir='ltr'><strong>nomen,</strong></span> <span class='ocrx_word' id='word_1_192' title='bbox 255 2015 390 2073; x_wconf 89' lang='lat' dir='ltr'><strong>etaltera</strong></span> <span class='ocrx_word' id='word_1_193' title='bbox 409 2012 589 2080; x_wconf 60' lang='lat' dir='ltr'><strong>dimidiatum</strong></span> <span class='ocrx_word' id='word_1_194' title='bbox 618 2009 697 2066; x_wconf 82' lang='lat' dir='ltr'><strong>anter</strong></span> <span class='ocrx_word' id='word_1_195' title='bbox 718 2008 751 2065; x_wconf 94' lang='lat' dir='ltr'><strong>ab</strong></span> <span class='ocrx_word' id='word_1_196' title='bbox 770 2024 803 2066; x_wconf 89' lang='lat' dir='ltr'><strong>ea</strong></span> <span class='ocrx_word' id='word_1_197' title='bbox 824 2030 859 2076; x_wconf 81' lang='lat' dir='ltr'><strong>po</strong></span> <span class='ocrx_word' id='word_1_198' title='bbox 876 2013 1017 2082; x_wconf 87' lang='lat' dir='ltr'><strong>aequalem</strong></span> <span class='ocrx_word' id='word_1_199' title='bbox 1035 2015 1087 2085; x_wconf 91' lang='lat' dir='ltr'><strong>ipsi</strong></span> <span class='ocrx_word' id='word_1_200' title='bbox 1104 2022 1157 2088; x_wconf 84' lang='grc' dir='ltr'><strong><em>θλ,</em></strong></span> <span class='ocrx_word' id='word_1_201' title='bbox 1185 2018 1238 2072; x_wconf 90' lang='lat' dir='ltr'><strong>erit</strong></span> <span class='ocrx_word' id='word_1_202' title='bbox 1265 2023 1293 2073; x_wconf 88' lang='lat' dir='ltr'><strong>et</strong></span> <span class='ocrx_word' id='word_1_203' title='bbox 1309 2019 1418 2075; x_wconf 79' lang='lat' dir='ltr'><strong>residua</strong></span> <span class='ocrx_word' id='word_1_204' title='bbox 1435 2035 1469 2074; x_wconf 64' lang='lat' dir='ltr'><strong>aa</strong></span> 
     </span>
     <span class='ocr_line' id='line_1_21' title="bbox 123 2089 1469 2167; baseline 0.003 -19"><span class='ocrx_word' id='word_1_205' title='bbox 123 2094 239 2165; x_wconf 78' lang='lat' dir='ltr'><strong>eilabids,</strong></span> <span class='ocrx_word' id='word_1_206' title='bbox 258 2101 288 2150; x_wconf 90' lang='lat' dir='ltr'><strong>et</strong></span> <span class='ocrx_word' id='word_1_207' title='bbox 304 2101 364 2151; x_wconf 91' lang='lat' dir='ltr'><strong>tota</strong></span> <span class='ocrx_word' id='word_1_208' title='bbox 381 2095 419 2162; x_wconf 78' lang='lat' dir='ltr'><strong>tu,</strong></span> <span class='ocrx_word' id='word_1_209' title='bbox 439 2107 475 2148; x_wconf 84' lang='lat' dir='ltr'><strong>sc</strong></span> <span class='ocrx_word' id='word_1_210' title='bbox 494 2091 579 2162; x_wconf 83' lang='lat' dir='ltr'><strong>dupla</strong></span> <span class='ocrx_word' id='word_1_211' title='bbox 595 2089 682 2160; x_wconf 85' lang='lat' dir='ltr'><strong>ipsios</strong></span> <span class='ocrx_word' id='word_1_212' title='bbox 700 2105 740 2145; x_wconf 79' lang='lat' dir='ltr'><strong>as.</strong></span> <span class='ocrx_word' id='word_1_213' title='bbox 776 2091 813 2144; x_wconf 83' lang='lat' dir='ltr'><strong>At</strong></span> <span class='ocrx_word' id='word_1_214' title='bbox 830 2105 865 2146; x_wconf 78' lang='lat' dir='ltr'><strong>an</strong></span> <span class='ocrx_word' id='word_1_215' title='bbox 881 2098 924 2146; x_wconf 88' lang='lat' dir='ltr'><strong>ert</strong></span> <span class='ocrx_word' id='word_1_216' title='bbox 941 2093 1050 2150; x_wconf 88' lang='lat' dir='ltr'><strong>residua</strong></span> <span class='ocrx_word' id='word_1_217' title='bbox 1067 2101 1130 2165; x_wconf 90' lang='lat' dir='ltr'><strong>post</strong></span> <span class='ocrx_word' id='word_1_218' title='bbox 1147 2095 1312 2152; x_wconf 88' lang='lat' dir='ltr'><strong>ablationem</strong></span> <span class='ocrx_word' id='word_1_219' title='bbox 1329 2101 1469 2167; x_wconf 89' lang='lat' dir='ltr'><strong>apotomes</strong></span> 
     </span>
     <span class='ocr_line' id='line_1_22' title="bbox 122 2167 817 2242; baseline -0.014 -10"><span class='ocrx_word' id='word_1_220' title='bbox 122 2196 152 2240; x_wconf 81' lang='lat' dir='ltr'><strong>aa</strong></span> <span class='ocrx_word' id='word_1_221' title='bbox 167 2191 184 2231; x_wconf 89' lang='lat' dir='ltr'><strong>a</strong></span> <span class='ocrx_word' id='word_1_222' title='bbox 198 2174 337 2230; x_wconf 81' lang='lat' dir='ltr'><strong>binomine</strong></span> <span class='ocrx_word' id='word_1_223' title='bbox 355 2179 396 2242; x_wconf 82' lang='lat' dir='ltr'><strong>tp,</strong></span> <span class='ocrx_word' id='word_1_224' title='bbox 415 2169 553 2227; x_wconf 87' lang='lat' dir='ltr'><strong>residuum</strong></span> <span class='ocrx_word' id='word_1_225' title='bbox 570 2185 633 2238; x_wconf 80' lang='lat' dir='ltr'><strong>ergo</strong></span> <span class='ocrx_word' id='word_1_226' title='bbox 651 2167 683 2223; x_wconf 86' lang='lat' dir='ltr'><strong>fit</strong></span> <span class='ocrx_word' id='word_1_227' title='bbox 701 2167 817 2224; x_wconf 86' lang='lat' dir='ltr'><strong>effabile.</strong></span> 
     </span>
    </p>
   </div>
   <div class='ocr_carea' id='block_1_7' title="bbox 123 2241 1473 4784">
    <p class='ocr_par' dir='ltr' id='par_1_8' title="bbox 201 2241 1468 2327">
     <span class='ocr_line' id='line_1_23' title="bbox 201 2241 1468 2327; baseline 0.001 -17"><span class='ocrx_word' id='word_1_228' title='bbox 201 2249 308 2310; x_wconf 86' lang='lat' dir='ltr'>XXV.</span> <span class='ocrx_word' id='word_1_229' title='bbox 331 2247 532 2308; x_wconf 79' lang='lat' dir='ltr'><strong>Definitio.</strong></span> <span class='ocrx_word' id='word_1_230' title='bbox 576 2244 729 2323; x_wconf 77' lang='lat' dir='ltr'><strong>igiturex</strong></span> <span class='ocrx_word' id='word_1_231' title='bbox 757 2241 887 2306; x_wconf 87' lang='lat' dir='ltr'><strong>secunda</strong></span> <span class='ocrx_word' id='word_1_232' title='bbox 908 2244 979 2323; x_wconf 83' lang='lat' dir='ltr'><strong>biga</strong></span> <span class='ocrx_word' id='word_1_233' title='bbox 1008 2249 1085 2308; x_wconf 86' lang='lat' dir='ltr'><strong>sexti</strong></span> <span class='ocrx_word' id='word_1_234' title='bbox 1117 2249 1226 2327; x_wconf 74' lang='lat' dir='ltr'><strong>gradm</strong></span> <span class='ocrx_word' id='word_1_235' title='bbox 1248 2268 1327 2309; x_wconf 90' lang='lat' dir='ltr'><strong>num.</strong></span> <span class='ocrx_word' id='word_1_236' title='bbox 1351 2249 1468 2311; x_wconf 87' lang='lat' dir='ltr'>XVIII.</span> 
     </span>
    </p>

    <p class='ocr_par' dir='ltr' id='par_1_9' title="bbox 123 2332 1473 3381">
     <span class='ocr_line' id='line_1_24' title="bbox 123 2332 1470 2416; baseline 0.004 -21"><span class='ocrx_word' id='word_1_237' title='bbox 123 2339 281 2415; x_wconf 90' lang='lat' dir='ltr'><strong>praemisso</strong></span> <span class='ocrx_word' id='word_1_238' title='bbox 304 2336 450 2398; x_wconf 88' lang='lat' dir='ltr'><strong>linearum</strong></span> <span class='ocrx_word' id='word_1_239' title='bbox 470 2336 545 2394; x_wconf 89' lang='lat' dir='ltr'><strong>inter</strong></span> <span class='ocrx_word' id='word_1_240' title='bbox 566 2349 598 2394; x_wconf 91' lang='lat' dir='ltr'><strong>se</strong></span> <span class='ocrx_word' id='word_1_241' title='bbox 619 2332 708 2410; x_wconf 89' lang='lat' dir='ltr'><strong>plane</strong></span> <span class='ocrx_word' id='word_1_242' title='bbox 734 2332 1087 2411; x_wconf 85' lang='lat' dir='ltr'><strong>incommcuanmbilium,</strong></span> <span class='ocrx_word' id='word_1_243' title='bbox 1111 2338 1224 2414; x_wconf 88' lang='lat' dir='ltr'><strong>qulbus</strong></span> <span class='ocrx_word' id='word_1_244' title='bbox 1252 2355 1368 2398; x_wconf 88' lang='lat' dir='ltr'><strong>summa</strong></span> <span class='ocrx_word' id='word_1_245' title='bbox 1394 2356 1470 2416; x_wconf 90' lang='lat' dir='ltr'><strong>qna-</strong></span> 
     </span>
     <span class='ocr_line' id='line_1_25' title="bbox 125 2418 1469 2501; baseline 0 -15"><span class='ocrx_word' id='word_1_246' title='bbox 125 2425 269 2487; x_wconf 87' lang='lat' dir='ltr'><strong>dratorum</strong></span> <span class='ocrx_word' id='word_1_247' title='bbox 291 2431 339 2488; x_wconf 87' lang='lat' dir='ltr'><strong>est</strong></span> <span class='ocrx_word' id='word_1_248' title='bbox 361 2420 500 2496; x_wconf 79' lang='lat' dir='ltr'><strong>effabilis,</strong></span> <span class='ocrx_word' id='word_1_249' title='bbox 530 2418 732 2497; x_wconf 71' lang='lat' dir='ltr'><strong>rectiangulum</strong></span> <span class='ocrx_word' id='word_1_250' title='bbox 754 2438 870 2497; x_wconf 81' lang='lat' dir='ltr'><strong>meson,</strong></span> <span class='ocrx_word' id='word_1_251' title='bbox 894 2423 1107 2501; x_wconf 89' lang='lat' dir='ltr'><strong>compositione</strong></span> <span class='ocrx_word' id='word_1_252' title='bbox 1129 2427 1259 2486; x_wconf 89' lang='lat' dir='ltr'><strong>nascitur</strong></span> <span class='ocrx_word' id='word_1_253' title='bbox 1280 2427 1393 2501; x_wconf 76' lang='lat' dir='ltr'><strong>mizon,</strong></span> <span class='ocrx_word' id='word_1_254' title='bbox 1417 2443 1469 2486; x_wconf 90' lang='lat' dir='ltr'><strong>seu</strong></span> 
     </span>
     <span class='ocr_line' id='line_1_26' title="bbox 124 2508 1470 2591; baseline -0.001 -17"><span class='ocrx_word' id='word_1_255' title='bbox 124 2513 211 2590; x_wconf 83' lang='lat' dir='ltr'><strong>major</strong></span> <span class='ocrx_word' id='word_1_256' title='bbox 240 2513 337 2590; x_wconf 77' lang='lat' dir='ltr'><strong>dicta3</strong></span> <span class='ocrx_word' id='word_1_257' title='bbox 372 2511 569 2573; x_wconf 75' lang='lat' dir='ltr'><strong>abstractione</strong></span> <span class='ocrx_word' id='word_1_258' title='bbox 611 2508 728 2570; x_wconf 88' lang='lat' dir='ltr'><strong>alasson</strong></span> <span class='ocrx_word' id='word_1_259' title='bbox 755 2527 808 2570; x_wconf 87' lang='lat' dir='ltr'><strong>seu</strong></span> <span class='ocrx_word' id='word_1_260' title='bbox 837 2510 939 2571; x_wconf 88' lang='lat' dir='ltr'><strong>minor.</strong></span> <span class='ocrx_word' id='word_1_261' title='bbox 983 2511 1028 2570; x_wconf 85' lang='lat' dir='ltr'><strong>Ex</strong></span> <span class='ocrx_word' id='word_1_262' title='bbox 1051 2513 1152 2587; x_wconf 91' lang='lat' dir='ltr'><strong>tertia,</strong></span> <span class='ocrx_word' id='word_1_263' title='bbox 1183 2513 1235 2572; x_wconf 90' lang='lat' dir='ltr'><strong>ubi</strong></span> <span class='ocrx_word' id='word_1_264' title='bbox 1257 2531 1371 2574; x_wconf 88' lang='lat' dir='ltr'><strong>summa</strong></span> <span class='ocrx_word' id='word_1_265' title='bbox 1394 2531 1470 2591; x_wconf 88' lang='lat' dir='ltr'><strong>qua-</strong></span> 
     </span>
     <span class='ocr_line' id='line_1_27' title="bbox 126 2596 1469 2678; baseline -0.001 -16"><span class='ocrx_word' id='word_1_266' title='bbox 126 2601 267 2662; x_wconf 90' lang='lat' dir='ltr'><strong>dratorum</strong></span> <span class='ocrx_word' id='word_1_267' title='bbox 290 2607 338 2664; x_wconf 86' lang='lat' dir='ltr'><strong>ast</strong></span> <span class='ocrx_word' id='word_1_268' title='bbox 360 2615 471 2672; x_wconf 78' lang='lat' dir='ltr'><strong>mesum</strong></span> <span class='ocrx_word' id='word_1_269' title='bbox 493 2596 694 2675; x_wconf 74' lang='lat' dir='ltr'><strong>motamqulum</strong></span> <span class='ocrx_word' id='word_1_270' title='bbox 718 2596 850 2671; x_wconf 81' lang='lat' dir='ltr'><strong>effabile,</strong></span> <span class='ocrx_word' id='word_1_271' title='bbox 874 2614 950 2675; x_wconf 88' lang='lat' dir='ltr'><strong>qnae</strong></span> <span class='ocrx_word' id='word_1_272' title='bbox 972 2599 1175 2676; x_wconf 87' lang='lat' dir='ltr'><strong>componendo</strong></span> <span class='ocrx_word' id='word_1_273' title='bbox 1198 2603 1341 2675; x_wconf 88' lang='lat' dir='ltr'><strong>nascitur,</strong></span> <span class='ocrx_word' id='word_1_274' title='bbox 1362 2617 1469 2678; x_wconf 86' lang='lat' dir='ltr'><strong>nomen</strong></span> 
     </span>
     <span class='ocr_line' id='line_1_28' title="bbox 124 2685 1470 2768; baseline 0.001 -20"><span class='ocrx_word' id='word_1_275' title='bbox 124 2688 208 2750; x_wconf 89' lang='lat' dir='ltr'><strong>babet</strong></span> <span class='ocrx_word' id='word_1_276' title='bbox 228 2697 337 2768; x_wconf 87' lang='lat' dir='ltr'><strong>potens</strong></span> <span class='ocrx_word' id='word_1_277' title='bbox 361 2687 478 2748; x_wconf 85' lang='lat' dir='ltr'><strong>effabile</strong></span> <span class='ocrx_word' id='word_1_278' title='bbox 501 2695 531 2746; x_wconf 88' lang='lat' dir='ltr'><strong>et</strong></span> <span class='ocrx_word' id='word_1_279' title='bbox 552 2701 662 2760; x_wconf 91' lang='lat' dir='ltr'><strong>meson,</strong></span> <span class='ocrx_word' id='word_1_280' title='bbox 686 2702 762 2763; x_wconf 89' lang='lat' dir='ltr'><strong>quae</strong></span> <span class='ocrx_word' id='word_1_281' title='bbox 784 2685 991 2762; x_wconf 86' lang='lat' dir='ltr'><strong>abstrahendo,</strong></span> <span class='ocrx_word' id='word_1_282' title='bbox 1015 2686 1124 2749; x_wconf 74' lang='lat' dir='ltr'><strong>lauans</strong></span> <span class='ocrx_word' id='word_1_283' title='bbox 1147 2705 1214 2748; x_wconf 88' lang='lat' dir='ltr'><strong>cum</strong></span> <span class='ocrx_word' id='word_1_284' title='bbox 1237 2689 1345 2749; x_wconf 81' lang='lat' dir='ltr'><strong>effabili</strong></span> <span class='ocrx_word' id='word_1_285' title='bbox 1368 2705 1470 2751; x_wconf 84' lang='lat' dir='ltr'><strong>meson</strong></span> 
     </span>
     <span class='ocr_line' id='line_1_29' title="bbox 125 2760 1470 2853; baseline 0 -17"><span class='ocrx_word' id='word_1_286' title='bbox 125 2784 221 2837; x_wconf 89' lang='lat' dir='ltr'><strong>totum.</strong></span> <span class='ocrx_word' id='word_1_287' title='bbox 266 2778 406 2852; x_wconf 90' lang='lat' dir='ltr'><strong>Denique</strong></span> <span class='ocrx_word' id='word_1_288' title='bbox 429 2791 466 2835; x_wconf 88' lang='lat' dir='ltr'><strong>ax</strong></span> <span class='ocrx_word' id='word_1_289' title='bbox 488 2779 593 2851; x_wconf 87' lang='lat' dir='ltr'><strong>quarta</strong></span> <span class='ocrx_word' id='word_1_290' title='bbox 614 2773 686 2851; x_wconf 77' lang='lat' dir='ltr'><strong>biga</strong></span> <span class='ocrx_word' id='word_1_291' title='bbox 707 2775 822 2850; x_wconf 85' lang='lat' dir='ltr'><strong>septimi</strong></span> <span class='ocrx_word' id='word_1_292' title='bbox 844 2760 972 2852; x_wconf 64' lang='lat' dir='ltr'><strong>gradusJ</strong></span> <span class='ocrx_word' id='word_1_293' title='bbox 996 2790 1074 2835; x_wconf 92' lang='lat' dir='ltr'><strong>unm.</strong></span> <span class='ocrx_word' id='word_1_294' title='bbox 1099 2770 1190 2836; x_wconf 88' lang='lat' dir='ltr'>XIX.</span> <span class='ocrx_word' id='word_1_295' title='bbox 1213 2779 1388 2853; x_wconf 89' lang='lat' dir='ltr'><strong>praemissa,</strong></span> <span class='ocrx_word' id='word_1_296' title='bbox 1417 2778 1470 2837; x_wconf 89' lang='lat' dir='ltr'><strong>ubi</strong></span> 
     </span>
     <span class='ocr_line' id='line_1_30' title="bbox 125 2859 1469 2942; baseline 0.001 -19"><span class='ocrx_word' id='word_1_297' title='bbox 125 2871 239 2942; x_wconf 88' lang='lat' dir='ltr'><strong>uterque</strong></span> <span class='ocrx_word' id='word_1_298' title='bbox 261 2865 386 2926; x_wconf 83' lang='lat' dir='ltr'><strong>allectus</strong></span> <span class='ocrx_word' id='word_1_299' title='bbox 408 2862 441 2923; x_wconf 88' lang='lat' dir='ltr'><strong>tit</strong></span> <span class='ocrx_word' id='word_1_300' title='bbox 462 2878 580 2937; x_wconf 89' lang='lat' dir='ltr'><strong>meson,</strong></span> <span class='ocrx_word' id='word_1_301' title='bbox 612 2859 813 2938; x_wconf 89' lang='lat' dir='ltr'><strong>componendo</strong></span> <span class='ocrx_word' id='word_1_302' title='bbox 842 2861 876 2922; x_wconf 92' lang='lat' dir='ltr'><strong>tlt</strong></span> <span class='ocrx_word' id='word_1_303' title='bbox 901 2869 1007 2940; x_wconf 87' lang='lat' dir='ltr'><strong>potens</strong></span> <span class='ocrx_word' id='word_1_304' title='bbox 1033 2863 1104 2926; x_wconf 88' lang='lat' dir='ltr'><strong>bina</strong></span> <span class='ocrx_word' id='word_1_305' title='bbox 1131 2862 1243 2940; x_wconf 81' lang='lat' dir='ltr'><strong>medlo,</strong></span> <span class='ocrx_word' id='word_1_306' title='bbox 1273 2864 1469 2928; x_wconf 87' lang='lat' dir='ltr'><strong>abstrahendo</strong></span> 
     </span>
     <span class='ocr_line' id='line_1_31' title="bbox 124 2952 670 3014; baseline -0.013 1"><span class='ocrx_word' id='word_1_307' title='bbox 124 2952 225 3014; x_wconf 75' lang='lat' dir='ltr'><strong>boiens</strong></span> <span class='ocrx_word' id='word_1_308' title='bbox 248 2969 318 3014; x_wconf 90' lang='lat' dir='ltr'><strong>cum</strong></span> <span class='ocrx_word' id='word_1_309' title='bbox 339 2967 422 3013; x_wconf 89' lang='lat' dir='ltr'><strong>meso</strong></span> <span class='ocrx_word' id='word_1_310' title='bbox 443 2966 545 3010; x_wconf 86' lang='lat' dir='ltr'><strong>meson</strong></span> <span class='ocrx_word' id='word_1_311' title='bbox 567 2955 670 3010; x_wconf 90' lang='lat' dir='ltr'><strong>totum.</strong></span> 
     </span>
     <span class='ocr_line' id='line_1_32' title="bbox 138 3036 1471 3118; baseline -0.002 -16"><span class='ocrx_word' id='word_1_312' title='bbox 138 3095 142 3102; x_wconf 89' lang='lat'>.</span> <span class='ocrx_word' id='word_1_313' title='bbox 203 3037 241 3102; x_wconf 79' lang='lat' dir='ltr'><strong>Et</strong></span> <span class='ocrx_word' id='word_1_314' title='bbox 272 3057 343 3102; x_wconf 90' lang='lat' dir='ltr'><strong>ecce</strong></span> <span class='ocrx_word' id='word_1_315' title='bbox 374 3040 515 3117; x_wconf 72' lang='lat' dir='ltr'><strong>orlglnem</strong></span> <span class='ocrx_word' id='word_1_316' title='bbox 546 3036 700 3102; x_wconf 84' lang='lat' dir='ltr'><strong>duodecim</strong></span> <span class='ocrx_word' id='word_1_317' title='bbox 736 3037 898 3115; x_wconf 86' lang='lat' dir='ltr'><strong>specierum</strong></span> <span class='ocrx_word' id='word_1_318' title='bbox 929 3036 1136 3102; x_wconf 85' lang='lat' dir='ltr'><strong>Euclidearnm</strong></span> <span class='ocrx_word' id='word_1_319' title='bbox 1170 3055 1328 3118; x_wconf 89' lang='lat' dir='ltr'><strong>earumque</strong></span> <span class='ocrx_word' id='word_1_320' title='bbox 1358 3041 1471 3100; x_wconf 89' lang='lat' dir='ltr'><strong>numeri</strong></span> 
     </span>
     <span class='ocr_line' id='line_1_33' title="bbox 126 3124 1473 3206; baseline 0.001 -19"><span class='ocrx_word' id='word_1_321' title='bbox 126 3145 235 3190; x_wconf 74' lang='lat' dir='ltr'><strong>canam.</strong></span> <span class='ocrx_word' id='word_1_322' title='bbox 280 3127 359 3188; x_wconf 85' lang='lat' dir='ltr'><strong>Nam</strong></span> <span class='ocrx_word' id='word_1_323' title='bbox 383 3125 421 3186; x_wconf 91' lang='lat' dir='ltr'><strong>ad</strong></span> <span class='ocrx_word' id='word_1_324' title='bbox 444 3125 628 3201; x_wconf 87' lang='lat' dir='ltr'><strong>remotiores,</strong></span> <span class='ocrx_word' id='word_1_325' title='bbox 652 3142 728 3202; x_wconf 90' lang='lat' dir='ltr'><strong>quae</strong></span> <span class='ocrx_word' id='word_1_326' title='bbox 751 3124 799 3185; x_wconf 86' lang='lat' dir='ltr'><strong>vel</strong></span> <span class='ocrx_word' id='word_1_327' title='bbox 822 3142 966 3186; x_wconf 88' lang='lat' dir='ltr'><strong>summam</strong></span> <span class='ocrx_word' id='word_1_328' title='bbox 988 3126 1213 3203; x_wconf 88' lang='lat' dir='ltr'><strong>quadratorum,</strong></span> <span class='ocrx_word' id='word_1_329' title='bbox 1245 3125 1294 3189; x_wconf 88' lang='lat' dir='ltr'><strong>rel</strong></span> <span class='ocrx_word' id='word_1_330' title='bbox 1316 3134 1473 3206; x_wconf 77' lang='lat' dir='ltr'><strong>rectamqu-</strong></span> 
     </span>
     <span class='ocr_line' id='line_1_34' title="bbox 124 3211 1473 3295; baseline 0.003 -22"><span class='ocrx_word' id='word_1_331' title='bbox 124 3214 182 3275; x_wconf 91' lang='lat' dir='ltr'><strong>lum</strong></span> <span class='ocrx_word' id='word_1_332' title='bbox 203 3233 371 3289; x_wconf 86' lang='lat' dir='ltr'><strong>commuue,</strong></span> <span class='ocrx_word' id='word_1_333' title='bbox 394 3213 442 3276; x_wconf 85' lang='lat' dir='ltr'><strong>rol</strong></span> <span class='ocrx_word' id='word_1_334' title='bbox 464 3220 620 3290; x_wconf 89' lang='lat' dir='ltr'><strong>utrumque</strong></span> <span class='ocrx_word' id='word_1_335' title='bbox 641 3213 791 3292; x_wconf 86' lang='lat' dir='ltr'><strong>proterant</strong></span> <span class='ocrx_word' id='word_1_336' title='bbox 812 3212 889 3274; x_wconf 89' lang='lat' dir='ltr'><strong>ultra</strong></span> <span class='ocrx_word' id='word_1_337' title='bbox 910 3211 1037 3275; x_wconf 81' lang='lat' dir='ltr'><strong>effabilia</strong></span> <span class='ocrx_word' id='word_1_338' title='bbox 1060 3221 1090 3277; x_wconf 87' lang='lat' dir='ltr'><strong>et</strong></span> <span class='ocrx_word' id='word_1_339' title='bbox 1121 3231 1204 3276; x_wconf 90' lang='lat' dir='ltr'><strong>mesa</strong></span> <span class='ocrx_word' id='word_1_340' title='bbox 1232 3217 1261 3274; x_wconf 89' lang='lat' dir='ltr'><strong>in</strong></span> <span class='ocrx_word' id='word_1_341' title='bbox 1284 3215 1473 3295; x_wconf 79' lang='lat' dir='ltr'><strong>ignobiliores</strong></span> 
     </span>
     <span class='ocr_line' id='line_1_35' title="bbox 126 3298 1296 3381; baseline -0.001 -17"><span class='ocrx_word' id='word_1_342' title='bbox 126 3306 327 3381; x_wconf 65' lang='lat' dir='ltr'><strong>speciosum</strong></span> <span class='ocrx_word' id='word_1_343' title='bbox 351 3301 464 3364; x_wconf 80' lang='lat' dir='ltr'><strong>censmt</strong></span> <span class='ocrx_word' id='word_1_344' title='bbox 485 3301 621 3362; x_wconf 78' lang='lat' dir='ltr'><strong>Endidae</strong></span> <span class='ocrx_word' id='word_1_345' title='bbox 644 3302 702 3362; x_wconf 86' lang='lat' dir='ltr'><strong>sibi</strong></span> <span class='ocrx_word' id='word_1_346' title='bbox 722 3300 965 3378; x_wconf 72' lang='lat' dir='ltr'><strong>progrediandum</strong></span> <span class='ocrx_word' id='word_1_347' title='bbox 988 3319 1061 3364; x_wconf 88' lang='lat' dir='ltr'><strong>esse.</strong></span> <span class='ocrx_word' id='word_1_348' title='bbox 1293 3298 1296 3304; x_wconf 67' lang='lat'>‘</span> 
     </span>
    </p>

    <p class='ocr_par' dir='ltr' id='par_1_10' title="bbox 125 3387 1473 3896">
     <span class='ocr_line' id='line_1_36' title="bbox 202 3387 1472 3467; baseline -0.002 -15"><span class='ocrx_word' id='word_1_349' title='bbox 202 3389 326 3452; x_wconf 87' lang='lat' dir='ltr'>XXVI.</span> <span class='ocrx_word' id='word_1_350' title='bbox 358 3389 547 3460; x_wconf 81' lang='lat' dir='ltr'><strong>Definitio</strong></span> <span class='ocrx_word' id='word_1_351' title='bbox 582 3394 620 3449; x_wconf 87' lang='lat' dir='ltr'><strong>et</strong></span> <span class='ocrx_word' id='word_1_352' title='bbox 658 3388 917 3466; x_wconf 82' lang='lat' dir='ltr'><strong>Comparatio.</strong></span> <span class='ocrx_word' id='word_1_353' title='bbox 962 3387 1101 3458; x_wconf 75' lang='lat' dir='ltr'><strong>sulficere</strong></span> <span class='ocrx_word' id='word_1_354' title='bbox 1130 3390 1189 3450; x_wconf 86' lang='lat' dir='ltr'><strong>ista</strong></span> <span class='ocrx_word' id='word_1_355' title='bbox 1218 3395 1355 3467; x_wconf 85' lang='lat' dir='ltr'><strong>poteraut</strong></span> <span class='ocrx_word' id='word_1_356' title='bbox 1383 3391 1472 3451; x_wconf 89' lang='lat' dir='ltr'><strong>etiam</strong></span> 
     </span>
     <span class='ocr_line' id='line_1_37' title="bbox 126 3475 1473 3557; baseline 0.001 -21"><span class='ocrx_word' id='word_1_357' title='bbox 126 3479 204 3540; x_wconf 91' lang='lat' dir='ltr'><strong>nobis</strong></span> <span class='ocrx_word' id='word_1_358' title='bbox 225 3480 264 3542; x_wconf 94' lang='lat' dir='ltr'><strong>ad</strong></span> <span class='ocrx_word' id='word_1_359' title='bbox 280 3476 504 3541; x_wconf 87' lang='lat' dir='ltr'><strong>constituendos</strong></span> <span class='ocrx_word' id='word_1_360' title='bbox 518 3475 627 3555; x_wconf 82' lang='lat' dir='ltr'><strong>gradm</strong></span> <span class='ocrx_word' id='word_1_361' title='bbox 643 3475 930 3551; x_wconf 85' lang='lat' dir='ltr'><strong>demonstrationum,</strong></span> <span class='ocrx_word' id='word_1_362' title='bbox 954 3479 1060 3555; x_wconf 90' lang='lat' dir='ltr'><strong>qulbus</strong></span> <span class='ocrx_word' id='word_1_363' title='bbox 1082 3478 1176 3540; x_wconf 88' lang='lat' dir='ltr'><strong>latera</strong></span> <span class='ocrx_word' id='word_1_364' title='bbox 1199 3477 1365 3557; x_wconf 81' lang='lat' dir='ltr'><strong>figurarum,</strong></span> <span class='ocrx_word' id='word_1_365' title='bbox 1386 3479 1473 3545; x_wconf 85' lang='lat' dir='ltr'><strong>nobis</strong></span> 
     </span>
     <span class='ocr_line' id='line_1_38' title="bbox 128 3564 1473 3643; baseline 0.001 -19"><span class='ocrx_word' id='word_1_366' title='bbox 128 3565 164 3625; x_wconf 91' lang='lat' dir='ltr'><strong>ad</strong></span> <span class='ocrx_word' id='word_1_367' title='bbox 184 3568 354 3630; x_wconf 85' lang='lat' dir='ltr'><strong>harmonica</strong></span> <span class='ocrx_word' id='word_1_368' title='bbox 375 3566 612 3639; x_wconf 85' lang='lat' dir='ltr'><strong>necessariarum,</strong></span> <span class='ocrx_word' id='word_1_369' title='bbox 637 3564 865 3643; x_wconf 79' lang='lat' dir='ltr'><strong>distinguuntur:</strong></span> <span class='ocrx_word' id='word_1_370' title='bbox 888 3566 945 3624; x_wconf 87' lang='lat' dir='ltr'><strong>uisi</strong></span> <span class='ocrx_word' id='word_1_371' title='bbox 966 3567 1142 3643; x_wconf 87' lang='lat' dir='ltr'><strong>quibusdam</strong></span> <span class='ocrx_word' id='word_1_372' title='bbox 1165 3583 1201 3627; x_wconf 85' lang='lat' dir='ltr'><strong>ex</strong></span> <span class='ocrx_word' id='word_1_373' title='bbox 1215 3567 1365 3628; x_wconf 88' lang='lat' dir='ltr'><strong>recensitis</strong></span> <span class='ocrx_word' id='word_1_374' title='bbox 1388 3583 1473 3626; x_wconf 91' lang='lat' dir='ltr'><strong>acce·</strong></span> 
     </span>
     <span class='ocr_line' id='line_1_39' title="bbox 128 3653 1473 3733; baseline 0.001 -21"><span class='ocrx_word' id='word_1_375' title='bbox 128 3653 220 3717; x_wconf 83' lang='lat' dir='ltr'><strong>duent</strong></span> <span class='ocrx_word' id='word_1_376' title='bbox 242 3655 323 3719; x_wconf 88' lang='lat' dir='ltr'><strong>aliae</strong></span> <span class='ocrx_word' id='word_1_377' title='bbox 344 3657 463 3733; x_wconf 87' lang='lat' dir='ltr'><strong>iusuper</strong></span> <span class='ocrx_word' id='word_1_378' title='bbox 483 3655 692 3732; x_wconf 85' lang='lat' dir='ltr'><strong>proprietates,</strong></span> <span class='ocrx_word' id='word_1_379' title='bbox 723 3655 783 3713; x_wconf 92' lang='lat' dir='ltr'><strong>imo</strong></span> <span class='ocrx_word' id='word_1_380' title='bbox 805 3655 862 3712; x_wconf 88' lang='lat' dir='ltr'><strong>nisi</strong></span> <span class='ocrx_word' id='word_1_381' title='bbox 883 3657 1125 3730; x_wconf 83' lang='lat' dir='ltr'><strong>praevenirentur</strong></span> <span class='ocrx_word' id='word_1_382' title='bbox 1146 3655 1289 3716; x_wconf 87' lang='lat' dir='ltr'><strong>hactenus</strong></span> <span class='ocrx_word' id='word_1_383' title='bbox 1312 3655 1473 3716; x_wconf 89' lang='lat' dir='ltr'><strong>recensitae</strong></span> 
     </span>
     <span class='ocr_line' id='line_1_40' title="bbox 125 3739 1472 3822; baseline -0.002 -19"><span class='ocrx_word' id='word_1_384' title='bbox 125 3747 313 3822; x_wconf 86' lang='lat' dir='ltr'><strong>proprietatos</strong></span> <span class='ocrx_word' id='word_1_385' title='bbox 335 3741 529 3804; x_wconf 86' lang='lat' dir='ltr'><strong>nobilioribus</strong></span> <span class='ocrx_word' id='word_1_386' title='bbox 552 3741 627 3817; x_wconf 89' lang='lat' dir='ltr'><strong>allis,</strong></span> <span class='ocrx_word' id='word_1_387' title='bbox 651 3740 758 3818; x_wconf 89' lang='lat' dir='ltr'><strong>quibus</strong></span> <span class='ocrx_word' id='word_1_388' title='bbox 781 3739 966 3804; x_wconf 90' lang='lat' dir='ltr'><strong>cumulantur</strong></span> <span class='ocrx_word' id='word_1_389' title='bbox 980 3741 1088 3820; x_wconf 80' lang='lat' dir='ltr'><strong>gradus</strong></span> <span class='ocrx_word' id='word_1_390' title='bbox 1110 3742 1334 3805; x_wconf 83' lang='lat' dir='ltr'><strong>scientificarum</strong></span> <span class='ocrx_word' id='word_1_391' title='bbox 1350 3742 1472 3802; x_wconf 86' lang='lat' dir='ltr'><strong>demon-</strong></span> 
     </span>
     <span class='ocr_line' id='line_1_41' title="bbox 125 3835 346 3896; baseline 0.036 -8"><span class='ocrx_word' id='word_1_392' title='bbox 125 3835 301 3896; x_wconf 86' lang='lat' dir='ltr'><strong>strationum.</strong></span> <span class='ocrx_word' id='word_1_393' title='bbox 339 3855 346 3870; x_wconf 70' lang='lat'><strong><em>‘</em></strong></span> 
     </span>
    </p>

    <p class='ocr_par' dir='ltr' id='par_1_11' title="bbox 124 3911 1473 4784">
     <span class='ocr_line' id='line_1_42' title="bbox 210 3911 1473 4004; baseline -0.005 -24"><span class='ocrx_word' id='word_1_394' title='bbox 210 3921 344 4004; x_wconf 86' lang='lat' dir='ltr'><strong>Ventum</strong></span> <span class='ocrx_word' id='word_1_395' title='bbox 365 3924 411 3980; x_wconf 86' lang='lat' dir='ltr'><strong>ast</strong></span> <span class='ocrx_word' id='word_1_396' title='bbox 433 3916 472 3977; x_wconf 85' lang='lat' dir='ltr'><strong>ad</strong></span> <span class='ocrx_word' id='word_1_397' title='bbox 494 3917 736 3996; x_wconf 86' lang='lat' dir='ltr'><strong>compositionem</strong></span> <span class='ocrx_word' id='word_1_398' title='bbox 758 3923 788 3978; x_wconf 92' lang='lat' dir='ltr'><strong>et</strong></span> <span class='ocrx_word' id='word_1_399' title='bbox 810 3916 1051 3995; x_wconf 76' lang='lat' dir='ltr'><strong>abstractionem,</strong></span> <span class='ocrx_word' id='word_1_400' title='bbox 1074 3919 1126 3980; x_wconf 90' lang='lat' dir='ltr'><strong>nbi</strong></span> <span class='ocrx_word' id='word_1_401' title='bbox 1147 3918 1241 3978; x_wconf 88' lang='lat' dir='ltr'><strong>lineas</strong></span> <span class='ocrx_word' id='word_1_402' title='bbox 1256 3911 1473 3994; x_wconf 85' lang='lat' dir='ltr'><strong>componendas</strong></span> 
     </span>
     <span class='ocr_line' id='line_1_43' title="bbox 125 4001 1470 4084; baseline -0.001 -22"><span class='ocrx_word' id='word_1_403' title='bbox 125 4007 168 4065; x_wconf 88' lang='lat' dir='ltr'><strong>rel</strong></span> <span class='ocrx_word' id='word_1_404' title='bbox 190 4007 402 4070; x_wconf 76' lang='lat' dir='ltr'><strong>abstrahendus</strong></span> <span class='ocrx_word' id='word_1_405' title='bbox 423 4004 491 4065; x_wconf 85' lang='lat' dir='ltr'><strong>laxe</strong></span> <span class='ocrx_word' id='word_1_406' title='bbox 514 4007 679 4080; x_wconf 87' lang='lat' dir='ltr'><strong>sumsimus,</strong></span> <span class='ocrx_word' id='word_1_407' title='bbox 702 4003 784 4066; x_wconf 91' lang='lat' dir='ltr'><strong>nulla</strong></span> <span class='ocrx_word' id='word_1_408' title='bbox 805 4007 840 4064; x_wconf 88' lang='lat' dir='ltr'><strong>iis</strong></span> <span class='ocrx_word' id='word_1_409' title='bbox 863 4001 1005 4084; x_wconf 84' lang='lat' dir='ltr'><strong>imposita</strong></span> <span class='ocrx_word' id='word_1_410' title='bbox 1020 4013 1118 4068; x_wconf 87' lang='lat' dir='ltr'><strong>certae</strong></span> <span class='ocrx_word' id='word_1_411' title='bbox 1141 4005 1315 4083; x_wconf 87' lang='lat' dir='ltr'><strong>quantitatis</strong></span> <span class='ocrx_word' id='word_1_412' title='bbox 1338 4004 1470 4066; x_wconf 77' lang='lat' dir='ltr'><strong>nouaui-</strong></span> 
     </span>
     <span class='ocr_line' id='line_1_44' title="bbox 124 4091 1471 4172; baseline -0.001 -20"><span class='ocrx_word' id='word_1_413' title='bbox 124 4099 189 4154; x_wconf 86' lang='lat' dir='ltr'><strong>tate.</strong></span> <span class='ocrx_word' id='word_1_414' title='bbox 235 4093 350 4172; x_wconf 85' lang='lat' dir='ltr'><strong>Quodsi</strong></span> <span class='ocrx_word' id='word_1_415' title='bbox 369 4099 430 4164; x_wconf 79' lang='lat' dir='ltr'><strong>Jam</strong></span> <span class='ocrx_word' id='word_1_416' title='bbox 453 4092 669 4170; x_wconf 79' lang='lat' dir='ltr'><strong>adstringamur</strong></span> <span class='ocrx_word' id='word_1_417' title='bbox 687 4093 788 4172; x_wconf 76' lang='lat' dir='ltr'><strong>leges,</strong></span> <span class='ocrx_word' id='word_1_418' title='bbox 814 4094 953 4172; x_wconf 87' lang='lat' dir='ltr'><strong>imposita</strong></span> <span class='ocrx_word' id='word_1_419' title='bbox 975 4101 1055 4156; x_wconf 90' lang='lat' dir='ltr'><strong>certa</strong></span> <span class='ocrx_word' id='word_1_420' title='bbox 1075 4095 1264 4172; x_wconf 87' lang='lat' dir='ltr'><strong>proportione</strong></span> <span class='ocrx_word' id='word_1_421' title='bbox 1286 4091 1382 4168; x_wconf 80' lang='lat' dir='ltr'><strong>bigis,</strong></span> <span class='ocrx_word' id='word_1_422' title='bbox 1412 4107 1471 4151; x_wconf 90' lang='lat' dir='ltr'><strong>uon</strong></span> 
     </span>
     <span class='ocr_line' id='line_1_45' title="bbox 126 4178 1471 4260; baseline -0.002 -20"><span class='ocrx_word' id='word_1_423' title='bbox 126 4181 238 4258; x_wconf 88' lang='lat' dir='ltr'><strong>quidem</strong></span> <span class='ocrx_word' id='word_1_424' title='bbox 261 4186 304 4244; x_wconf 88' lang='lat' dir='ltr'><strong>sic</strong></span> <span class='ocrx_word' id='word_1_425' title='bbox 327 4181 412 4254; x_wconf 89' lang='lat' dir='ltr'><strong>datis,</strong></span> <span class='ocrx_word' id='word_1_426' title='bbox 436 4186 470 4241; x_wconf 90' lang='lat' dir='ltr'><strong>ut</strong></span> <span class='ocrx_word' id='word_1_427' title='bbox 491 4179 561 4240; x_wconf 86' lang='lat' dir='ltr'><strong>illae</strong></span> <span class='ocrx_word' id='word_1_428' title='bbox 579 4180 700 4256; x_wconf 79' lang='lat' dir='ltr'><strong>jbnmae</strong></span> <span class='ocrx_word' id='word_1_429' title='bbox 723 4199 810 4242; x_wconf 88' lang='lat' dir='ltr'><strong>unam</strong></span> <span class='ocrx_word' id='word_1_430' title='bbox 834 4181 987 4243; x_wconf 87' lang='lat' dir='ltr'><strong>duodecim</strong></span> <span class='ocrx_word' id='word_1_431' title='bbox 1003 4185 1166 4260; x_wconf 88' lang='lat' dir='ltr'><strong>specierum</strong></span> <span class='ocrx_word' id='word_1_432' title='bbox 1186 4180 1326 4252; x_wconf 86' lang='lat' dir='ltr'><strong>iecerunt,</strong></span> <span class='ocrx_word' id='word_1_433' title='bbox 1350 4178 1401 4238; x_wconf 91' lang='lat' dir='ltr'><strong>sed</strong></span> <span class='ocrx_word' id='word_1_434' title='bbox 1422 4180 1471 4239; x_wconf 88' lang='lat' dir='ltr'><strong>bi-</strong></span> 
     </span>
     <span class='ocr_line' id='line_1_46' title="bbox 125 4263 1471 4348; baseline -0.003 -18"><span class='ocrx_word' id='word_1_435' title='bbox 125 4271 166 4346; x_wconf 78' lang='lat' dir='ltr'><strong>gis</strong></span> <span class='ocrx_word' id='word_1_436' title='bbox 189 4269 274 4332; x_wconf 85' lang='lat' dir='ltr'><strong>aliter</strong></span> <span class='ocrx_word' id='word_1_437' title='bbox 298 4270 383 4344; x_wconf 90' lang='lat' dir='ltr'><strong>datis,</strong></span> <span class='ocrx_word' id='word_1_438' title='bbox 406 4269 458 4329; x_wconf 89' lang='lat' dir='ltr'><strong>uni</strong></span> <span class='ocrx_word' id='word_1_439' title='bbox 481 4268 593 4329; x_wconf 86' lang='lat' dir='ltr'><strong>scilicet</strong></span> <span class='ocrx_word' id='word_1_440' title='bbox 614 4275 712 4329; x_wconf 88' lang='lat' dir='ltr'><strong>rectae</strong></span> <span class='ocrx_word' id='word_1_441' title='bbox 735 4269 822 4331; x_wconf 88' lang='lat' dir='ltr'><strong>datae</strong></span> <span class='ocrx_word' id='word_1_442' title='bbox 845 4275 875 4330; x_wconf 89' lang='lat' dir='ltr'><strong>et</strong></span> <span class='ocrx_word' id='word_1_443' title='bbox 898 4271 963 4347; x_wconf 86' lang='lat' dir='ltr'><strong>ejus</strong></span> <span class='ocrx_word' id='word_1_444' title='bbox 985 4273 1060 4348; x_wconf 89' lang='lat' dir='ltr'><strong>parti</strong></span> <span class='ocrx_word' id='word_1_445' title='bbox 1083 4269 1188 4346; x_wconf 90' lang='lat' dir='ltr'><strong>majori</strong></span> <span class='ocrx_word' id='word_1_446' title='bbox 1212 4263 1415 4341; x_wconf 83' lang='lat' dir='ltr'><strong>inveniendae,</strong></span> <span class='ocrx_word' id='word_1_447' title='bbox 1438 4274 1471 4326; x_wconf 93' lang='lat' dir='ltr'><strong>ut</strong></span> 
     </span>
     <span class='ocr_line' id='line_1_47' title="bbox 125 4354 1470 4435; baseline -0.001 -19"><span class='ocrx_word' id='word_1_448' title='bbox 125 4359 161 4418; x_wconf 88' lang='lat' dir='ltr'><strong>sit</strong></span> <span class='ocrx_word' id='word_1_449' title='bbox 182 4359 318 4418; x_wconf 87' lang='lat' dir='ltr'><strong>nimirum</strong></span> <span class='ocrx_word' id='word_1_450' title='bbox 341 4357 389 4418; x_wconf 90' lang='lat' dir='ltr'><strong>rel</strong></span> <span class='ocrx_word' id='word_1_451' title='bbox 412 4357 506 4417; x_wconf 88' lang='lat' dir='ltr'><strong>minor</strong></span> <span class='ocrx_word' id='word_1_452' title='bbox 527 4372 596 4435; x_wconf 89' lang='lat' dir='ltr'><strong>pars</strong></span> <span class='ocrx_word' id='word_1_453' title='bbox 618 4355 657 4418; x_wconf 89' lang='lat' dir='ltr'><strong>ad</strong></span> <span class='ocrx_word' id='word_1_454' title='bbox 679 4357 820 4434; x_wconf 86' lang='lat' dir='ltr'><strong>majorem</strong></span> <span class='ocrx_word' id='word_1_455' title='bbox 842 4364 875 4416; x_wconf 90' lang='lat' dir='ltr'><strong>nt</strong></span> <span class='ocrx_word' id='word_1_456' title='bbox 896 4358 991 4434; x_wconf 79' lang='lat' dir='ltr'><strong>maior</strong></span> <span class='ocrx_word' id='word_1_457' title='bbox 1013 4357 1052 4418; x_wconf 88' lang='lat' dir='ltr'><strong>ad</strong></span> <span class='ocrx_word' id='word_1_458' title='bbox 1073 4354 1307 4433; x_wconf 89' lang='lat' dir='ltr'><strong>componendam</strong></span> <span class='ocrx_word' id='word_1_459' title='bbox 1330 4371 1365 4414; x_wconf 86' lang='lat' dir='ltr'><strong>ex</strong></span> <span class='ocrx_word' id='word_1_460' title='bbox 1387 4361 1470 4416; x_wconf 92' lang='lat' dir='ltr'><strong>utra-</strong></span> 
     </span>
     <span class='ocr_line' id='line_1_48' title="bbox 127 4433 1471 4522; baseline -0.002 -16"><span class='ocrx_word' id='word_1_461' title='bbox 127 4462 188 4522; x_wconf 89' lang='lat' dir='ltr'><strong>que,</strong></span> <span class='ocrx_word' id='word_1_462' title='bbox 211 4445 260 4507; x_wconf 87' lang='lat' dir='ltr'><strong>rol</strong></span> <span class='ocrx_word' id='word_1_463' title='bbox 283 4447 413 4507; x_wconf 80' lang='lat' dir='ltr'><strong>vicissim</strong></span> <span class='ocrx_word' id='word_1_464' title='bbox 435 4445 529 4521; x_wconf 90' lang='lat' dir='ltr'><strong>major</strong></span> <span class='ocrx_word' id='word_1_465' title='bbox 551 4441 589 4505; x_wconf 93' lang='lat' dir='ltr'><strong>ad</strong></span> <span class='ocrx_word' id='word_1_466' title='bbox 610 4433 752 4504; x_wconf 85' lang='lat' dir='ltr'><strong>minorem</strong></span> <span class='ocrx_word' id='word_1_467' title='bbox 774 4452 808 4506; x_wconf 91' lang='lat' dir='ltr'><strong>ut</strong></span> <span class='ocrx_word' id='word_1_468' title='bbox 828 4447 922 4506; x_wconf 92' lang='lat' dir='ltr'><strong>minor</strong></span> <span class='ocrx_word' id='word_1_469' title='bbox 944 4445 982 4505; x_wconf 88' lang='lat' dir='ltr'><strong>ad</strong></span> <span class='ocrx_word' id='word_1_470' title='bbox 1004 4444 1166 4506; x_wconf 88' lang='lat' dir='ltr'><strong>residuam:</strong></span> <span class='ocrx_word' id='word_1_471' title='bbox 1191 4442 1270 4518; x_wconf 91' lang='lat' dir='ltr'><strong>qnod</strong></span> <span class='ocrx_word' id='word_1_472' title='bbox 1291 4449 1393 4503; x_wconf 89' lang='lat' dir='ltr'><strong>manet</strong></span> <span class='ocrx_word' id='word_1_473' title='bbox 1414 4444 1471 4504; x_wconf 91' lang='lat' dir='ltr'><strong>ab·</strong></span> 
     </span>
     <span class='ocr_line' id='line_1_49' title="bbox 126 4529 1470 4609; baseline -0.001 -17"><span class='ocrx_word' id='word_1_474' title='bbox 126 4535 280 4596; x_wconf 74' lang='lat' dir='ltr'><strong>abandons</strong></span> <span class='ocrx_word' id='word_1_475' title='bbox 304 4533 426 4594; x_wconf 89' lang='lat' dir='ltr'><strong>duarum</strong></span> <span class='ocrx_word' id='word_1_476' title='bbox 449 4533 540 4607; x_wconf 88' lang='lat' dir='ltr'><strong>iacta,</strong></span> <span class='ocrx_word' id='word_1_477' title='bbox 563 4548 622 4591; x_wconf 90' lang='lat' dir='ltr'><strong>nou</strong></span> <span class='ocrx_word' id='word_1_478' title='bbox 645 4549 759 4609; x_wconf 86' lang='lat' dir='ltr'><strong>semper</strong></span> <span class='ocrx_word' id='word_1_479' title='bbox 780 4532 830 4592; x_wconf 89' lang='lat' dir='ltr'><strong>tiet</strong></span> <span class='ocrx_word' id='word_1_480' title='bbox 852 4531 960 4609; x_wconf 79' lang='lat' dir='ltr'><strong>gradus</strong></span> <span class='ocrx_word' id='word_1_481' title='bbox 984 4533 1092 4608; x_wconf 88' lang='lat' dir='ltr'><strong>aliquis</strong></span> <span class='ocrx_word' id='word_1_482' title='bbox 1114 4531 1266 4606; x_wconf 91' lang='lat' dir='ltr'><strong>remotior,</strong></span> <span class='ocrx_word' id='word_1_483' title='bbox 1289 4529 1342 4594; x_wconf 89' lang='lat' dir='ltr'><strong>sed</strong></span> <span class='ocrx_word' id='word_1_484' title='bbox 1363 4547 1415 4607; x_wconf 91' lang='lat' dir='ltr'><strong>pro</strong></span> <span class='ocrx_word' id='word_1_485' title='bbox 1438 4547 1470 4591; x_wconf 89' lang='lat' dir='ltr'><strong>re</strong></span> 
     </span>
     <span class='ocr_line' id='line_1_50' title="bbox 126 4618 1470 4698; baseline -0.001 -19"><span class='ocrx_word' id='word_1_486' title='bbox 126 4628 193 4681; x_wconf 87' lang='lat' dir='ltr'><strong>nata</strong></span> <span class='ocrx_word' id='word_1_487' title='bbox 214 4620 377 4684; x_wconf 87' lang='lat' dir='ltr'><strong>recidemus</strong></span> <span class='ocrx_word' id='word_1_488' title='bbox 399 4621 429 4679; x_wconf 89' lang='lat' dir='ltr'><strong>iu</strong></span> <span class='ocrx_word' id='word_1_489' title='bbox 451 4637 539 4681; x_wconf 88' lang='lat' dir='ltr'><strong>unam</strong></span> <span class='ocrx_word' id='word_1_490' title='bbox 562 4619 772 4698; x_wconf 76' lang='lat' dir='ltr'><strong>explicatorum</strong></span> <span class='ocrx_word' id='word_1_491' title='bbox 794 4621 954 4698; x_wconf 87' lang='lat' dir='ltr'><strong>specierum</strong></span> <span class='ocrx_word' id='word_1_492' title='bbox 977 4625 1007 4681; x_wconf 90' lang='lat' dir='ltr'><strong>et</strong></span> <span class='ocrx_word' id='word_1_493' title='bbox 1028 4633 1163 4696; x_wconf 76' lang='lat' dir='ltr'><strong>regressu</strong></span> <span class='ocrx_word' id='word_1_494' title='bbox 1191 4618 1284 4695; x_wconf 83' lang='lat' dir='ltr'><strong>lacto,</strong></span> <span class='ocrx_word' id='word_1_495' title='bbox 1316 4635 1470 4696; x_wconf 87' lang='lat' dir='ltr'><strong>compara·</strong></span> 
     </span>
     <span class='ocr_line' id='line_1_51' title="bbox 126 4705 1470 4784; baseline -0.001 -17"><span class='ocrx_word' id='word_1_496' title='bbox 126 4707 218 4769; x_wconf 89' lang='lat' dir='ltr'><strong>bimus</strong></span> <span class='ocrx_word' id='word_1_497' title='bbox 239 4707 349 4772; x_wconf 87' lang='lat' dir='ltr'><strong>lineam</strong></span> <span class='ocrx_word' id='word_1_498' title='bbox 371 4710 572 4784; x_wconf 88' lang='lat' dir='ltr'><strong>constitutam,</strong></span> <span class='ocrx_word' id='word_1_499' title='bbox 603 4723 680 4782; x_wconf 89' lang='lat' dir='ltr'><strong>quaa</strong></span> <span class='ocrx_word' id='word_1_500' title='bbox 701 4720 754 4784; x_wconf 88' lang='lat' dir='ltr'><strong>per</strong></span> <span class='ocrx_word' id='word_1_501' title='bbox 775 4722 808 4770; x_wconf 90' lang='lat' dir='ltr'><strong>sa</strong></span> <span class='ocrx_word' id='word_1_502' title='bbox 831 4713 876 4768; x_wconf 91' lang='lat' dir='ltr'><strong>ast</strong></span> <span class='ocrx_word' id='word_1_503' title='bbox 900 4707 998 4768; x_wconf 86' lang='lat' dir='ltr'><strong>octavi</strong></span> <span class='ocrx_word' id='word_1_504' title='bbox 1018 4705 1142 4784; x_wconf 63' lang='lat' dir='ltr'><strong>mades,</strong></span> <span class='ocrx_word' id='word_1_505' title='bbox 1173 4723 1238 4768; x_wconf 89' lang='lat' dir='ltr'><strong>cum</strong></span> <span class='ocrx_word' id='word_1_506' title='bbox 1265 4707 1351 4770; x_wconf 86' lang='lat' dir='ltr'><strong>lineis</strong></span> <span class='ocrx_word' id='word_1_507' title='bbox 1374 4707 1470 4783; x_wconf 86' lang='lat' dir='ltr'><strong>quarti</strong></span> 
     </span>
    </p>
   </div>
   <div class='ocr_carea' id='block_1_8' title="bbox 127 4797 1471 4965">
    <p class='ocr_par' dir='ltr' id='par_1_12' title="bbox 127 4797 1471 4965">
     <span class='ocr_line' id='line_1_52' title="bbox 127 4797 1471 4965; baseline -0.005 -20"><span class='ocrx_word' id='word_1_508' title='bbox 127 4797 465 4965; x_wconf 56' lang='lat' dir='ltr'><strong>muiiucmadmodum</strong></span> <span class='ocrx_word' id='word_1_509' title='bbox 494 4843 628 4948; x_wconf 85' lang='lat' dir='ltr'><strong>enimin</strong></span> <span class='ocrx_word' id='word_1_510' title='bbox 651 4885 755 4960; x_wconf 86' lang='lat' dir='ltr'><strong>quarto</strong></span> <span class='ocrx_word' id='word_1_511' title='bbox 784 4881 877 4962; x_wconf 64' lang='lat' dir='ltr'><strong>made</strong></span> <span class='ocrx_word' id='word_1_512' title='bbox 900 4880 976 4944; x_wconf 86' lang='lat' dir='ltr'><strong>dafln</strong></span> <span class='ocrx_word' id='word_1_513' title='bbox 997 4879 1069 4945; x_wconf 86' lang='lat' dir='ltr'><strong>XV.</strong></span> <span class='ocrx_word' id='word_1_514' title='bbox 1097 4879 1173 4944; x_wconf 89' lang='lat' dir='ltr'><strong>duaa</strong></span> <span class='ocrx_word' id='word_1_515' title='bbox 1200 4888 1298 4949; x_wconf 75' lang='lat' dir='ltr'><strong>rectam</strong></span> <span class='ocrx_word' id='word_1_516' title='bbox 1325 4881 1471 4943; x_wconf 89' lang='lat' dir='ltr'><strong>communi</strong></span> 
     </span>
    </p>
   </div>
   <div class='ocr_carea' id='block_1_9' title="bbox 0 0 1790 5540">
    <p class='ocr_par' dir='ltr' id='par_1_13' title="bbox 0 0 1790 5540">
     <span class='ocr_line' id='line_1_53' title="bbox 0 0 1790 5540; baseline 0 0"><span class='ocrx_word' id='word_1_517' title='bbox 0 0 1790 5540; x_wconf 95' lang='lat' dir='ltr'><strong> </strong></span> 
     </span>
    </p>
   </div>
  </div>
 </body>
</html>
