<?xml version="1.0" encoding="UTF-8"?>
<!DOCTYPE html PUBLIC "-//W3C//DTD XHTML 1.0 Transitional//EN"
    "http://www.w3.org/TR/xhtml1/DTD/xhtml1-transitional.dtd">
<html xmlns="http://www.w3.org/1999/xhtml" xml:lang="en" lang="en">
 <head>
  <title>
</title>
<meta http-equiv="Content-Type" content="text/html;charset=utf-8" />
  <meta name='ocr-system' content='tesseract 3.04.00' />
  <meta name='ocr-capabilities' content='ocr_page ocr_carea ocr_par ocr_line ocrx_word'/>
</head>
<body>
  <div class='ocr_page' id='page_1' title='image "./joanniskepleria26frisgoog_0469.png"; bbox 0 0 3732 5528; ppageno 0'>
   <div class='ocr_carea' id='block_1_1' title="bbox 305 298 1176 370">
    <p class='ocr_par' dir='ltr' id='par_1_1' title="bbox 305 298 1176 370">
     <span class='ocr_line' id='line_1_1' title="bbox 305 298 1176 370; baseline -0.016 -3"><span class='ocrx_word' id='word_1_1' title='bbox 305 310 368 367; x_wconf 71' lang='lat'><strong>424</strong></span> <span class='ocrx_word' id='word_1_2' title='bbox 769 299 935 370; x_wconf 79' lang='lat' dir='ltr'><strong>Appendicis</strong></span> <span class='ocrx_word' id='word_1_3' title='bbox 953 298 1176 356; x_wconf 77' lang='lat' dir='ltr'><strong>Hermonicorum</strong></span> 
     </span>
    </p>
   </div>
   <div class='ocr_carea' id='block_1_2' title="bbox 303 439 1654 724">
    <p class='ocr_par' dir='ltr' id='par_1_2' title="bbox 303 439 1654 724">
     <span class='ocr_line' id='line_1_2' title="bbox 303 439 1654 557; baseline -0.003 -17"><span class='ocrx_word' id='word_1_4' title='bbox 303 483 376 540; x_wconf 84' lang='lat' dir='ltr'><strong>torte</strong></span> <span class='ocrx_word' id='word_1_5' title='bbox 398 480 494 538; x_wconf 90' lang='lat' dir='ltr'><strong>minus</strong></span> <span class='ocrx_word' id='word_1_6' title='bbox 517 485 648 538; x_wconf 88' lang='lat' dir='ltr'><strong>attentus</strong></span> <span class='ocrx_word' id='word_1_7' title='bbox 672 477 710 538; x_wconf 90' lang='lat' dir='ltr'><strong>ad</strong></span> <span class='ocrx_word' id='word_1_8' title='bbox 733 477 890 540; x_wconf 88' lang='lat' dir='ltr'><strong>verborum</strong></span> <span class='ocrx_word' id='word_1_9' title='bbox 911 495 1041 540; x_wconf 89' lang='lat' dir='ltr'><strong>meorum</strong></span> <span class='ocrx_word' id='word_1_10' title='bbox 1064 439 1184 540; x_wconf 80' lang='lat' dir='ltr'><strong>sensum</strong></span> <span class='ocrx_word' id='word_1_11' title='bbox 1205 479 1281 557; x_wconf 89' lang='lat' dir='ltr'><strong>iuit,</strong></span> <span class='ocrx_word' id='word_1_12' title='bbox 1304 439 1482 540; x_wconf 68' lang='lat' dir='ltr'><strong>sommium</strong></span> <span class='ocrx_word' id='word_1_13' title='bbox 1504 475 1654 556; x_wconf 82' lang='lat' dir='ltr'><strong>operietui</strong></span> 
     </span>
     <span class='ocr_line' id='line_1_3' title="bbox 304 563 1104 646; baseline 0 -20"><span class='ocrx_word' id='word_1_14' title='bbox 304 569 433 627; x_wconf 88' lang='lat' dir='ltr'><strong>vicissim</strong></span> <span class='ocrx_word' id='word_1_15' title='bbox 456 563 604 646; x_wconf 71' lang='lat' dir='ltr'><strong>exuat⁴⁴,)</strong></span> <span class='ocrx_word' id='word_1_16' title='bbox 1099 603 1104 626; x_wconf 64' lang='lat' dir='ltr'><strong>r</strong></span> 
     </span>
     <span class='ocr_line' id='line_1_4' title="bbox 390 651 1652 724; baseline -0.001 -13"><span class='ocrx_word' id='word_1_17' title='bbox 390 654 519 712; x_wconf 90' lang='lat' dir='ltr'><strong>Primum</strong></span> <span class='ocrx_word' id='word_1_18' title='bbox 543 655 618 714; x_wconf 88' lang='lat' dir='ltr'><strong>iaeio</strong></span> <span class='ocrx_word' id='word_1_19' title='bbox 642 653 796 714; x_wconf 89' lang='lat' dir='ltr'><strong>dis&#39;erimen</strong></span> <span class='ocrx_word' id='word_1_20' title='bbox 820 657 850 712; x_wconf 93' lang='lat' dir='ltr'><strong>in</strong></span> <span class='ocrx_word' id='word_1_21' title='bbox 872 657 1005 714; x_wconf 87' lang='lat' dir='ltr'><strong>materia.</strong></span> <span class='ocrx_word' id='word_1_22' title='bbox 1050 655 1214 716; x_wconf 80' lang='lat' dir='ltr'><strong>Nemeum</strong></span> <span class='ocrx_word' id='word_1_23' title='bbox 1237 652 1311 712; x_wconf 90' lang='lat' dir='ltr'><strong>nihil</strong></span> <span class='ocrx_word' id='word_1_24' title='bbox 1332 653 1371 712; x_wconf 88' lang='lat' dir='ltr'><strong>sit</strong></span> <span class='ocrx_word' id='word_1_25' title='bbox 1395 653 1425 710; x_wconf 91' lang='lat' dir='ltr'><strong>iu</strong></span> <span class='ocrx_word' id='word_1_26' title='bbox 1447 657 1511 712; x_wconf 87' lang='lat' dir='ltr'><strong>toto</strong></span> <span class='ocrx_word' id='word_1_27' title='bbox 1534 651 1652 724; x_wconf 90' lang='lat' dir='ltr'><strong>mundo,</strong></span> 
     </span>
    </p>
   </div>
   <div class='ocr_carea' id='block_1_3' title="bbox 302 740 1656 1256">
    <p class='ocr_par' dir='ltr' id='par_1_3' title="bbox 302 740 1656 1256">
     <span class='ocr_line' id='line_1_5' title="bbox 304 740 1654 820; baseline -0.001 -21"><span class='ocrx_word' id='word_1_28' title='bbox 304 740 382 819; x_wconf 90' lang='lat' dir='ltr'><strong>quod</strong></span> <span class='ocrx_word' id='word_1_29' title='bbox 413 745 513 820; x_wconf 91' lang='lat' dir='ltr'><strong>operis</strong></span> <span class='ocrx_word' id='word_1_30' title='bbox 543 744 584 802; x_wconf 89' lang='lat' dir='ltr'><strong>tui</strong></span> <span class='ocrx_word' id='word_1_31' title='bbox 614 741 778 819; x_wconf 75' lang='lat' dir='ltr'><strong>amplitudo</strong></span> <span class='ocrx_word' id='word_1_32' title='bbox 809 758 866 799; x_wconf 91' lang='lat' dir='ltr'><strong>non</strong></span> <span class='ocrx_word' id='word_1_33' title='bbox 898 741 1122 818; x_wconf 70' lang='lat' dir='ltr'><strong>complectatur,</strong></span> <span class='ocrx_word' id='word_1_34' title='bbox 1153 743 1190 803; x_wconf 90' lang='lat' dir='ltr'><strong>de</strong></span> <span class='ocrx_word' id='word_1_35' title='bbox 1213 743 1317 801; x_wconf 87' lang='lat' dir='ltr'><strong>ceteris</strong></span> <span class='ocrx_word' id='word_1_36' title='bbox 1343 741 1462 816; x_wconf 90' lang='lat' dir='ltr'><strong>quidem</strong></span> <span class='ocrx_word' id='word_1_37' title='bbox 1493 742 1589 816; x_wconf 86' lang='lat' dir='ltr'><strong>operis</strong></span> <span class='ocrx_word' id='word_1_38' title='bbox 1612 741 1654 799; x_wconf 90' lang='lat' dir='ltr'><strong>tui</strong></span> 
     </span>
     <span class='ocr_line' id='line_1_6' title="bbox 304 825 1654 908; baseline -0.001 -20"><span class='ocrx_word' id='word_1_39' title='bbox 304 829 436 908; x_wconf 89' lang='lat' dir='ltr'><strong>partibus</strong></span> <span class='ocrx_word' id='word_1_40' title='bbox 467 847 543 888; x_wconf 92' lang='lat' dir='ltr'><strong>unus</strong></span> <span class='ocrx_word' id='word_1_41' title='bbox 572 846 628 906; x_wconf 89' lang='lat' dir='ltr'><strong>ego</strong></span> <span class='ocrx_word' id='word_1_42' title='bbox 660 847 717 888; x_wconf 91' lang='lat' dir='ltr'><strong>non</strong></span> <span class='ocrx_word' id='word_1_43' title='bbox 740 828 888 888; x_wconf 77' lang='lat' dir='ltr'><strong>intercedo</strong></span> <span class='ocrx_word' id='word_1_44' title='bbox 912 831 1057 906; x_wconf 74' lang='lat' dir='ltr'>suffragiis</span> <span class='ocrx_word' id='word_1_45' title='bbox 1088 838 1132 890; x_wconf 83' lang='lat' dir='ltr'><strong>tot</strong></span> <span class='ocrx_word' id='word_1_46' title='bbox 1155 829 1307 890; x_wconf 90' lang='lat' dir='ltr'><strong>doctorum</strong></span> <span class='ocrx_word' id='word_1_47' title='bbox 1329 831 1472 900; x_wconf 84' lang='lat' dir='ltr'><strong>virorum,</strong></span> <span class='ocrx_word' id='word_1_48' title='bbox 1507 844 1583 903; x_wconf 90' lang='lat' dir='ltr'><strong>quae</strong></span> <span class='ocrx_word' id='word_1_49' title='bbox 1607 825 1654 886; x_wconf 89' lang='lat' dir='ltr'><strong>al-</strong></span> 
     </span>
     <span class='ocr_line' id='line_1_7' title="bbox 302 914 1653 996; baseline -0.003 -20"><span class='ocrx_word' id='word_1_50' title='bbox 302 919 400 992; x_wconf 79' lang='lat' dir='ltr'><strong>legas3</strong></span> <span class='ocrx_word' id='word_1_51' title='bbox 425 916 504 993; x_wconf 91' lang='lat' dir='ltr'><strong>quod</strong></span> <span class='ocrx_word' id='word_1_52' title='bbox 528 934 599 977; x_wconf 91' lang='lat' dir='ltr'><strong>vero</strong></span> <span class='ocrx_word' id='word_1_53' title='bbox 621 925 735 993; x_wconf 86' lang='lat' dir='ltr'><strong>partem</strong></span> <span class='ocrx_word' id='word_1_54' title='bbox 757 916 840 976; x_wconf 89' lang='lat' dir='ltr'><strong>illum</strong></span> <span class='ocrx_word' id='word_1_55' title='bbox 864 919 968 976; x_wconf 84' lang='lat' dir='ltr'><strong>attinet</strong></span> <span class='ocrx_word' id='word_1_56' title='bbox 991 918 1226 996; x_wconf 84' lang='lat' dir='ltr'><strong>mathematicos,</strong></span> <span class='ocrx_word' id='word_1_57' title='bbox 1250 933 1326 992; x_wconf 87' lang='lat' dir='ltr'><strong>quae</strong></span> <span class='ocrx_word' id='word_1_58' title='bbox 1349 915 1516 976; x_wconf 88' lang='lat' dir='ltr'><strong>barmoniae</strong></span> <span class='ocrx_word' id='word_1_59' title='bbox 1540 914 1653 986; x_wconf 85' lang='lat' dir='ltr'><strong>dieitu&#39;r,</strong></span> 
     </span>
     <span class='ocr_line' id='line_1_8' title="bbox 305 1001 1655 1084; baseline 0.001 -22"><span class='ocrx_word' id='word_1_60' title='bbox 305 1009 391 1081; x_wconf 85' lang='lat' dir='ltr'><strong>spero</strong></span> <span class='ocrx_word' id='word_1_61' title='bbox 415 1004 560 1080; x_wconf 81' lang='lat' dir='ltr'>equidem,</span> <span class='ocrx_word' id='word_1_62' title='bbox 583 1022 630 1064; x_wconf 91' lang='lat' dir='ltr'><strong>me</strong></span> <span class='ocrx_word' id='word_1_63' title='bbox 653 1004 896 1079; x_wconf 82' lang='lat' dir='ltr'><strong>diagrammatom</strong></span> <span class='ocrx_word' id='word_1_64' title='bbox 919 1021 1050 1064; x_wconf 89' lang='lat' dir='ltr'><strong>meorum</strong></span> <span class='ocrx_word' id='word_1_65' title='bbox 1072 1023 1197 1084; x_wconf 89' lang='lat' dir='ltr'><strong>operosa</strong></span> <span class='ocrx_word' id='word_1_66' title='bbox 1219 1002 1414 1083; x_wconf 86' lang='lat' dir='ltr'><strong>suppellectili</strong></span> <span class='ocrx_word' id='word_1_67' title='bbox 1440 1001 1655 1062; x_wconf 83' lang='lat' dir='ltr'><strong>demonstrasse</strong></span> 
     </span>
     <span class='ocr_line' id='line_1_9' title="bbox 303 1091 1653 1168; baseline -0.001 -19"><span class='ocrx_word' id='word_1_68' title='bbox 303 1092 461 1151; x_wconf 85' lang='lat' dir='ltr'><strong>lectoribus</strong></span> <span class='ocrx_word' id='word_1_69' title='bbox 493 1095 641 1168; x_wconf 91' lang='lat' dir='ltr'><strong>egregiam</strong></span> <span class='ocrx_word' id='word_1_70' title='bbox 672 1091 872 1166; x_wconf 89' lang='lat' dir='ltr'><strong>voluntatem,</strong></span> <span class='ocrx_word' id='word_1_71' title='bbox 906 1101 1041 1152; x_wconf 88' lang='lat' dir='ltr'><strong>conatum</strong></span> <span class='ocrx_word' id='word_1_72' title='bbox 1073 1112 1124 1154; x_wconf 88' lang='lat' dir='ltr'><strong>seu</strong></span> <span class='ocrx_word' id='word_1_73' title='bbox 1152 1097 1270 1164; x_wconf 67' lang='lat' dir='ltr'><strong>nuum,</strong></span> <span class='ocrx_word' id='word_1_74' title='bbox 1310 1107 1357 1149; x_wconf 86' lang='lat' dir='ltr'><strong>res</strong></span> <span class='ocrx_word' id='word_1_75' title='bbox 1386 1094 1468 1165; x_wconf 82' lang='lat' dir='ltr'><strong>ipsas</strong></span> <span class='ocrx_word' id='word_1_76' title='bbox 1499 1091 1653 1150; x_wconf 83' lang='lat' dir='ltr'><strong>inuolsrtas</strong></span> 
     </span>
     <span class='ocr_line' id='line_1_10' title="bbox 304 1177 1656 1256; baseline -0.001 -16"><span class='ocrx_word' id='word_1_77' title='bbox 304 1179 484 1240; x_wconf 81' lang='lat' dir='ltr'><strong>obscuritate</strong></span> <span class='ocrx_word' id='word_1_78' title='bbox 507 1183 541 1237; x_wconf 89' lang='lat' dir='ltr'><strong>in</strong></span> <span class='ocrx_word' id='word_1_79' title='bbox 564 1181 638 1238; x_wconf 82' lang='lat' dir='ltr'><strong>tucis</strong></span> <span class='ocrx_word' id='word_1_80' title='bbox 661 1180 843 1240; x_wconf 86' lang='lat' dir='ltr'><strong>intellectum</strong></span> <span class='ocrx_word' id='word_1_81' title='bbox 865 1180 1058 1256; x_wconf 75' lang='lat' dir='ltr'><strong>proferendi,</strong></span> <span class='ocrx_word' id='word_1_82' title='bbox 1091 1198 1156 1241; x_wconf 87' lang='lat' dir='ltr'><strong>uum</strong></span> <span class='ocrx_word' id='word_1_83' title='bbox 1179 1189 1210 1240; x_wconf 92' lang='lat' dir='ltr'><strong>tu</strong></span> <span class='ocrx_word' id='word_1_84' title='bbox 1233 1181 1362 1239; x_wconf 85' lang='lat' dir='ltr'><strong>vicissim</strong></span> <span class='ocrx_word' id='word_1_85' title='bbox 1384 1177 1554 1238; x_wconf 85' lang='lat' dir='ltr'><strong>harmonica</strong></span> <span class='ocrx_word' id='word_1_86' title='bbox 1577 1187 1656 1238; x_wconf 90' lang='lat' dir='ltr'><strong>trae·</strong></span> 
     </span>
    </p>
   </div>
   <div class='ocr_carea' id='block_1_4' title="bbox 113 1257 1654 1348">
    <p class='ocr_par' dir='ltr' id='par_1_4' title="bbox 113 1257 1654 1348">
     <span class='ocr_line' id='line_1_11' title="bbox 113 1257 1654 1348; baseline -0.001 -22"><span class='ocrx_word' id='word_1_87' title='bbox 113 1257 118 1267; x_wconf 78' lang='lat'>&#39;</span> <span class='ocrx_word' id='word_1_88' title='bbox 229 1265 235 1284; x_wconf 89' lang='lat'>&#39;</span> <span class='ocrx_word' id='word_1_89' title='bbox 304 1276 349 1326; x_wconf 90' lang='lat' dir='ltr'><strong>tes</strong></span> <span class='ocrx_word' id='word_1_90' title='bbox 372 1265 460 1344; x_wconf 90' lang='lat' dir='ltr'><strong>paulo</strong></span> <span class='ocrx_word' id='word_1_91' title='bbox 483 1267 584 1340; x_wconf 78' lang='lat' dir='ltr'><strong>alitor,</strong></span> <span class='ocrx_word' id='word_1_92' title='bbox 615 1266 961 1342; x_wconf 82' lang='lat' dir='ltr'><strong>iliaque,quantitatibus</strong></span> <span class='ocrx_word' id='word_1_93' title='bbox 990 1266 1032 1348; x_wconf 91' lang='lat' dir='ltr'><strong>(id</strong></span> <span class='ocrx_word' id='word_1_94' title='bbox 1056 1276 1100 1330; x_wconf 87' lang='lat' dir='ltr'><strong>est</strong></span> <span class='ocrx_word' id='word_1_95' title='bbox 1128 1287 1195 1329; x_wconf 91' lang='lat' dir='ltr'><strong>meo</strong></span> <span class='ocrx_word' id='word_1_96' title='bbox 1214 1265 1328 1343; x_wconf 88' lang='lat' dir='ltr'><strong>judicio</strong></span> <span class='ocrx_word' id='word_1_97' title='bbox 1357 1264 1423 1325; x_wconf 91' lang='lat' dir='ltr'><strong>luce</strong></span> <span class='ocrx_word' id='word_1_98' title='bbox 1444 1263 1511 1344; x_wconf 88' lang='lat' dir='ltr'><strong>sna)</strong></span> <span class='ocrx_word' id='word_1_99' title='bbox 1533 1265 1654 1343; x_wconf 88' lang='lat' dir='ltr'><strong>spolies.</strong></span> 
     </span>
    </p>
   </div>
   <div class='ocr_carea' id='block_1_5' title="bbox 291 1351 1696 3006">
    <p class='ocr_par' dir='ltr' id='par_1_5' title="bbox 291 1351 1696 3006">
     <span class='ocr_line' id='line_1_12' title="bbox 306 1351 1656 1430; baseline -0.002 -16"><span class='ocrx_word' id='word_1_100' title='bbox 306 1355 381 1414; x_wconf 86' lang='lat' dir='ltr'><strong>Nam</strong></span> <span class='ocrx_word' id='word_1_101' title='bbox 404 1355 462 1414; x_wconf 90' lang='lat' dir='ltr'><strong>hoc</strong></span> <span class='ocrx_word' id='word_1_102' title='bbox 484 1352 644 1414; x_wconf 91' lang='lat' dir='ltr'><strong>seeundum</strong></span> <span class='ocrx_word' id='word_1_103' title='bbox 663 1355 725 1430; x_wconf 90' lang='lat' dir='ltr'><strong>jam</strong></span> <span class='ocrx_word' id='word_1_104' title='bbox 748 1361 793 1413; x_wconf 91' lang='lat' dir='ltr'><strong>est</strong></span> <span class='ocrx_word' id='word_1_105' title='bbox 816 1353 971 1414; x_wconf 75' lang='lat' dir='ltr'><strong>discrimen</strong></span> <span class='ocrx_word' id='word_1_106' title='bbox 994 1355 1211 1416; x_wconf 88' lang='lat' dir='ltr'><strong>observandum</strong></span> <span class='ocrx_word' id='word_1_107' title='bbox 1233 1357 1262 1412; x_wconf 91' lang='lat' dir='ltr'><strong>in</strong></span> <span class='ocrx_word' id='word_1_108' title='bbox 1284 1353 1380 1414; x_wconf 83' lang='lat' dir='ltr'><strong>verbio</strong></span> <span class='ocrx_word' id='word_1_109' title='bbox 1397 1354 1478 1426; x_wconf 90' lang='lat' dir='ltr'><strong>meis,</strong></span> <span class='ocrx_word' id='word_1_110' title='bbox 1502 1351 1581 1429; x_wconf 88' lang='lat' dir='ltr'><strong>quod</strong></span> <span class='ocrx_word' id='word_1_111' title='bbox 1605 1353 1656 1412; x_wconf 85' lang='lat' dir='ltr'><strong>illu</strong></span> 
     </span>
     <span class='ocr_line' id='line_1_13' title="bbox 306 1440 1656 1520; baseline -0.001 -20"><span class='ocrx_word' id='word_1_112' title='bbox 306 1459 364 1501; x_wconf 91' lang='lat' dir='ltr'><strong>non</strong></span> <span class='ocrx_word' id='word_1_113' title='bbox 389 1441 425 1500; x_wconf 92' lang='lat' dir='ltr'><strong>de</strong></span> <span class='ocrx_word' id='word_1_114' title='bbox 448 1442 600 1520; x_wconf 89' lang='lat' dir='ltr'><strong>proiectu,</strong></span> <span class='ocrx_word' id='word_1_115' title='bbox 630 1440 682 1501; x_wconf 88' lang='lat' dir='ltr'><strong>sed</strong></span> <span class='ocrx_word' id='word_1_116' title='bbox 707 1441 873 1504; x_wconf 85' lang='lat' dir='ltr'><strong>decanatu</strong></span> <span class='ocrx_word' id='word_1_117' title='bbox 901 1442 1069 1517; x_wconf 91' lang='lat' dir='ltr'><strong>loquuntur.</strong></span> <span class='ocrx_word' id='word_1_118' title='bbox 1115 1442 1193 1518; x_wconf 86' lang='lat' dir='ltr'><strong>Quid</strong></span> <span class='ocrx_word' id='word_1_119' title='bbox 1224 1443 1312 1518; x_wconf 90' lang='lat' dir='ltr'><strong>igitur</strong></span> <span class='ocrx_word' id='word_1_120' title='bbox 1333 1441 1386 1500; x_wconf 89' lang='lat' dir='ltr'><strong>tibi</strong></span> <span class='ocrx_word' id='word_1_121' title='bbox 1416 1441 1456 1500; x_wconf 85' lang='lat' dir='ltr'><strong>sit</strong></span> <span class='ocrx_word' id='word_1_122' title='bbox 1485 1442 1563 1500; x_wconf 90' lang='lat' dir='ltr'><strong>cirea</strong></span> <span class='ocrx_word' id='word_1_123' title='bbox 1585 1440 1656 1500; x_wconf 85' lang='lat' dir='ltr'><strong>har-</strong></span> 
     </span>
     <span class='ocr_line' id='line_1_14' title="bbox 306 1529 1657 1606; baseline 0 -18"><span class='ocrx_word' id='word_1_124' title='bbox 306 1532 425 1588; x_wconf 87' lang='lat' dir='ltr'><strong>monica</strong></span> <span class='ocrx_word' id='word_1_125' title='bbox 447 1531 638 1606; x_wconf 89' lang='lat' dir='ltr'><strong>propositum,</strong></span> <span class='ocrx_word' id='word_1_126' title='bbox 658 1529 721 1604; x_wconf 91' lang='lat' dir='ltr'><strong>jam</strong></span> <span class='ocrx_word' id='word_1_127' title='bbox 743 1543 831 1605; x_wconf 89' lang='lat' dir='ltr'><strong>supra</strong></span> <span class='ocrx_word' id='word_1_128' title='bbox 854 1529 963 1601; x_wconf 78' lang='lat' dir='ltr'><strong>dixisti,</strong></span> <span class='ocrx_word' id='word_1_129' title='bbox 986 1531 1086 1590; x_wconf 88' lang='lat' dir='ltr'><strong>mutia</strong></span> <span class='ocrx_word' id='word_1_130' title='bbox 1107 1535 1141 1589; x_wconf 89' lang='lat' dir='ltr'><strong>in</strong></span> <span class='ocrx_word' id='word_1_131' title='bbox 1152 1547 1257 1606; x_wconf 81' lang='lat' dir='ltr'><strong>pauca</strong></span> <span class='ocrx_word' id='word_1_132' title='bbox 1273 1546 1466 1606; x_wconf 80' lang='lat' dir='ltr'><strong>congregare,</strong></span> <span class='ocrx_word' id='word_1_133' title='bbox 1487 1535 1657 1588; x_wconf 78' lang='lat' dir='ltr'><strong>astructum</strong></span> 
     </span>
     <span class='ocr_line' id='line_1_15' title="bbox 291 1614 1658 1697; baseline 0.004 -27"><span class='ocrx_word' id='word_1_134' title='bbox 291 1619 498 1678; x_wconf 74' lang='lat' dir='ltr'><strong>‚harmonian</strong></span> <span class='ocrx_word' id='word_1_135' title='bbox 520 1619 679 1676; x_wconf 71' lang='lat' dir='ltr'><strong>cesennam</strong></span> <span class='ocrx_word' id='word_1_136' title='bbox 694 1617 839 1692; x_wconf 78' lang='lat' dir='ltr'><strong>colligere,</strong></span> <span class='ocrx_word' id='word_1_137' title='bbox 862 1618 1067 1694; x_wconf 74' lang='lat' dir='ltr'><strong>succidentem</strong></span> <span class='ocrx_word' id='word_1_138' title='bbox 1082 1619 1284 1678; x_wconf 71' lang='lat' dir='ltr'><strong>sedatantiam</strong></span> <span class='ocrx_word' id='word_1_139' title='bbox 1296 1614 1513 1697; x_wconf 74' lang='lat' dir='ltr'><strong>(quantitatum,</strong></span> <span class='ocrx_word' id='word_1_140' title='bbox 1536 1627 1569 1674; x_wconf 90' lang='lat' dir='ltr'><strong>ut</strong></span> <span class='ocrx_word' id='word_1_141' title='bbox 1582 1617 1658 1676; x_wconf 88' lang='lat' dir='ltr'><strong>inira</strong></span> 
     </span>
     <span class='ocr_line' id='line_1_16' title="bbox 309 1703 1657 1784; baseline 0.001 -22"><span class='ocrx_word' id='word_1_142' title='bbox 309 1703 449 1784; x_wconf 80' lang='lat' dir='ltr'><strong>explices)</strong></span> <span class='ocrx_word' id='word_1_143' title='bbox 471 1706 602 1778; x_wconf 78' lang='lat' dir='ltr'><strong>rejicere,</strong></span> <span class='ocrx_word' id='word_1_144' title='bbox 626 1703 708 1779; x_wconf 86' lang='lat' dir='ltr'><strong>quod</strong></span> <span class='ocrx_word' id='word_1_145' title='bbox 729 1704 842 1763; x_wconf 71' lang='lat' dir='ltr'><strong>butum</strong></span> <span class='ocrx_word' id='word_1_146' title='bbox 865 1712 908 1762; x_wconf 87' lang='lat' dir='ltr'><strong>est</strong></span> <span class='ocrx_word' id='word_1_147' title='bbox 927 1708 963 1763; x_wconf 93' lang='lat' dir='ltr'><strong>in</strong></span> <span class='ocrx_word' id='word_1_148' title='bbox 983 1723 1038 1764; x_wconf 85' lang='lat' dir='ltr'><strong>sao</strong></span> <span class='ocrx_word' id='word_1_149' title='bbox 1050 1709 1178 1783; x_wconf 83' lang='lat' dir='ltr'><strong>proprio</strong></span> <span class='ocrx_word' id='word_1_150' title='bbox 1200 1705 1323 1767; x_wconf 75' lang='lat' dir='ltr'><strong>amatio</strong></span> <span class='ocrx_word' id='word_1_151' title='bbox 1338 1703 1417 1784; x_wconf 89' lang='lat' dir='ltr'><strong>(sunt</strong></span> <span class='ocrx_word' id='word_1_152' title='bbox 1433 1713 1530 1762; x_wconf 75' lang='lat' dir='ltr'><strong>summ</strong></span> <span class='ocrx_word' id='word_1_153' title='bbox 1546 1704 1657 1779; x_wconf 87' lang='lat' dir='ltr'><strong>figurae</strong></span> 
     </span>
     <span class='ocr_line' id='line_1_17' title="bbox 307 1791 1657 1869; baseline -0.001 -18"><span class='ocrx_word' id='word_1_154' title='bbox 307 1791 563 1869; x_wconf 87' lang='lat' dir='ltr'><strong>hieroglyphicas,</strong></span> <span class='ocrx_word' id='word_1_155' title='bbox 592 1792 648 1850; x_wconf 88' lang='lat' dir='ltr'><strong>hoe</strong></span> <span class='ocrx_word' id='word_1_156' title='bbox 677 1799 722 1849; x_wconf 87' lang='lat' dir='ltr'><strong>est</strong></span> <span class='ocrx_word' id='word_1_157' title='bbox 752 1791 931 1867; x_wconf 86' lang='lat' dir='ltr'><strong>aenigmata)</strong></span> <span class='ocrx_word' id='word_1_158' title='bbox 961 1794 1113 1854; x_wconf 73' lang='lat' dir='ltr'><strong>seduense.</strong></span> <span class='ocrx_word' id='word_1_159' title='bbox 1158 1792 1224 1852; x_wconf 89' lang='lat' dir='ltr'><strong>Hoc</strong></span> <span class='ocrx_word' id='word_1_160' title='bbox 1252 1793 1328 1850; x_wconf 91' lang='lat' dir='ltr'><strong>euim</strong></span> <span class='ocrx_word' id='word_1_161' title='bbox 1352 1793 1406 1852; x_wconf 91' lang='lat' dir='ltr'><strong>tibi</strong></span> <span class='ocrx_word' id='word_1_162' title='bbox 1429 1800 1474 1850; x_wconf 87' lang='lat' dir='ltr'><strong>est</strong></span> <span class='ocrx_word' id='word_1_163' title='bbox 1502 1809 1657 1852; x_wconf 85' lang='lat' dir='ltr'><strong>areanum</strong></span> 
     </span>
     <span class='ocr_line' id='line_1_18' title="bbox 303 1868 1656 1956; baseline -0.001 -18"><span class='ocrx_word' id='word_1_164' title='bbox 303 1868 444 1938; x_wconf 81' lang='lat' dir='ltr'><strong>scientiae</strong></span> <span class='ocrx_word' id='word_1_165' title='bbox 474 1879 621 1956; x_wconf 77' lang='lat' dir='ltr'><strong>detegere,</strong></span> <span class='ocrx_word' id='word_1_166' title='bbox 655 1878 805 1937; x_wconf 73' lang='lat' dir='ltr'><strong>abachum</strong></span> <span class='ocrx_word' id='word_1_167' title='bbox 826 1879 1032 1955; x_wconf 67' lang='lat' dir='ltr'><strong>manifestare,</strong></span> <span class='ocrx_word' id='word_1_168' title='bbox 1055 1883 1147 1939; x_wconf 86' lang='lat' dir='ltr'><strong>sirei</strong></span> <span class='ocrx_word' id='word_1_169' title='bbox 1167 1881 1362 1940; x_wconf 75' lang='lat' dir='ltr'><strong>harmonicae</strong></span> <span class='ocrx_word' id='word_1_170' title='bbox 1383 1886 1501 1948; x_wconf 81' lang='lat' dir='ltr'><strong>natura</strong></span> <span class='ocrx_word' id='word_1_171' title='bbox 1521 1881 1656 1954; x_wconf 76' lang='lat' dir='ltr'><strong>intorno,</strong></span> 
     </span>
     <span class='ocr_line' id='line_1_19' title="bbox 305 1965 1658 2046; baseline 0.001 -21"><span class='ocrx_word' id='word_1_172' title='bbox 305 1967 434 2026; x_wconf 84' lang='lat' dir='ltr'><strong>uestibus</strong></span> <span class='ocrx_word' id='word_1_173' title='bbox 455 1974 548 2026; x_wconf 81' lang='lat' dir='ltr'><strong>cauta</strong></span> <span class='ocrx_word' id='word_1_174' title='bbox 571 1965 800 2043; x_wconf 82' lang='lat' dir='ltr'><strong>(quantitatum),</strong></span> <span class='ocrx_word' id='word_1_175' title='bbox 830 1966 1009 2026; x_wconf 76' lang='lat' dir='ltr'><strong>includatur</strong></span> <span class='ocrx_word' id='word_1_176' title='bbox 1029 1968 1147 2043; x_wconf 76' lang='lat' dir='ltr'><strong>fipurae</strong></span> <span class='ocrx_word' id='word_1_177' title='bbox 1168 1967 1407 2046; x_wconf 72' lang='lat' dir='ltr'><strong>hieroglyphicas</strong></span> <span class='ocrx_word' id='word_1_178' title='bbox 1427 1973 1562 2026; x_wconf 87' lang='lat' dir='ltr'><strong>naturae</strong></span> <span class='ocrx_word' id='word_1_179' title='bbox 1582 1984 1658 2026; x_wconf 84' lang='lat' dir='ltr'><strong>suae</strong></span> 
     </span>
     <span class='ocr_line' id='line_1_20' title="bbox 307 2053 1660 2130; baseline 0 -18"><span class='ocrx_word' id='word_1_180' title='bbox 307 2063 358 2112; x_wconf 93' lang='lat' dir='ltr'><strong>tuo</strong></span> <span class='ocrx_word' id='word_1_181' title='bbox 378 2053 491 2130; x_wconf 90' lang='lat' dir='ltr'><strong>judicio</strong></span> <span class='ocrx_word' id='word_1_182' title='bbox 514 2057 616 2130; x_wconf 81' lang='lat' dir='ltr'><strong>magia.</strong></span> <span class='ocrx_word' id='word_1_183' title='bbox 634 2059 735 2128; x_wconf 82' lang='lat' dir='ltr'><strong>aptae,</strong></span> <span class='ocrx_word' id='word_1_184' title='bbox 758 2061 794 2112; x_wconf 88' lang='lat' dir='ltr'><strong>ut</strong></span> <span class='ocrx_word' id='word_1_185' title='bbox 814 2055 849 2110; x_wconf 87' lang='lat' dir='ltr'><strong>in</strong></span> <span class='ocrx_word' id='word_1_186' title='bbox 870 2071 907 2112; x_wconf 87' lang='lat' dir='ltr'><strong>ea</strong></span> <span class='ocrx_word' id='word_1_187' title='bbox 930 2062 1081 2130; x_wconf 87' lang='lat' dir='ltr'><strong>tanquam</strong></span> <span class='ocrx_word' id='word_1_188' title='bbox 1103 2058 1137 2112; x_wconf 89' lang='lat' dir='ltr'><strong>in</strong></span> <span class='ocrx_word' id='word_1_189' title='bbox 1159 2055 1277 2130; x_wconf 84' lang='lat' dir='ltr'><strong>speculo</strong></span> <span class='ocrx_word' id='word_1_190' title='bbox 1302 2053 1348 2113; x_wconf 88' lang='lat' dir='ltr'><strong>vei</strong></span> <span class='ocrx_word' id='word_1_191' title='bbox 1371 2055 1537 2129; x_wconf 82' lang='lat' dir='ltr'><strong>aenigmate</strong></span> <span class='ocrx_word' id='word_1_192' title='bbox 1559 2056 1660 2114; x_wconf 85' lang='lat' dir='ltr'><strong>uirtus</strong></span> 
     </span>
     <span class='ocr_line' id='line_1_21' title="bbox 308 2139 1696 2218; baseline 0.001 -18"><span class='ocrx_word' id='word_1_193' title='bbox 308 2144 371 2214; x_wconf 78' lang='lat' dir='ltr'><strong>eius</strong></span> <span class='ocrx_word' id='word_1_194' title='bbox 393 2141 505 2217; x_wconf 87' lang='lat' dir='ltr'><strong>absque</strong></span> <span class='ocrx_word' id='word_1_195' title='bbox 527 2143 705 2200; x_wconf 75' lang='lat' dir='ltr'><strong>circuitione</strong></span> <span class='ocrx_word' id='word_1_196' title='bbox 726 2141 889 2218; x_wconf 70' lang='lat' dir='ltr'><strong>verbereum</strong></span> <span class='ocrx_word' id='word_1_197' title='bbox 913 2143 1005 2202; x_wconf 85' lang='lat' dir='ltr'><strong>oeulis</strong></span> <span class='ocrx_word' id='word_1_198' title='bbox 1030 2149 1057 2200; x_wconf 86' lang='lat' dir='ltr'><strong>et</strong></span> <span class='ocrx_word' id='word_1_199' title='bbox 1079 2145 1184 2202; x_wconf 86' lang='lat' dir='ltr'><strong>animo</strong></span> <span class='ocrx_word' id='word_1_200' title='bbox 1200 2144 1412 2217; x_wconf 69' lang='lat' dir='ltr'><strong>conspiciatur.</strong></span> <span class='ocrx_word' id='word_1_201' title='bbox 1458 2139 1544 2215; x_wconf 88' lang='lat' dir='ltr'><strong>Quod</strong></span> <span class='ocrx_word' id='word_1_202' title='bbox 1568 2143 1659 2216; x_wconf 90' lang='lat' dir='ltr'><strong>igitur</strong></span> <span class='ocrx_word' id='word_1_203' title='bbox 1691 2194 1696 2210; x_wconf 83' lang='lat'><strong>,</strong></span> 
     </span>
     <span class='ocr_line' id='line_1_22' title="bbox 308 2228 1659 2307; baseline 0.001 -19"><span class='ocrx_word' id='word_1_204' title='bbox 308 2230 475 2304; x_wconf 88' lang='lat' dir='ltr'><strong>aenigmata</strong></span> <span class='ocrx_word' id='word_1_205' title='bbox 498 2236 563 2300; x_wconf 91' lang='lat' dir='ltr'><strong>tua,</strong></span> <span class='ocrx_word' id='word_1_206' title='bbox 597 2228 768 2288; x_wconf 85' lang='lat' dir='ltr'><strong>harmonica</strong></span> <span class='ocrx_word' id='word_1_207' title='bbox 800 2230 934 2304; x_wconf 90' lang='lat' dir='ltr'><strong>inquam,</strong></span> <span class='ocrx_word' id='word_1_208' title='bbox 966 2231 1122 2289; x_wconf 90' lang='lat' dir='ltr'><strong>tenebrosa</strong></span> <span class='ocrx_word' id='word_1_209' title='bbox 1144 2228 1278 2307; x_wconf 87' lang='lat' dir='ltr'><strong>appello,</strong></span> <span class='ocrx_word' id='word_1_210' title='bbox 1307 2229 1413 2304; x_wconf 88' lang='lat' dir='ltr'><strong>loquor</strong></span> <span class='ocrx_word' id='word_1_211' title='bbox 1437 2242 1472 2287; x_wconf 90' lang='lat' dir='ltr'><strong>ex</strong></span> <span class='ocrx_word' id='word_1_212' title='bbox 1491 2228 1608 2303; x_wconf 87' lang='lat' dir='ltr'><strong>judicio</strong></span> <span class='ocrx_word' id='word_1_213' title='bbox 1629 2239 1659 2290; x_wconf 85' lang='lat' dir='ltr'><strong>et</strong></span> 
     </span>
     <span class='ocr_line' id='line_1_23' title="bbox 307 2316 1657 2393; baseline 0.001 -18"><span class='ocrx_word' id='word_1_214' title='bbox 307 2326 393 2392; x_wconf 87' lang='lat' dir='ltr'><strong>captu</strong></span> <span class='ocrx_word' id='word_1_215' title='bbox 415 2333 495 2390; x_wconf 90' lang='lat' dir='ltr'><strong>meo,</strong></span> <span class='ocrx_word' id='word_1_216' title='bbox 529 2324 558 2374; x_wconf 90' lang='lat' dir='ltr'><strong>et</strong></span> <span class='ocrx_word' id='word_1_217' title='bbox 579 2316 676 2375; x_wconf 85' lang='lat' dir='ltr'><strong>habeo</strong></span> <span class='ocrx_word' id='word_1_218' title='bbox 700 2324 728 2375; x_wconf 91' lang='lat' dir='ltr'><strong>te</strong></span> <span class='ocrx_word' id='word_1_219' title='bbox 752 2316 987 2392; x_wconf 83' lang='lat' dir='ltr'><strong>astipulatorem,</strong></span> <span class='ocrx_word' id='word_1_220' title='bbox 1016 2319 1067 2393; x_wconf 92' lang='lat' dir='ltr'><strong>qui</strong></span> <span class='ocrx_word' id='word_1_221' title='bbox 1095 2333 1200 2392; x_wconf 84' lang='lat' dir='ltr'><strong>negas,</strong></span> <span class='ocrx_word' id='word_1_222' title='bbox 1233 2324 1312 2376; x_wconf 86' lang='lat' dir='ltr'><strong>tuam</strong></span> <span class='ocrx_word' id='word_1_223' title='bbox 1336 2318 1526 2376; x_wconf 85' lang='lat' dir='ltr'><strong>intentionem</strong></span> <span class='ocrx_word' id='word_1_224' title='bbox 1548 2317 1657 2392; x_wconf 85' lang='lat' dir='ltr'><strong>subjici</strong></span> 
     </span>
     <span class='ocr_line' id='line_1_24' title="bbox 307 2403 1659 2480; baseline 0.002 -18"><span class='ocrx_word' id='word_1_225' title='bbox 307 2403 602 2468; x_wconf 76' lang='lat' dir='ltr'><strong>demonstrationibus</strong></span> <span class='ocrx_word' id='word_1_226' title='bbox 624 2403 852 2476; x_wconf 87' lang='lat' dir='ltr'><strong>mathematicis,</strong></span> <span class='ocrx_word' id='word_1_227' title='bbox 881 2406 944 2462; x_wconf 92' lang='lat' dir='ltr'><strong>sine</strong></span> <span class='ocrx_word' id='word_1_228' title='bbox 967 2406 1074 2480; x_wconf 91' lang='lat' dir='ltr'><strong>quibus</strong></span> <span class='ocrx_word' id='word_1_229' title='bbox 1099 2421 1154 2480; x_wconf 88' lang='lat' dir='ltr'><strong>ego</strong></span> <span class='ocrx_word' id='word_1_230' title='bbox 1177 2421 1283 2464; x_wconf 87' lang='lat' dir='ltr'><strong>coecus</strong></span> <span class='ocrx_word' id='word_1_231' title='bbox 1305 2421 1385 2478; x_wconf 85' lang='lat' dir='ltr'><strong>som;</strong></span> <span class='ocrx_word' id='word_1_232' title='bbox 1415 2405 1469 2462; x_wconf 91' lang='lat' dir='ltr'><strong>tibi</strong></span> <span class='ocrx_word' id='word_1_233' title='bbox 1493 2413 1524 2462; x_wconf 91' lang='lat' dir='ltr'><strong>tu</strong></span> <span class='ocrx_word' id='word_1_234' title='bbox 1549 2404 1659 2464; x_wconf 86' lang='lat' dir='ltr'><strong>videris</strong></span> 
     </span>
     <span class='ocr_line' id='line_1_25' title="bbox 306 2484 1657 2568; baseline 0.001 -18"><span class='ocrx_word' id='word_1_235' title='bbox 306 2484 534 2551; x_wconf 87' lang='lat' dir='ltr'><strong>luculentissime</strong></span> <span class='ocrx_word' id='word_1_236' title='bbox 568 2493 666 2550; x_wconf 91' lang='lat' dir='ltr'><strong>omnia</strong></span> <span class='ocrx_word' id='word_1_237' title='bbox 696 2490 871 2568; x_wconf 87' lang='lat' dir='ltr'><strong>depingere,</strong></span> <span class='ocrx_word' id='word_1_238' title='bbox 905 2489 1005 2566; x_wconf 80' lang='lat' dir='ltr'><strong>figuris</strong></span> <span class='ocrx_word' id='word_1_239' title='bbox 1036 2491 1272 2568; x_wconf 64' lang='lat' dir='ltr'><strong>hieroglyphicis*</strong></span> <span class='ocrx_word' id='word_1_240' title='bbox 1299 2490 1385 2550; x_wconf 87' lang='lat' dir='ltr'><strong>vaide</strong></span> <span class='ocrx_word' id='word_1_241' title='bbox 1420 2491 1657 2566; x_wconf 78' lang='lat' dir='ltr'><strong>significantibus</strong></span> 
     </span>
     <span class='ocr_line' id='line_1_26' title="bbox 307 2576 1657 2657; baseline -0.001 -18"><span class='ocrx_word' id='word_1_242' title='bbox 307 2578 460 2657; x_wconf 89' lang='lat' dir='ltr'><strong>explicare.</strong></span> <span class='ocrx_word' id='word_1_243' title='bbox 504 2579 542 2638; x_wconf 83' lang='lat' dir='ltr'><strong>lit</strong></span> <span class='ocrx_word' id='word_1_244' title='bbox 563 2576 636 2636; x_wconf 91' lang='lat' dir='ltr'><strong>illud</strong></span> <span class='ocrx_word' id='word_1_245' title='bbox 659 2577 730 2636; x_wconf 84' lang='lat' dir='ltr'><strong>milri</strong></span> <span class='ocrx_word' id='word_1_246' title='bbox 753 2585 783 2637; x_wconf 87' lang='lat' dir='ltr'><strong>et</strong></span> <span class='ocrx_word' id='word_1_247' title='bbox 804 2579 859 2637; x_wconf 90' lang='lat' dir='ltr'><strong>tibi</strong></span> <span class='ocrx_word' id='word_1_248' title='bbox 880 2576 937 2637; x_wconf 90' lang='lat' dir='ltr'><strong>hoe</strong></span> <span class='ocrx_word' id='word_1_249' title='bbox 961 2577 1095 2654; x_wconf 81' lang='lat' dir='ltr'><strong>videtur3</strong></span> <span class='ocrx_word' id='word_1_250' title='bbox 1125 2578 1308 2639; x_wconf 86' lang='lat' dir='ltr'><strong>abundemus</strong></span> <span class='ocrx_word' id='word_1_251' title='bbox 1336 2588 1458 2653; x_wconf 89' lang='lat' dir='ltr'><strong>uterque</strong></span> <span class='ocrx_word' id='word_1_252' title='bbox 1480 2595 1657 2654; x_wconf 81' lang='lat' dir='ltr'><strong>mesenen,</strong></span> 
     </span>
     <span class='ocr_line' id='line_1_27' title="bbox 307 2663 1659 2744; baseline 0.001 -20"><span class='ocrx_word' id='word_1_253' title='bbox 307 2667 419 2742; x_wconf 86' lang='lat' dir='ltr'><strong>judicet</strong></span> <span class='ocrx_word' id='word_1_254' title='bbox 440 2665 532 2726; x_wconf 86' lang='lat' dir='ltr'><strong>lector</strong></span> <span class='ocrx_word' id='word_1_255' title='bbox 554 2673 584 2726; x_wconf 88' lang='lat' dir='ltr'><strong>et</strong></span> <span class='ocrx_word' id='word_1_256' title='bbox 607 2666 770 2743; x_wconf 90' lang='lat' dir='ltr'><strong>composita</strong></span> <span class='ocrx_word' id='word_1_257' title='bbox 792 2663 829 2743; x_wconf 86' lang='lat' dir='ltr'><strong>lis</strong></span> <span class='ocrx_word' id='word_1_258' title='bbox 852 2667 914 2724; x_wconf 87' lang='lat' dir='ltr'><strong>erit.</strong></span> <span class='ocrx_word' id='word_1_259' title='bbox 961 2665 1040 2725; x_wconf 92' lang='lat' dir='ltr'><strong>Illud</strong></span> <span class='ocrx_word' id='word_1_260' title='bbox 1062 2665 1157 2726; x_wconf 92' lang='lat' dir='ltr'><strong>solurn</strong></span> <span class='ocrx_word' id='word_1_261' title='bbox 1180 2667 1250 2726; x_wconf 86' lang='lat' dir='ltr'><strong>mihi</strong></span> <span class='ocrx_word' id='word_1_262' title='bbox 1269 2665 1460 2744; x_wconf 83' lang='lat' dir='ltr'><strong>relinquatur,</strong></span> <span class='ocrx_word' id='word_1_263' title='bbox 1482 2665 1562 2741; x_wconf 94' lang='lat' dir='ltr'><strong>quod</strong></span> <span class='ocrx_word' id='word_1_264' title='bbox 1577 2667 1659 2726; x_wconf 87' lang='lat' dir='ltr'><strong>nulla</strong></span> 
     </span>
     <span class='ocr_line' id='line_1_28' title="bbox 309 2754 1659 2831; baseline 0.002 -20"><span class='ocrx_word' id='word_1_265' title='bbox 309 2754 416 2829; x_wconf 87' lang='lat' dir='ltr'><strong>injuria</strong></span> <span class='ocrx_word' id='word_1_266' title='bbox 437 2771 491 2814; x_wconf 92' lang='lat' dir='ltr'><strong>neo</strong></span> <span class='ocrx_word' id='word_1_267' title='bbox 514 2760 565 2812; x_wconf 88' lang='lat' dir='ltr'><strong>tuo</strong></span> <span class='ocrx_word' id='word_1_268' title='bbox 588 2756 617 2810; x_wconf 91' lang='lat' dir='ltr'><strong>in</strong></span> <span class='ocrx_word' id='word_1_269' title='bbox 641 2754 818 2812; x_wconf 81' lang='lat' dir='ltr'><strong>harmonicis</strong></span> <span class='ocrx_word' id='word_1_270' title='bbox 841 2769 930 2831; x_wconf 90' lang='lat' dir='ltr'><strong>scopo</strong></span> <span class='ocrx_word' id='word_1_271' title='bbox 954 2755 1139 2830; x_wconf 86' lang='lat' dir='ltr'><strong>aenigmata,</strong></span> <span class='ocrx_word' id='word_1_272' title='bbox 1173 2771 1226 2814; x_wconf 90' lang='lat' dir='ltr'><strong>nee</strong></span> <span class='ocrx_word' id='word_1_273' title='bbox 1247 2771 1313 2813; x_wconf 88' lang='lat' dir='ltr'><strong>meo</strong></span> <span class='ocrx_word' id='word_1_274' title='bbox 1335 2755 1453 2814; x_wconf 81' lang='lat' dir='ltr'><strong>corratui</strong></span> <span class='ocrx_word' id='word_1_275' title='bbox 1475 2771 1571 2813; x_wconf 85' lang='lat' dir='ltr'><strong>rerum</strong></span> <span class='ocrx_word' id='word_1_276' title='bbox 1603 2756 1659 2814; x_wconf 89' lang='lat' dir='ltr'><strong>ob-</strong></span> 
     </span>
     <span class='ocr_line' id='line_1_29' title="bbox 312 2839 1659 2918; baseline 0.001 -19"><span class='ocrx_word' id='word_1_277' title='bbox 312 2858 463 2900; x_wconf 87' lang='lat' dir='ltr'><strong>scurarum</strong></span> <span class='ocrx_word' id='word_1_278' title='bbox 480 2840 713 2918; x_wconf 81' lang='lat' dir='ltr'><strong>explicationem,</strong></span> <span class='ocrx_word' id='word_1_279' title='bbox 739 2857 815 2916; x_wconf 90' lang='lat' dir='ltr'><strong>quse</strong></span> <span class='ocrx_word' id='word_1_280' title='bbox 837 2840 870 2899; x_wconf 89' lang='lat' dir='ltr'><strong>iit</strong></span> <span class='ocrx_word' id='word_1_281' title='bbox 892 2859 945 2918; x_wconf 86' lang='lat' dir='ltr'><strong>per</strong></span> <span class='ocrx_word' id='word_1_282' title='bbox 967 2841 1058 2900; x_wconf 89' lang='lat' dir='ltr'><strong>verba</strong></span> <span class='ocrx_word' id='word_1_283' title='bbox 1081 2850 1110 2900; x_wconf 89' lang='lat' dir='ltr'><strong>et</strong></span> <span class='ocrx_word' id='word_1_284' title='bbox 1132 2844 1320 2918; x_wconf 88' lang='lat' dir='ltr'><strong>quantitates,</strong></span> <span class='ocrx_word' id='word_1_285' title='bbox 1344 2842 1453 2902; x_wconf 81' lang='lat' dir='ltr'><strong>tribui.</strong></span> <span class='ocrx_word' id='word_1_286' title='bbox 1484 2839 1561 2899; x_wconf 87' lang='lat' dir='ltr'><strong>Nem</strong></span> <span class='ocrx_word' id='word_1_287' title='bbox 1585 2841 1659 2900; x_wconf 91' lang='lat' dir='ltr'><strong>iliud</strong></span> 
     </span>
     <span class='ocr_line' id='line_1_30' title="bbox 309 2927 1660 3006; baseline 0.003 -20"><span class='ocrx_word' id='word_1_288' title='bbox 309 2927 345 2987; x_wconf 91' lang='lat' dir='ltr'><strong>de</strong></span> <span class='ocrx_word' id='word_1_289' title='bbox 367 2938 418 2988; x_wconf 81' lang='lat' dir='ltr'><strong>tuo</strong></span> <span class='ocrx_word' id='word_1_290' title='bbox 442 2945 531 3005; x_wconf 90' lang='lat' dir='ltr'><strong>scopo</strong></span> <span class='ocrx_word' id='word_1_291' title='bbox 551 2929 614 3004; x_wconf 91' lang='lat' dir='ltr'><strong>jam</strong></span> <span class='ocrx_word' id='word_1_292' title='bbox 637 2928 734 2987; x_wconf 88' lang='lat' dir='ltr'><strong>verbis</strong></span> <span class='ocrx_word' id='word_1_293' title='bbox 756 2930 814 2986; x_wconf 90' lang='lat' dir='ltr'><strong>tuis</strong></span> <span class='ocrx_word' id='word_1_294' title='bbox 836 2929 928 3004; x_wconf 90' lang='lat' dir='ltr'><strong>ipsius</strong></span> <span class='ocrx_word' id='word_1_295' title='bbox 951 2929 1084 3006; x_wconf 88' lang='lat' dir='ltr'><strong>probavi,</strong></span> <span class='ocrx_word' id='word_1_296' title='bbox 1108 2930 1164 2989; x_wconf 89' lang='lat' dir='ltr'><strong>ime</strong></span> <span class='ocrx_word' id='word_1_297' title='bbox 1187 2929 1223 2988; x_wconf 93' lang='lat' dir='ltr'><strong>de</strong></span> <span class='ocrx_word' id='word_1_298' title='bbox 1245 2945 1311 2989; x_wconf 89' lang='lat' dir='ltr'><strong>meo</strong></span> <span class='ocrx_word' id='word_1_299' title='bbox 1328 2939 1435 2988; x_wconf 87' lang='lat' dir='ltr'><strong>conatu</strong></span> <span class='ocrx_word' id='word_1_300' title='bbox 1456 2944 1570 2988; x_wconf 90' lang='lat' dir='ltr'><strong>rursum</strong></span> <span class='ocrx_word' id='word_1_301' title='bbox 1598 2939 1660 2990; x_wconf 89' lang='lat' dir='ltr'><strong>tute</strong></span> 
     </span>
    </p>
   </div>
   <div class='ocr_carea' id='block_1_6' title="bbox 219 3014 1660 3094">
    <p class='ocr_par' dir='ltr' id='par_1_6' title="bbox 219 3014 1660 3094">
     <span class='ocr_line' id='line_1_31' title="bbox 219 3014 1660 3094; baseline -0.003 -14"><span class='ocrx_word' id='word_1_302' title='bbox 219 3073 225 3080; x_wconf 92' lang='lat'><strong>.</strong></span> <span class='ocrx_word' id='word_1_303' title='bbox 307 3018 370 3094; x_wconf 89' lang='lat' dir='ltr'><strong>ipse</strong></span> <span class='ocrx_word' id='word_1_304' title='bbox 392 3016 507 3093; x_wconf 83' lang='lat' dir='ltr'><strong>auelysi</strong></span> <span class='ocrx_word' id='word_1_305' title='bbox 529 3033 607 3075; x_wconf 92' lang='lat' dir='ltr'><strong>nona</strong></span> <span class='ocrx_word' id='word_1_306' title='bbox 638 3033 668 3076; x_wconf 90' lang='lat' dir='ltr'><strong>es</strong></span> <span class='ocrx_word' id='word_1_307' title='bbox 691 3015 804 3087; x_wconf 86' lang='lat' dir='ltr'><strong>lassus,</strong></span> <span class='ocrx_word' id='word_1_308' title='bbox 835 3033 883 3075; x_wconf 91' lang='lat' dir='ltr'><strong>me</strong></span> <span class='ocrx_word' id='word_1_309' title='bbox 905 3019 1111 3078; x_wconf 87' lang='lat' dir='ltr'><strong>consonantias</strong></span> <span class='ocrx_word' id='word_1_310' title='bbox 1135 3018 1236 3090; x_wconf 89' lang='lat' dir='ltr'><strong>coelo,</strong></span> <span class='ocrx_word' id='word_1_311' title='bbox 1268 3025 1359 3089; x_wconf 87' lang='lat' dir='ltr'><strong>terra,</strong></span> <span class='ocrx_word' id='word_1_312' title='bbox 1391 3031 1449 3074; x_wconf 90' lang='lat' dir='ltr'><strong>non</strong></span> <span class='ocrx_word' id='word_1_313' title='bbox 1472 3014 1585 3076; x_wconf 88' lang='lat' dir='ltr'><strong>meliori</strong></span> <span class='ocrx_word' id='word_1_314' title='bbox 1610 3020 1660 3077; x_wconf 81' lang='lat' dir='ltr'><strong>via</strong></span> 
     </span>
    </p>
   </div>
   <div class='ocr_carea' id='block_1_7' title="bbox 233 3103 1660 4848">
    <p class='ocr_par' dir='ltr' id='par_1_7' title="bbox 240 3103 1659 3356">
     <span class='ocr_line' id='line_1_32' title="bbox 240 3103 1659 3181; baseline 0.002 -20"><span class='ocrx_word' id='word_1_315' title='bbox 240 3109 245 3116; x_wconf 87' lang='lat'>&#39;</span> <span class='ocrx_word' id='word_1_316' title='bbox 309 3121 397 3179; x_wconf 85' lang='lat' dir='ltr'><strong>quam</strong></span> <span class='ocrx_word' id='word_1_317' title='bbox 420 3103 635 3180; x_wconf 81' lang='lat' dir='ltr'><strong>longitudinum</strong></span> <span class='ocrx_word' id='word_1_318' title='bbox 658 3105 844 3180; x_wconf 86' lang='lat' dir='ltr'><strong>proportione</strong></span> <span class='ocrx_word' id='word_1_319' title='bbox 868 3103 1020 3164; x_wconf 90' lang='lat' dir='ltr'><strong>enucleare</strong></span> <span class='ocrx_word' id='word_1_320' title='bbox 1043 3121 1140 3181; x_wconf 87' lang='lat' dir='ltr'><strong>posse.</strong></span> <span class='ocrx_word' id='word_1_321' title='bbox 1184 3105 1221 3164; x_wconf 83' lang='lat' dir='ltr'><strong>ldt</strong></span> <span class='ocrx_word' id='word_1_322' title='bbox 1235 3107 1345 3180; x_wconf 89' lang='lat' dir='ltr'><strong>passim</strong></span> <span class='ocrx_word' id='word_1_323' title='bbox 1363 3104 1571 3162; x_wconf 81' lang='lat' dir='ltr'><strong>verbositatem</strong></span> <span class='ocrx_word' id='word_1_324' title='bbox 1587 3105 1659 3164; x_wconf 86' lang='lat' dir='ltr'><strong>mibi</strong></span> 
     </span>
     <span class='ocr_line' id='line_1_33' title="bbox 311 3189 1658 3267; baseline 0.004 -19"><span class='ocrx_word' id='word_1_325' title='bbox 311 3191 428 3266; x_wconf 88' lang='lat' dir='ltr'><strong>objicis,</strong></span> <span class='ocrx_word' id='word_1_326' title='bbox 463 3208 522 3267; x_wconf 93' lang='lat' dir='ltr'><strong>qua</strong></span> <span class='ocrx_word' id='word_1_327' title='bbox 544 3209 574 3249; x_wconf 90' lang='lat' dir='ltr'><strong>re</strong></span> <span class='ocrx_word' id='word_1_328' title='bbox 597 3191 833 3267; x_wconf 85' lang='lat' dir='ltr'><strong>perspicuitatem</strong></span> <span class='ocrx_word' id='word_1_329' title='bbox 863 3194 965 3267; x_wconf 90' lang='lat' dir='ltr'><strong>utique</strong></span> <span class='ocrx_word' id='word_1_330' title='bbox 987 3189 1119 3252; x_wconf 88' lang='lat' dir='ltr'><strong>solemus·</strong></span> <span class='ocrx_word' id='word_1_331' title='bbox 1138 3193 1288 3266; x_wconf 81' lang='lat' dir='ltr'><strong>affectare,</strong></span> <span class='ocrx_word' id='word_1_332' title='bbox 1321 3208 1386 3251; x_wconf 89' lang='lat' dir='ltr'><strong>eum</strong></span> <span class='ocrx_word' id='word_1_333' title='bbox 1409 3199 1441 3249; x_wconf 91' lang='lat' dir='ltr'><strong>tu</strong></span> <span class='ocrx_word' id='word_1_334' title='bbox 1470 3209 1559 3267; x_wconf 87' lang='lat' dir='ltr'><strong>saepe</strong></span> <span class='ocrx_word' id='word_1_335' title='bbox 1591 3195 1658 3253; x_wconf 87' lang='lat' dir='ltr'><strong>loeo</strong></span> 
     </span>
     <span class='ocr_line' id='line_1_34' title="bbox 309 3277 1054 3356; baseline 0.005 -21"><span class='ocrx_word' id='word_1_336' title='bbox 309 3278 472 3352; x_wconf 89' lang='lat' dir='ltr'><strong>verborum,</strong></span> <span class='ocrx_word' id='word_1_337' title='bbox 498 3294 573 3355; x_wconf 88' lang='lat' dir='ltr'><strong>quae</strong></span> <span class='ocrx_word' id='word_1_338' title='bbox 595 3295 729 3350; x_wconf 86' lang='lat' dir='ltr'><strong>recusas,</strong></span> <span class='ocrx_word' id='word_1_339' title='bbox 754 3277 893 3338; x_wconf 86' lang='lat' dir='ltr'><strong>exhibeas</strong></span> <span class='ocrx_word' id='word_1_340' title='bbox 916 3280 1054 3356; x_wconf 89' lang='lat' dir='ltr'><strong>picturas.</strong></span> 
     </span>
    </p>

    <p class='ocr_par' dir='ltr' id='par_1_8' title="bbox 233 3363 1660 3966">
     <span class='ocr_line' id='line_1_35' title="bbox 397 3363 1658 3441; baseline 0.003 -17"><span class='ocrx_word' id='word_1_341' title='bbox 397 3365 499 3441; x_wconf 87' lang='lat' dir='ltr'><strong>Neque</strong></span> <span class='ocrx_word' id='word_1_342' title='bbox 521 3375 620 3424; x_wconf 89' lang='lat' dir='ltr'><strong>tamen</strong></span> <span class='ocrx_word' id='word_1_343' title='bbox 642 3366 699 3426; x_wconf 88' lang='lat' dir='ltr'><strong>hoc</strong></span> <span class='ocrx_word' id='word_1_344' title='bbox 721 3363 797 3424; x_wconf 89' lang='lat' dir='ltr'><strong>idem</strong></span> <span class='ocrx_word' id='word_1_345' title='bbox 821 3376 881 3439; x_wconf 87' lang='lat' dir='ltr'><strong>est,</strong></span> <span class='ocrx_word' id='word_1_346' title='bbox 905 3383 941 3424; x_wconf 91' lang='lat' dir='ltr'><strong>aa</strong></span> <span class='ocrx_word' id='word_1_347' title='bbox 963 3369 987 3425; x_wconf 91' lang='lat' dir='ltr'><strong>si</strong></span> <span class='ocrx_word' id='word_1_348' title='bbox 1010 3371 1039 3427; x_wconf 88' lang='lat' dir='ltr'><strong>te</strong></span> <span class='ocrx_word' id='word_1_349' title='bbox 1063 3365 1200 3425; x_wconf 88' lang='lat' dir='ltr'><strong>dixissem</strong></span> <span class='ocrx_word' id='word_1_350' title='bbox 1227 3365 1325 3426; x_wconf 84' lang='lat' dir='ltr'><strong>celare</strong></span> <span class='ocrx_word' id='word_1_351' title='bbox 1346 3369 1490 3441; x_wconf 74' lang='lat' dir='ltr'><strong>mysteria</strong></span> <span class='ocrx_word' id='word_1_352' title='bbox 1512 3375 1658 3441; x_wconf 71' lang='lat' dir='ltr'><strong>ecimus,</strong></span> 
     </span>
     <span class='ocr_line' id='line_1_36' title="bbox 312 3451 1660 3531; baseline 0.003 -20"><span class='ocrx_word' id='word_1_353' title='bbox 312 3451 391 3528; x_wconf 90' lang='lat' dir='ltr'><strong>quod</strong></span> <span class='ocrx_word' id='word_1_354' title='bbox 415 3461 458 3513; x_wconf 86' lang='lat' dir='ltr'><strong>est</strong></span> <span class='ocrx_word' id='word_1_355' title='bbox 481 3455 632 3531; x_wconf 89' lang='lat' dir='ltr'><strong>propositi.</strong></span> <span class='ocrx_word' id='word_1_356' title='bbox 678 3453 740 3512; x_wconf 70' lang='lat' dir='ltr'><strong>litei</strong></span> <span class='ocrx_word' id='word_1_357' title='bbox 763 3454 840 3514; x_wconf 89' lang='lat' dir='ltr'><strong>enim</strong></span> <span class='ocrx_word' id='word_1_358' title='bbox 864 3453 950 3522; x_wconf 90' lang='lat' dir='ltr'><strong>mihi,</strong></span> <span class='ocrx_word' id='word_1_359' title='bbox 974 3457 1024 3530; x_wconf 92' lang='lat' dir='ltr'><strong>qui</strong></span> <span class='ocrx_word' id='word_1_360' title='bbox 1048 3454 1261 3514; x_wconf 78' lang='lat' dir='ltr'><strong>mathematicis</strong></span> <span class='ocrx_word' id='word_1_361' title='bbox 1285 3452 1584 3514; x_wconf 83' lang='lat' dir='ltr'><strong>demonstrationibus</strong></span> <span class='ocrx_word' id='word_1_362' title='bbox 1608 3473 1660 3515; x_wconf 84' lang='lat' dir='ltr'><strong>as·</strong></span> 
     </span>
     <span class='ocr_line' id='line_1_37' title="bbox 313 3540 1660 3618; baseline 0.001 -20"><span class='ocrx_word' id='word_1_363' title='bbox 313 3543 408 3618; x_wconf 90' lang='lat' dir='ltr'><strong>suevi,</strong></span> <span class='ocrx_word' id='word_1_364' title='bbox 435 3541 559 3599; x_wconf 89' lang='lat' dir='ltr'><strong>muitum</strong></span> <span class='ocrx_word' id='word_1_365' title='bbox 589 3540 772 3601; x_wconf 90' lang='lat' dir='ltr'><strong>tenebrarum</strong></span> <span class='ocrx_word' id='word_1_366' title='bbox 796 3540 951 3600; x_wconf 90' lang='lat' dir='ltr'><strong>oiiundunt</strong></span> <span class='ocrx_word' id='word_1_367' title='bbox 981 3543 1010 3600; x_wconf 91' lang='lat' dir='ltr'><strong>in</strong></span> <span class='ocrx_word' id='word_1_368' title='bbox 1039 3542 1216 3602; x_wconf 86' lang='lat' dir='ltr'><strong>harmonicis</strong></span> <span class='ocrx_word' id='word_1_369' title='bbox 1244 3541 1466 3617; x_wconf 81' lang='lat' dir='ltr'><strong>hieroglyphice</strong></span> <span class='ocrx_word' id='word_1_370' title='bbox 1495 3549 1561 3615; x_wconf 88' lang='lat' dir='ltr'><strong>tua,</strong></span> <span class='ocrx_word' id='word_1_371' title='bbox 1596 3543 1660 3603; x_wconf 88' lang='lat' dir='ltr'><strong>fieri</strong></span> 
     </span>
     <span class='ocr_line' id='line_1_38' title="bbox 311 3628 1659 3705; baseline 0.003 -19"><span class='ocrx_word' id='word_1_372' title='bbox 311 3635 408 3687; x_wconf 88' lang='lat' dir='ltr'><strong>tamen</strong></span> <span class='ocrx_word' id='word_1_373' title='bbox 432 3635 530 3705; x_wconf 88' lang='lat' dir='ltr'><strong>potest</strong></span> <span class='ocrx_word' id='word_1_374' title='bbox 557 3637 587 3686; x_wconf 90' lang='lat' dir='ltr'><strong>et</strong></span> <span class='ocrx_word' id='word_1_375' title='bbox 615 3629 723 3686; x_wconf 89' lang='lat' dir='ltr'><strong>iactum</strong></span> <span class='ocrx_word' id='word_1_376' title='bbox 746 3629 850 3702; x_wconf 89' lang='lat' dir='ltr'><strong>oredo,</strong></span> <span class='ocrx_word' id='word_1_377' title='bbox 884 3637 916 3689; x_wconf 92' lang='lat' dir='ltr'><strong>ut</strong></span> <span class='ocrx_word' id='word_1_378' title='bbox 940 3637 971 3690; x_wconf 93' lang='lat' dir='ltr'><strong>tu</strong></span> <span class='ocrx_word' id='word_1_379' title='bbox 995 3631 1225 3696; x_wconf 87' lang='lat' dir='ltr'><strong>existimaveris,</strong></span> <span class='ocrx_word' id='word_1_380' title='bbox 1255 3636 1284 3687; x_wconf 85' lang='lat' dir='ltr'><strong>te</strong></span> <span class='ocrx_word' id='word_1_381' title='bbox 1306 3628 1537 3690; x_wconf 86' lang='lat' dir='ltr'><strong>luculentissime</strong></span> <span class='ocrx_word' id='word_1_382' title='bbox 1560 3634 1659 3690; x_wconf 82' lang='lat' dir='ltr'><strong>omnis</strong></span> 
     </span>
     <span class='ocr_line' id='line_1_39' title="bbox 312 3711 1656 3796; baseline 0.002 -23"><span class='ocrx_word' id='word_1_383' title='bbox 312 3711 531 3796; x_wconf 76' lang='lat' dir='ltr'><strong>depingere.&#39;⁴⁶)</strong></span> <span class='ocrx_word' id='word_1_384' title='bbox 576 3714 652 3790; x_wconf 84' lang='lat' dir='ltr'><strong>Quiri</strong></span> <span class='ocrx_word' id='word_1_385' title='bbox 676 3733 711 3775; x_wconf 92' lang='lat' dir='ltr'><strong>ne</strong></span> <span class='ocrx_word' id='word_1_386' title='bbox 735 3715 791 3775; x_wconf 90' lang='lat' dir='ltr'><strong>hoc</strong></span> <span class='ocrx_word' id='word_1_387' title='bbox 813 3715 931 3793; x_wconf 88' lang='lat' dir='ltr'><strong>quidem</strong></span> <span class='ocrx_word' id='word_1_388' title='bbox 954 3734 1044 3776; x_wconf 86' lang='lat' dir='ltr'><strong>ausus</strong></span> <span class='ocrx_word' id='word_1_389' title='bbox 1067 3719 1186 3776; x_wconf 88' lang='lat' dir='ltr'><strong>inissem</strong></span> <span class='ocrx_word' id='word_1_390' title='bbox 1210 3715 1323 3789; x_wconf 88' lang='lat' dir='ltr'><strong>dicere,</strong></span> <span class='ocrx_word' id='word_1_391' title='bbox 1347 3715 1426 3792; x_wconf 93' lang='lat' dir='ltr'><strong>quod</strong></span> <span class='ocrx_word' id='word_1_392' title='bbox 1450 3724 1481 3777; x_wconf 93' lang='lat' dir='ltr'><strong>tu</strong></span> <span class='ocrx_word' id='word_1_393' title='bbox 1512 3737 1580 3794; x_wconf 86' lang='lat' dir='ltr'><strong>pag.</strong></span> <span class='ocrx_word' id='word_1_394' title='bbox 1608 3722 1656 3777; x_wconf 73' lang='lat' dir='ltr'><strong>ii.</strong></span> 
     </span>
     <span class='ocr_line' id='line_1_40' title="bbox 315 3801 1657 3884; baseline 0.004 -24"><span class='ocrx_word' id='word_1_395' title='bbox 315 3801 351 3862; x_wconf 89' lang='lat' dir='ltr'><strong>dc</strong></span> <span class='ocrx_word' id='word_1_396' title='bbox 375 3810 404 3862; x_wconf 91' lang='lat' dir='ltr'><strong>te</strong></span> <span class='ocrx_word' id='word_1_397' title='bbox 428 3803 504 3864; x_wconf 87' lang='lat' dir='ltr'><strong>credi</strong></span> <span class='ocrx_word' id='word_1_398' title='bbox 529 3805 590 3877; x_wconf 88' lang='lat' dir='ltr'><strong>vis,</strong></span> <span class='ocrx_word' id='word_1_399' title='bbox 621 3811 649 3861; x_wconf 90' lang='lat' dir='ltr'><strong>te</strong></span> <span class='ocrx_word' id='word_1_400' title='bbox 674 3803 789 3862; x_wconf 85' lang='lat' dir='ltr'><strong>occulta</strong></span> <span class='ocrx_word' id='word_1_401' title='bbox 811 3821 863 3880; x_wconf 90' lang='lat' dir='ltr'><strong>pro</strong></span> <span class='ocrx_word' id='word_1_402' title='bbox 885 3821 972 3881; x_wconf 89' lang='lat' dir='ltr'><strong>posse</strong></span> <span class='ocrx_word' id='word_1_403' title='bbox 995 3805 1227 3878; x_wconf 77' lang='lat' dir='ltr'><strong>manifestasse,·</strong></span> <span class='ocrx_word' id='word_1_404' title='bbox 1241 3821 1309 3862; x_wconf 90' lang='lat' dir='ltr'><strong>nam</strong></span> <span class='ocrx_word' id='word_1_405' title='bbox 1331 3803 1415 3880; x_wconf 91' lang='lat' dir='ltr'><strong>plura</strong></span> <span class='ocrx_word' id='word_1_406' title='bbox 1437 3805 1486 3864; x_wconf 86' lang='lat' dir='ltr'><strong>irie</strong></span> <span class='ocrx_word' id='word_1_407' title='bbox 1507 3815 1537 3865; x_wconf 91' lang='lat' dir='ltr'><strong>te</strong></span> <span class='ocrx_word' id='word_1_408' title='bbox 1560 3823 1657 3884; x_wconf 88' lang='lat' dir='ltr'><strong>posse,</strong></span> 
     </span>
     <span class='ocr_line' id='line_1_41' title="bbox 233 3885 1139 3966; baseline 0.002 -18"><span class='ocrx_word' id='word_1_409' title='bbox 233 3885 237 3892; x_wconf 83' lang='grc'><strong>’</strong></span> <span class='ocrx_word' id='word_1_410' title='bbox 314 3908 403 3966; x_wconf 90' lang='lat' dir='ltr'><strong>quam</strong></span> <span class='ocrx_word' id='word_1_411' title='bbox 427 3907 486 3950; x_wconf 91' lang='lat' dir='ltr'><strong>una</strong></span> <span class='ocrx_word' id='word_1_412' title='bbox 509 3891 574 3950; x_wconf 87' lang='lat' dir='ltr'><strong>vice</strong></span> <span class='ocrx_word' id='word_1_413' title='bbox 595 3889 683 3966; x_wconf 74' lang='lat' dir='ltr'><strong>libuit</strong></span> <span class='ocrx_word' id='word_1_414' title='bbox 705 3897 869 3966; x_wconf 87' lang='lat' dir='ltr'><strong>praestare,</strong></span> <span class='ocrx_word' id='word_1_415' title='bbox 892 3890 991 3950; x_wconf 89' lang='lat' dir='ltr'><strong>malim</strong></span> <span class='ocrx_word' id='word_1_416' title='bbox 1015 3891 1139 3952; x_wconf 87' lang='lat' dir='ltr'><strong>credere.</strong></span> 
     </span>
    </p>

    <p class='ocr_par' dir='ltr' id='par_1_9' title="bbox 268 3976 1657 4475">
     <span class='ocr_line' id='line_1_42' title="bbox 401 3976 1657 4057; baseline 0 -19"><span class='ocrx_word' id='word_1_417' title='bbox 401 3976 485 4052; x_wconf 85' lang='lat' dir='ltr'><strong>Quae</strong></span> <span class='ocrx_word' id='word_1_418' title='bbox 507 3978 644 4056; x_wconf 75' lang='lat' dir='ltr'><strong>deinceps</strong></span> <span class='ocrx_word' id='word_1_419' title='bbox 667 3985 824 4054; x_wconf 85' lang='lat' dir='ltr'><strong>praecepta</strong></span> <span class='ocrx_word' id='word_1_420' title='bbox 846 3981 1011 4054; x_wconf 85' lang='lat' dir='ltr'><strong>sapientum</strong></span> <span class='ocrx_word' id='word_1_421' title='bbox 1034 3989 1096 4038; x_wconf 91' lang='lat' dir='ltr'><strong>tute</strong></span> <span class='ocrx_word' id='word_1_422' title='bbox 1119 3979 1173 4037; x_wconf 89' lang='lat' dir='ltr'><strong>tibi</strong></span> <span class='ocrx_word' id='word_1_423' title='bbox 1196 3981 1253 4055; x_wconf 90' lang='lat' dir='ltr'><strong>ipsi</strong></span> <span class='ocrx_word' id='word_1_424' title='bbox 1276 3977 1394 4053; x_wconf 88' lang='lat' dir='ltr'><strong>objicis,</strong></span> <span class='ocrx_word' id='word_1_425' title='bbox 1417 3983 1557 4056; x_wconf 82' lang='lat' dir='ltr'><strong>mysteria</strong></span> <span class='ocrx_word' id='word_1_426' title='bbox 1578 3980 1657 4057; x_wconf 89' lang='lat' dir='ltr'><strong>phy-</strong></span> 
     </span>
     <span class='ocr_line' id='line_1_43' title="bbox 313 4064 1657 4143; baseline 0.001 -18"><span class='ocrx_word' id='word_1_427' title='bbox 313 4069 376 4127; x_wconf 88' lang='lat' dir='ltr'><strong>sica</strong></span> <span class='ocrx_word' id='word_1_428' title='bbox 398 4065 549 4140; x_wconf 85' lang='lat' dir='ltr'><strong>revelanti,</strong></span> <span class='ocrx_word' id='word_1_429' title='bbox 573 4083 609 4125; x_wconf 91' lang='lat' dir='ltr'><strong>ea</strong></span> <span class='ocrx_word' id='word_1_430' title='bbox 633 4064 718 4124; x_wconf 91' lang='lat' dir='ltr'><strong>veiim</strong></span> <span class='ocrx_word' id='word_1_431' title='bbox 742 4084 762 4124; x_wconf 93' lang='lat' dir='ltr'><strong>a</strong></span> <span class='ocrx_word' id='word_1_432' title='bbox 782 4073 812 4124; x_wconf 91' lang='lat' dir='ltr'><strong>te</strong></span> <span class='ocrx_word' id='word_1_433' title='bbox 827 4066 892 4141; x_wconf 88' lang='lat' dir='ltr'><strong>ipso</strong></span> <span class='ocrx_word' id='word_1_434' title='bbox 908 4065 1041 4128; x_wconf 84' lang='lat' dir='ltr'><strong>dissolri.</strong></span> <span class='ocrx_word' id='word_1_435' title='bbox 1087 4068 1222 4125; x_wconf 86' lang='lat' dir='ltr'><strong>Forsitan</strong></span> <span class='ocrx_word' id='word_1_436' title='bbox 1241 4068 1317 4125; x_wconf 88' lang='lat' dir='ltr'><strong>enim</strong></span> <span class='ocrx_word' id='word_1_437' title='bbox 1333 4066 1446 4140; x_wconf 89' lang='lat' dir='ltr'><strong>aliquid</strong></span> <span class='ocrx_word' id='word_1_438' title='bbox 1462 4068 1574 4140; x_wconf 80' lang='lat' dir='ltr'><strong>afferes,</strong></span> <span class='ocrx_word' id='word_1_439' title='bbox 1598 4084 1657 4143; x_wconf 92' lang='lat' dir='ltr'><strong>quo</strong></span> 
     </span>
     <span class='ocr_line' id='line_1_44' title="bbox 313 4152 1656 4230; baseline 0.001 -16"><span class='ocrx_word' id='word_1_440' title='bbox 313 4163 343 4214; x_wconf 87' lang='lat' dir='ltr'><strong>et</strong></span> <span class='ocrx_word' id='word_1_441' title='bbox 365 4156 428 4230; x_wconf 90' lang='lat' dir='ltr'><strong>ipse</strong></span> <span class='ocrx_word' id='word_1_442' title='bbox 452 4155 525 4213; x_wconf 91' lang='lat' dir='ltr'><strong>tueri</strong></span> <span class='ocrx_word' id='word_1_443' title='bbox 547 4171 593 4212; x_wconf 91' lang='lat' dir='ltr'><strong>me</strong></span> <span class='ocrx_word' id='word_1_444' title='bbox 616 4155 734 4228; x_wconf 88' lang='lat' dir='ltr'><strong>possim,</strong></span> <span class='ocrx_word' id='word_1_445' title='bbox 758 4153 924 4213; x_wconf 89' lang='lat' dir='ltr'><strong>harmonias</strong></span> <span class='ocrx_word' id='word_1_446' title='bbox 948 4153 1089 4214; x_wconf 87' lang='lat' dir='ltr'><strong>coelestes</strong></span> <span class='ocrx_word' id='word_1_447' title='bbox 1110 4156 1141 4212; x_wconf 92' lang='lat' dir='ltr'><strong>in</strong></span> <span class='ocrx_word' id='word_1_448' title='bbox 1161 4153 1257 4217; x_wconf 90' lang='lat' dir='ltr'><strong>lucem</strong></span> <span class='ocrx_word' id='word_1_449' title='bbox 1279 4152 1428 4230; x_wconf 79' lang='lat' dir='ltr'><strong>proterens</strong></span> <span class='ocrx_word' id='word_1_450' title='bbox 1451 4163 1481 4214; x_wconf 91' lang='lat' dir='ltr'><strong>et</strong></span> <span class='ocrx_word' id='word_1_451' title='bbox 1502 4155 1656 4214; x_wconf 69' lang='grc' dir='ltr'><strong>οἰὶοηιίωη</strong></span> 
     </span>
     <span class='ocr_line' id='line_1_45' title="bbox 311 4240 1655 4319; baseline 0.003 -21"><span class='ocrx_word' id='word_1_452' title='bbox 311 4244 346 4299; x_wconf 90' lang='lat' dir='ltr'><strong>in</strong></span> <span class='ocrx_word' id='word_1_453' title='bbox 367 4245 491 4302; x_wconf 70' lang='lat' dir='ltr'><strong>edentia</strong></span> <span class='ocrx_word' id='word_1_454' title='bbox 512 4249 622 4300; x_wconf 87' lang='lat' dir='ltr'><strong>secreta</strong></span> <span class='ocrx_word' id='word_1_455' title='bbox 644 4258 795 4300; x_wconf 81' lang='lat' dir='ltr'><strong>recusares.</strong></span> <span class='ocrx_word' id='word_1_456' title='bbox 843 4240 920 4315; x_wconf 83' lang='lat' dir='ltr'><strong>Quin</strong></span> <span class='ocrx_word' id='word_1_457' title='bbox 945 4243 1032 4300; x_wconf 87' lang='lat' dir='ltr'><strong>etiam</strong></span> <span class='ocrx_word' id='word_1_458' title='bbox 1054 4242 1108 4301; x_wconf 91' lang='lat' dir='ltr'><strong>tibi</strong></span> <span class='ocrx_word' id='word_1_459' title='bbox 1131 4243 1187 4318; x_wconf 89' lang='lat' dir='ltr'><strong>ipsi</strong></span> <span class='ocrx_word' id='word_1_460' title='bbox 1210 4243 1362 4316; x_wconf 86' lang='lat' dir='ltr'><strong>quaerenti</strong></span> <span class='ocrx_word' id='word_1_461' title='bbox 1385 4249 1448 4301; x_wconf 90' lang='lat' dir='ltr'><strong>tute</strong></span> <span class='ocrx_word' id='word_1_462' title='bbox 1470 4243 1655 4319; x_wconf 88' lang='lat' dir='ltr'><strong>respondeto,</strong></span> 
     </span>
     <span class='ocr_line' id='line_1_46' title="bbox 313 4327 1655 4406; baseline 0.001 -20"><span class='ocrx_word' id='word_1_463' title='bbox 313 4344 375 4400; x_wconf 89' lang='lat' dir='ltr'><strong>cur,</strong></span> <span class='ocrx_word' id='word_1_464' title='bbox 399 4345 463 4387; x_wconf 89' lang='lat' dir='ltr'><strong>curn</strong></span> <span class='ocrx_word' id='word_1_465' title='bbox 485 4345 592 4388; x_wconf 90' lang='lat' dir='ltr'><strong>arcana</strong></span> <span class='ocrx_word' id='word_1_466' title='bbox 614 4327 736 4406; x_wconf 87' lang='lat' dir='ltr'><strong>physica</strong></span> <span class='ocrx_word' id='word_1_467' title='bbox 757 4327 866 4387; x_wconf 90' lang='lat' dir='ltr'><strong>mundo</strong></span> <span class='ocrx_word' id='word_1_468' title='bbox 888 4327 1072 4406; x_wconf 89' lang='lat' dir='ltr'><strong>propalatum</strong></span> <span class='ocrx_word' id='word_1_469' title='bbox 1097 4346 1162 4402; x_wconf 88' lang='lat' dir='ltr'><strong>eas,</strong></span> <span class='ocrx_word' id='word_1_470' title='bbox 1196 4330 1412 4405; x_wconf 80' lang='lat' dir='ltr'><strong>aenigmatibus</strong></span> <span class='ocrx_word' id='word_1_471' title='bbox 1443 4332 1542 4406; x_wconf 85' lang='lat' dir='ltr'><strong>potius</strong></span> <span class='ocrx_word' id='word_1_472' title='bbox 1566 4333 1655 4389; x_wconf 85' lang='lat' dir='ltr'><strong>utaris</strong></span> 
     </span>
     <span class='ocr_line' id='line_1_47' title="bbox 268 4415 643 4475; baseline 0.013 -7"><span class='ocrx_word' id='word_1_473' title='bbox 268 4450 272 4459; x_wconf 70' lang='grc'><strong>»</strong></span> <span class='ocrx_word' id='word_1_474' title='bbox 312 4415 342 4468; x_wconf 92' lang='lat' dir='ltr'><strong>in</strong></span> <span class='ocrx_word' id='word_1_475' title='bbox 365 4415 457 4473; x_wconf 88' lang='lat' dir='ltr'><strong>vicem</strong></span> <span class='ocrx_word' id='word_1_476' title='bbox 479 4415 643 4475; x_wconf 80' lang='lat' dir='ltr'><strong>sermonis?</strong></span> 
     </span>
    </p>

    <p class='ocr_par' dir='ltr' id='par_1_10' title="bbox 314 4499 1654 4848">
     <span class='ocr_line' id='line_1_48' title="bbox 403 4499 1654 4581; baseline 0.006 -23"><span class='ocrx_word' id='word_1_477' title='bbox 403 4499 518 4572; x_wconf 87' lang='lat' dir='ltr'><strong>Quaero</strong></span> <span class='ocrx_word' id='word_1_478' title='bbox 543 4504 669 4561; x_wconf 89' lang='lat' dir='ltr'><strong>vicissim</strong></span> <span class='ocrx_word' id='word_1_479' title='bbox 692 4521 757 4581; x_wconf 87' lang='lat' dir='ltr'><strong>ego,</strong></span> <span class='ocrx_word' id='word_1_480' title='bbox 781 4519 1025 4572; x_wconf 57' lang='lat' dir='ltr'><strong>casanatensem</strong></span> <span class='ocrx_word' id='word_1_481' title='bbox 1048 4503 1128 4578; x_wconf 89' lang='lat' dir='ltr'><strong>milri,</strong></span> <span class='ocrx_word' id='word_1_482' title='bbox 1152 4506 1318 4581; x_wconf 85' lang='lat' dir='ltr'><strong>aenigmata</strong></span> <span class='ocrx_word' id='word_1_483' title='bbox 1341 4503 1393 4562; x_wconf 92' lang='lat' dir='ltr'><strong>tibi</strong></span> <span class='ocrx_word' id='word_1_484' title='bbox 1417 4505 1561 4578; x_wconf 87' lang='lat' dir='ltr'><strong>tribuenti,</strong></span> <span class='ocrx_word' id='word_1_485' title='bbox 1588 4523 1654 4568; x_wconf 85' lang='lat' dir='ltr'><strong>cum</strong></span> 
     </span>
     <span class='ocr_line' id='line_1_49' title="bbox 314 4583 1654 4668; baseline 0.011 -28"><span class='ocrx_word' id='word_1_486' title='bbox 314 4583 371 4641; x_wconf 87' lang='lat' dir='ltr'><strong>hae</strong></span> <span class='ocrx_word' id='word_1_487' title='bbox 402 4587 465 4663; x_wconf 90' lang='lat' dir='ltr'><strong>ipsa</strong></span> <span class='ocrx_word' id='word_1_488' title='bbox 487 4605 573 4663; x_wconf 86' lang='lat' dir='ltr'><strong>super</strong></span> <span class='ocrx_word' id='word_1_489' title='bbox 602 4606 632 4648; x_wconf 92' lang='lat' dir='ltr'><strong>re</strong></span> <span class='ocrx_word' id='word_1_490' title='bbox 653 4597 713 4648; x_wconf 88' lang='lat' dir='ltr'><strong>tam</strong></span> <span class='ocrx_word' id='word_1_491' title='bbox 742 4609 864 4668; x_wconf 88' lang='lat' dir='ltr'><strong>operose</strong></span> <span class='ocrx_word' id='word_1_492' title='bbox 887 4600 916 4652; x_wconf 91' lang='lat' dir='ltr'><strong>te</strong></span> <span class='ocrx_word' id='word_1_493' title='bbox 939 4590 1151 4652; x_wconf 79' lang='lat' dir='ltr'><strong>defendendum</strong></span> <span class='ocrx_word' id='word_1_494' title='bbox 1175 4591 1228 4651; x_wconf 90' lang='lat' dir='ltr'><strong>tibi</strong></span> <span class='ocrx_word' id='word_1_495' title='bbox 1260 4591 1378 4650; x_wconf 88' lang='lat' dir='ltr'><strong>alinea</strong></span> <span class='ocrx_word' id='word_1_496' title='bbox 1405 4593 1453 4650; x_wconf 85' lang='grc'><strong>16.</strong></span> <span class='ocrx_word' id='word_1_497' title='bbox 1481 4595 1654 4668; x_wconf 79' lang='lat' dir='ltr'><strong>patavensi</strong></span> 
     </span>
     <span class='ocr_line' id='line_1_50' title="bbox 314 4670 1652 4755; baseline 0.01 -27"><span class='ocrx_word' id='word_1_498' title='bbox 314 4670 418 4732; x_wconf 87' lang='lat' dir='ltr'><strong>Nonne</strong></span> <span class='ocrx_word' id='word_1_499' title='bbox 442 4691 510 4750; x_wconf 90' lang='lat' dir='ltr'><strong>ergo</strong></span> <span class='ocrx_word' id='word_1_500' title='bbox 533 4677 632 4735; x_wconf 87' lang='lat' dir='ltr'><strong>interis</strong></span> <span class='ocrx_word' id='word_1_501' title='bbox 655 4680 821 4754; x_wconf 86' lang='lat' dir='ltr'><strong>aenigmata</strong></span> <span class='ocrx_word' id='word_1_502' title='bbox 843 4680 1007 4752; x_wconf 87' lang='lat' dir='ltr'><strong>tenebrosa,</strong></span> <span class='ocrx_word' id='word_1_503' title='bbox 1030 4681 1149 4740; x_wconf 89' lang='lat' dir='ltr'><strong>sirecte</strong></span> <span class='ocrx_word' id='word_1_504' title='bbox 1172 4698 1190 4738; x_wconf 93' lang='lat' dir='ltr'><strong>a</strong></span> <span class='ocrx_word' id='word_1_505' title='bbox 1211 4685 1241 4740; x_wconf 89' lang='lat' dir='ltr'><strong>te</strong></span> <span class='ocrx_word' id='word_1_506' title='bbox 1265 4689 1405 4755; x_wconf 78' lang='lat' dir='ltr'><strong>usurpata</strong></span> <span class='ocrx_word' id='word_1_507' title='bbox 1424 4681 1596 4754; x_wconf 87' lang='lat' dir='ltr'><strong>contendis,</strong></span> <span class='ocrx_word' id='word_1_508' title='bbox 1627 4685 1652 4742; x_wconf 88' lang='lat' dir='ltr'><strong>si</strong></span> 
     </span>
     <span class='ocr_line' id='line_1_51' title="bbox 315 4759 1652 4848; baseline 0.007 -26"><span class='ocrx_word' id='word_1_509' title='bbox 315 4759 454 4848; x_wconf 74' lang='lat' dir='ltr'><strong>exemplis</strong></span> <span class='ocrx_word' id='word_1_510' title='bbox 476 4768 505 4820; x_wconf 89' lang='lat' dir='ltr'><strong>te</strong></span> <span class='ocrx_word' id='word_1_511' title='bbox 527 4765 641 4842; x_wconf 86' lang='lat' dir='ltr'><strong>maguis</strong></span> <span class='ocrx_word' id='word_1_512' title='bbox 664 4767 783 4828; x_wconf 73' lang='lat' dir='ltr'><strong>usuum?</strong></span> <span class='ocrx_word' id='word_1_513' title='bbox 826 4767 946 4828; x_wconf 84' lang='lat' dir='ltr'><strong>Licetne</strong></span> <span class='ocrx_word' id='word_1_514' title='bbox 976 4767 1046 4828; x_wconf 91' lang='lat' dir='ltr'><strong>mihi</strong></span> <span class='ocrx_word' id='word_1_515' title='bbox 1069 4775 1151 4829; x_wconf 91' lang='lat' dir='ltr'><strong>tuum</strong></span> <span class='ocrx_word' id='word_1_516' title='bbox 1179 4770 1209 4825; x_wconf 93' lang='lat' dir='ltr'><strong>in</strong></span> <span class='ocrx_word' id='word_1_517' title='bbox 1232 4773 1315 4826; x_wconf 89' lang='lat' dir='ltr'><strong>tanta</strong></span> <span class='ocrx_word' id='word_1_518' title='bbox 1337 4769 1480 4828; x_wconf 88' lang='lat' dir='ltr'><strong>sermonis</strong></span> <span class='ocrx_word' id='word_1_519' title='bbox 1509 4770 1652 4848; x_wconf 79' lang='lat' dir='ltr'><strong>inaequa-</strong></span> 
     </span>
    </p>
   </div>
   <div class='ocr_carea' id='block_1_8' title="bbox 0 0 1876 5528">
    <p class='ocr_par' dir='ltr' id='par_1_11' title="bbox 0 0 1876 5528">
     <span class='ocr_line' id='line_1_52' title="bbox 0 0 1876 5528; baseline 0 0"><span class='ocrx_word' id='word_1_520' title='bbox 0 0 1876 5528; x_wconf 95' lang='lat' dir='ltr'><strong> </strong></span> 
     </span>
    </p>
   </div>
  </div>
 </body>
</html>
