3668 5526
311 312 375 372 458
452 391 457 414 ὁ
770 310 935 380 appendicis
953 309 1175 366 Harmonicerom

194 499 198 514 ¹
274 481 490 546 ‘harmonicas
512 504 548 548 ex
571 489 607 546 iis
629 496 790 562 abactas,
814 487 843 548 id
866 499 911 551 est
933 490 1162 564 demonstratas,
1190 489 1268 565 quod
1293 489 1442 548 verissima
1464 485 1523 547 illis
1545 487 1638 560 insint,

306 589 398 634 reum
420 578 609 660 pronuncias,
640 575 669 636 id
691 583 762 653 pute
784 576 822 639 ad
846 578 901 637 Dei
923 582 1061 640 creatoris
1090 578 1225 654 injuriam
1255 578 1405 654 pertinere.
1453 574 1533 636 Seite
1555 576 1638 646 anim,

305 657 452 720 baccilia
482 679 546 722 esse
574 650 754 741 accidentia,
782 665 1332 741 querumcreatercurambabuerit,
1363 662 1524 740 inquibus
1555 677 1640 720 exor-

304 746 409 809 nandis
434 748 561 824 aliquem
583 750 694 810 radium
717 754 879 830 sapientiae
901 771 972 814 suae
995 754 1176 833 impenderit.
1185 749 1226 830 ⁵⁸)
1270 753 1345 812 Ecce
1361 753 1438 812 enim
1460 765 1567 824 negare
1582 765 1641 806 non

291 835 403 910 potes,
434 837 506 896 inter
529 837 645 898 Saturni
674 839 869 900 tardissimum
902 850 931 902 et
954 839 1041 902 Jovis
1070 841 1285 904 velocissimum
1317 831 1379 900 csse
1413 837 1553 914 diapason
1577 837 1641 914 epi-

306 921 440 999 dispento
463 927 694 1000 proportionem,
725 929 799 986 inter
827 926 906 988 illius
931 928 1143 990 velocissimum
1174 935 1203 988 et
1232 926 1320 1004 hujus
1347 923 1544 985 tardissimum
1571 940 1642 1000 pro-

306 1013 466 1086 portionem
498 1011 637 1090 diapason
666 1013 841 1091 simplicem,
879 1019 1015 1094 agnoscis
1044 1017 1250 1120 perfectionem
1286 1014 1388 1074 barum
1422 1012 1641 1092 proportionum

309 1089 346 1179 Ἀ
369 1104 397 1158 ei
424 1092 476 1180 Ἃ,
500 1115 553 1160 ιιι
575 1101 665 1162 audes
688 1119 866 1176 asseverare,
889 1103 918 1161 id
941 1105 1060 1164 fortuite
1082 1106 1124 1164 sic
1147 1105 1294 1174 evenisse,
1325 1105 1408 1177 quasi
1432 1100 1503 1158 nibil
1526 1097 1562 1157 de
1584 1099 1641 1157 hac

303 1199 333 1242 re
356 1186 503 1261 cogitante
530 1196 666 1248 creatore.
711 1187 794 1250 Haec
824 1193 922 1250 emnia
950 1209 1014 1251 cum
1047 1199 1078 1256 tu
1102 1191 1195 1262 scias,
1225 1199 1259 1249 ut
1289 1198 1386 1248 tamen
1418 1205 1464 1248 mc
1493 1186 1642 1246 ulciscaris

213 1333 220 1344 ,
303 1287 360 1330 non
384 1269 470 1334 valde
493 1275 568 1336 male
591 1280 740 1348 meritum,
771 1294 805 1338 es
829 1281 857 1336 in
881 1277 995 1339 coelum
1018 1279 1111 1352 tellis,
1141 1296 1248 1336 vanam
1271 1285 1300 1336 et
1323 1277 1485 1336 chimaerae
1515 1273 1640 1333 similem

303 1357 377 1417 bane
406 1359 601 1422 harmonicam
630 1365 845 1440 proportionem
874 1369 1057 1446 pronuncias.
1108 1365 1192 1426 Haec
1224 1383 1258 1424 ex
1289 1371 1371 1442 parte
1401 1364 1457 1423 Dei
1491 1363 1640 1421 creatoris.

304 1444 387 1505 Nunc
409 1448 446 1507 ad
469 1447 528 1508 alia
551 1459 718 1524 convertar,
743 1469 818 1528 quae
842 1453 878 1513 ad
901 1473 948 1514 me
970 1456 1139 1532 scriptorem
1163 1455 1316 1529 pertinent
1363 1453 1407 1510 Ac
1427 1455 1453 1509 si
1475 1452 1573 1510 omnia
1596 1451 1642 1506 in-

303 1535 367 1608 quis
390 1539 496 1594 enimc
517 1555 538 1596 a
558 1539 755 1612 planetarum
777 1542 944 1616 aspectibus
966 1551 1022 1602 eut
1043 1541 1171 1604 motibus
1192 1539 1377 1624 dependmct.
1424 1538 1486 1614 Ege
1510 1535 1639 1613 quidem,

303 1619 444 1694 lieberto,
477 1629 713 1701 consequentiam
744 1626 829 1688 video
857 1628 983 1702 nullam,
1022 1647 1116 1706 neque
1139 1645 1210 1688 sane
1242 1627 1299 1686 bec
1327 1643 1425 1684 meum
1443 1624 1563 1700 dogma
1586 1631 1640 1696 est,

303 1709 374 1768 citra
396 1709 444 1770 vel
465 1719 533 1772 aete
555 1720 650 1774 metus
673 1715 820 1776 coelorum
843 1724 953 1776 metum
975 1719 1227 1793 vegetationemve
1260 1716 1289 1772 in
1311 1713 1419 1790 plantis
1448 1719 1476 1771 et
1499 1711 1638 1770 animali-

302 1795 356 1854 bus
385 1813 439 1857 nec
468 1798 555 1858 fuisse
586 1817 640 1862 neo
672 1819 735 1862 csse
762 1819 859 1880 posse.
905 1804 984 1882 Lege
1012 1803 1076 1864 libri
1109 1805 1165 1866 mei
1189 1801 1241 1860 IV.
1271 1803 1375 1878 capi
1386 1845 1395 1878 ,
1424 1800 1556 1858 invenies
1589 1799 1642 1872 ibi,

302 1892 434 1944 araturam
463 1886 648 1948 sublunarem
678 1907 790 1968 semper
819 1893 984 1952 incumbere
1008 1893 1087 1968 operi
1110 1908 1181 1964 suo,
1211 1889 1247 1950 ad
1271 1886 1404 1948 stimulos
1433 1903 1503 1946 vere
1534 1903 1641 1962 aspec-

301 1978 383 2028 tuum
405 1976 574 2050 praccipues
596 1975 712 2053 aliquos
734 1995 837 2055 cepere
859 1981 998 2057 impetus3
1021 1979 1077 2040 boc
1097 1979 1158 2054 jam
1173 1995 1261 2058 supra
1280 1977 1435 2036 inculcavi.
1482 1973 1636 2048 Sitetum,

302 2059 405 2132 inquis,
429 2077 536 2136 corpus
558 2063 753 2124 harmonicae
780 2063 1039 2144 contemplationis
1067 2070 1102 2124 in
1124 2067 1262 2126 extremis
1289 2063 1488 2139 planetarum
1510 2061 1641 2121 metilius

245 2179 247 2188 =
301 2149 445 2220 cmuistit,
473 2154 620 2224 sequitm,
652 2153 771 2212 necllum
803 2157 838 2214 in
858 2154 974 2216 munde
1003 2155 1095 2231 fuisse
1123 2151 1318 2212 harmoniam
1347 2157 1417 2209 onte
1444 2151 1642 2226 planetarum

301 2236 480 2307 positionem
501 2240 535 2294 in
557 2239 651 2298 coelis.
697 2239 777 2300 Male
800 2241 924 2318 colligis.
969 2241 1076 2301 Totum
1105 2243 1134 2299 in
1157 2241 1237 2300 hisee
1260 2237 1330 2312 quid
1354 2237 1476 2314 impedit
1503 2238 1546 2295 sic
1569 2252 1642 2294 cen-

301 2321 416 2392 sistere,
446 2330 478 2379 ιιι
499 2325 584 2383 simul
608 2329 695 2384 etiarn
719 2336 812 2386 tetum
841 2331 880 2388 sit
901 2332 931 2386 in
955 2328 1042 2388 aliis?
1087 2328 1152 2386 Nee
1176 2334 1221 2387 est
1251 2325 1329 2386 idem
1351 2322 1462 2400 dicere,
1492 2331 1588 2383 tetum
1612 2325 1641 2380 in

301 2405 381 2466 hisee
404 2415 434 2468 et
455 2414 584 2472 tetum
578 2431 604 2472 ιιι
628 2412 698 2473 ιοΙιι
728 2414 816 2476 bisce.
864 2415 992 2490 Quaere,
1023 2415 1164 2493 lieberto,
1195 2422 1395 2490 quaerantque
1418 2420 1515 2472 tecum
1538 2427 1641 2470 omncs

297 2491 360 2566 alii,
382 2493 503 2556 forsitan
525 2501 600 2558 enim
624 2510 774 2563 occurrent
796 2503 871 2565 aliae
894 2523 940 2562 res
962 2502 1094 2574 sensiles,
1118 2505 1146 2562 in
1169 2503 1275 2576 quibus
1299 2503 1387 2560 edam
1410 2501 1448 2558 sit
1471 2516 1641 2575 expressum

302 2591 394 2640 tetum
416 2600 519 2685 corpus
542 2585 742 2664 harmonices3
765 2608 841 2667 quae
865 2592 914 2650 ubi
940 2609 993 2650 ves
1016 2589 1211 2670 protuleritis,
1241 2598 1311 2649 tunc
1333 2604 1388 2664 ege
1412 2594 1501 2662 caput
1518 2588 1641 2646 tertium

300 2667 364 2726 libri
387 2673 444 2730 mei
465 2672 519 2729 IV.
543 2671 721 2738 Harmoniae
744 2680 871 2758 augebo,
894 2677 1016 2756 prelatis
1031 2679 1159 2738 terminis
1174 2676 1299 2754 subjecti
1314 2674 1506 2755 harmonicas.
1545 2673 1642 2750 Quam

302 2774 371 2815 roro
395 2766 426 2816 tu
449 2757 556 2820 doceas
579 2761 759 2824 harmoniam
782 2765 856 2826 lucis
879 2774 909 2825 et
924 2766 1115 2843 tenebrarum,
1139 2781 1217 2824 nore
1233 2771 1262 2823 et
1276 2743 1426 2824 laxissime
1444 2779 1532 2822 seusu
1547 2763 1642 2834 vocis,

301 2843 412 2918 idjam
435 2849 591 2929 saepius
576 2851 606 2907 iu
627 2853 825 2928 superioribus
848 2862 894 2914 est
915 2853 1033 2916 dictum.

387 2930 571 3009 Quemquam
602 2939 690 2998 etiam
718 2942 746 2996 in
774 2958 848 3000 voce
877 2941 1149 3018 contemplationis,
1184 2956 1272 3015 quam
1299 2937 1371 2999 mihi
1400 2936 1555 3015 reposuisti
1590 2953 1642 3014 pre

306 3035 370 3076 mee
394 3035 466 3080 voce
489 3029 777 3102 contemperationis,
807 3029 918 3086 lucrum
942 3036 1057 3106 captare
1080 3025 1203 3099 videris,
1235 3025 1286 3086 sed
1314 3025 1429 3086 frustra.
1475 3024 1540 3084 Non
1564 3027 1643 3085 enim

300 3109 392 3164 emeris
415 3125 480 3166 mes
501 3113 713 3211 contemplatio
733 3124 881 3177 versatur
888 3119 916 3174 in
940 3115 1122 3192 planetarum
1144 3115 1280 3186 metibus,
1303 3131 1372 3192 pars
1386 3114 1459 3189 ajns,
1482 3110 1557 3172 libro
1583 3114 1642 3171 sci·

300 3191 367 3252 licet
390 3193 441 3254 lV.
467 3199 524 3254 mei
547 3202 657 3274 operis,
691 3200 836 3261 decidit'
829 3221 857 3262 m
880 3203 1034 3262 Terram*
1027 3221 1114 3279 rnque
1144 3201 1242 3262 radies
1270 3200 1453 3302 pitanciarum
1481 3217 1642 3277 cenamque

300 3280 454 3355 angulos
447 3301 474 3340 ιιι
498 3283 588 3344 Terra
610 3287 764 3364 formatos,
788 3308 856 3366 pars
879 3308 1000 3360 rursum,
1025 3291 1097 3348 libre
1121 3289 1232 3350 seilicet
1254 3289 1341 3356 111‚·
1333 3306 1363 3345 ιιι
1386 3305 1475 3347 vocas
1498 3286 1643 3346 humanas

299 3377 327 3426 ei
354 3369 536 3430 artificiosas.
582 3372 621 3433 Αι
648 3380 929 3452 contemperationis
963 3377 1159 3438 harmonicae
1189 3373 1266 3454 (qus
1295 3375 1549 3434 circumlocutione
1587 3391 1642 3448 ege

299 3458 427 3530 exprime
451 3457 530 3518 illese
551 3459 725 3542 Ptolemaei,
748 3481 813 3522 cum
835 3488 886 3541 ιηι
908 3459 1164 3540 resipiscentiae
1188 3487 1272 3540 φυσιν
1294 3459 1441 3544 nominat)
1465 3469 1557 3522 totum
1575 3479 1642 3521 cer·

210 3619 216 3626 ι
298 3560 351 3618 pus
374 3545 491 3604 invenie
515 3549 544 3604 in
567 3550 694 3608 motibus
717 3551 913 3626 planetarum,
944 3559 1038 3612 toturn
1061 3559 1201 3627 quantum
1225 3559 1366 3626 quaritum
1389 3556 1434 3610 ast
1461 3552 1491 3607 in
1516 3551 1641 3609 vocibus

298 3631 440 3703 humanis,
466 3649 522 3718 nen
547 3651 616 3694 vere
639 3639 680 3696 ita
705 3644 797 3697 tetum
820 3641 850 3696 in
873 3637 1019 3700 radiorum
1042 3639 1166 3714 angulis.
1211 3639 1275 3706 Non
1304 3645 1370 3696 utar
1393 3639 1563 3714 exceptione
1593 3635 1645 3694 illa

294 3718 457 3793 justissime
480 3719 515 3780 de
538 3723 624 3781 unice
653 3723 704 3783 ille
726 3725 822 3786 nidus
845 3728 954 3803 primae
986 3724 1087 3785 mundi
1114 3727 1272 3799 infantiae,
1301 3722 1373 3801 quid
1403 3741 1541 3802 maguum
1564 3727 1643 3784 enim

298 3803 344 3864 vel
367 3805 508 3878 insolens,
538 3811 637 3886 siper
660 3811 689 3868 id
710 3830 774 3874 non
793 3815 876 3889 pluit
891 3807 1044 3874 Dominus
1065 3832 1162 3890 supro
1177 3823 1291 3876 ιιιιαιιι
1313 3819 1382 3886 ete,
1407 3831 1465 3874 non
1489 3818 1569 3886 uter,
1596 3815 1644 3871 io-

297 3911 403 3968 qnam,
427 3895 496 3968 quia
520 3895 589 3954 mihi
614 3915 687 3974 epus
711 3898 762 3970 illa
784 3917 841 3960 nen
864 3909 918 3961 cst.

383 3979 499 4057 Quid
487 3999 548 4056 Jam
579 4001 655 4044 nune
682 4003 737 4062 ege
760 3991 858 4064 potius
880 3989 970 4062 facie,
1004 4005 1091 4062 quam
1114 3994 1148 4045 ut
1174 3989 1227 4048 tibi
1259 4004 1313 4048 ceu
1336 3987 1420 4048 alteri
1443 3985 1641 4064 Aristophani

193 4101 203 4118 ι
296 4069 513 4130 festivissimam
536 4070 684 4132 exhibenti
707 4075 886 4136 comoediam
891 4072 956 4172 (in
980 4092 1039 4150 qua
1060 4082 1226 4150 extrenum
1252 4073 1381 4134 hominis
1402 4073 1561 4150 delirium,
1584 4077 1642 4134 tuis

224 4155 232 4163 “
298 4157 558 4222 imeeinatienibus
587 4159 758 4228 formatum,
797 4163 852 4221 sub
885 4179 1011 4238 persona
1042 4165 1098 4222 mci
1130 4163 1255 4224 neminis
1289 4162 1462 4234 introducis)
1496 4171 1642 4242 spectator

297 4237 442 4304 assideant
473 4243 608 4306 Socrates
638 4264 709 4323 ego,
741 4249 893 4309 subridens
922 4248 1172 4328 applaudeusque.
1225 4249 1310 4310 Certe
1340 4249 1474 4326 equidem
1503 4268 1640 4324 magnum

297 4329 447 4404 delirium,
471 4331 596 4393 abluam
619 4339 773 4408 materiae,
796 4339 830 4396 in
853 4356 915 4413 quo
937 4339 992 4400 luc
1014 4355 1108 4412 opero
1122 4355 1180 4398 sira
1194 4335 1331 4414 ιιιιιριιαι
1342 4339 1546 4416 propinandis
1560 4347 1642 4398 tene·

298 4416 374 4484 bria,
404 4417 529 4478 oblitum
556 4422 741 4498 facultatum
765 4432 909 4500 naturae,
942 4425 1050 4502 quibus
1072 4427 1126 4486 ifle
1155 4433 1191 4484 ut
1211 4443 1266 4484 rec
1288 4425 1398 4500 reliquia
1424 4429 1571 4502 imperet,
1601 4425 1643 4484 ed

298 4503 585 4646 stellostnoonsupme
614 4527 684 4568 eum
712 4511 834 4575 ethnicis
867 4520 896 4572 et
924 4530 1000 4589 quae
1030 4523 1192 4588 sequuntur
1223 4515 1350 4576 oratoria
1377 4522 1572 4593 poppysmata
1594 4513 1641 4572 le·

298 4605 399 4646 xnnan
416 4607 453 4648 ra.

387 4674 485 4734 Solem
506 4681 644 4756 equidm
664 4684 779 4760 sentem
801 4691 899 4746 statuo
922 4693 1020 4746 moires
1042 4688 1182 4760 coelesth,
1212 4694 1245 4746 ιιι
1265 4691 1448 4764 sapientiam
1470 4689 1641 4746 mretricem

298 4774 362 4816 uon
381 4777 542 4836 ιιιιιιιαιι
565 4777 686 4832 tentum
708 4771 818 4832 mundi
840 4773 967 4852 laticem,
991 4772 1043 4834 sed
1065 4775 1154 4836 fontis
1178 4775 1270 4852 ipsius
1290 4775 1480 4838 architectum
1503 4790 1639 4850 ιςιιοιιο,
