3564 5540
254 415 313 480 158
598 455 603 472 .
785 417 827 474 Dc
844 413 1071 489 Propertiouihus

251 613 321 674 orgo
344 592 901 681 ⁶1,autqtabrnturprossxtuet
924 599 1009 658 tertia
1029 597 1128 670 moili3
1160 574 1202 678 ⁸s,
1226 613 1295 657 vero
1328 579 1358 656 et
1381 592 1420 679 *Α
1449 611 1502 675 pro
1527 603 1610 656 sexta

250 691 280 744 et
302 687 389 745 tertia
410 681 486 746 dura
508 687 572 746 sive
596 701 717 763 aspera3
741 691 771 744 et
793 687 836 744 sio
859 686 945 745 ctiam
970 684 1164 765 appellantur.

742 805 842 866 Mollis
1015 807 1095 870 Dura
1171 813 1192 856 ·'

658 919 922 1056 Q}
937 949 1182 1056 „seg-J.

956 1042 1190 1092 ‘'m—'‘3'‘

339 1123 474 1199 Denique
498 1125 567 1200 quia
590 1125 787 1200 proportionis
812 1122 918 1198 duplae
942 1123 1142 1198 intervalium,
1168 1129 1311 1200 utsupra
1335 1122 1462 1198 dietum,
1487 1141 1523 1181 ex
1545 1139 1612 1181 ses-

253 1213 396 1288 quialtero
420 1220 449 1270 ct
471 1227 507 1270 ex
529 1212 716 1288 sesquitertio
740 1219 869 1283 constat,
893 1227 1017 1287 quorum
1039 1210 1112 1292 iilud
1136 1214 1237 1287 quinta
1261 1211 1382 1284 dicitur,
1405 1211 1461 1270 boc
1485 1219 1611 1286 quarta;

252 1315 330 1374 quae
355 1305 458 1374 tamen,
474 1299 546 1357 bina
567 1301 598 1356 iu
621 1301 666 1357 sui
689 1297 785 1356 medio
808 1297 919 1357 habent
942 1317 1031 1357 unum
1055 1315 1239 1359 communem
1262 1301 1424 1372 terminum,
1449 1299 1499 1374 qui
1523 1300 1612 1356 nnius

251 1384 356 1445 ultima
378 1394 435 1460 est,
461 1385 581 1445 ulterius
604 1388 714 1462 prima,
739 1402 840 1444 versus
864 1386 982 1462 plagam
1006 1387 1128 1446 eandem
1150 1389 1179 1443 in
1202 1385 1280 1446 hunc
1303 1385 1438 1445 modum:

295 1472 403 1534 Prima.
447 1472 591 1533 Secunda.
637 1471 746 1535 Tertia.
791 1470 915 1548 Quarta.
953 1472 1072 1548 Quinta.
1158 1475 1186 1532 6.
1335 1475 1363 1531 i.
1496 1473 1558 1530 8st

951 1561 1058 1620 Prima.
1104 1559 1249 1621 Secunda.
1296 1559 1405 1620 Tertia.
1451 1557 1578 1635 Quinta:

253 1650 385 1723 sequitur
407 1647 508 1727 igitur,
530 1656 563 1706 ut
587 1646 689 1706 ultima
713 1647 880 1726 posterioris
903 1649 931 1706 in
956 1650 1156 1708 numeratione
1187 1649 1225 1707 sit
1247 1665 1367 1706 numero
1391 1653 1506 1708 octava.
1555 1647 1613 1704 At-

253 1751 310 1811 quc
337 1733 405 1794 inde
435 1735 492 1794 hoc
514 1733 702 1793 intervalium
734 1744 894 1795 octavae
923 1753 1028 1796 nomeu
1058 1737 1194 1797 obtinuit.
1247 1733 1353 1794 Graeci
1385 1734 1423 1794 ad
1453 1733 1613 1793 identicam

253 1825 474 1882 consonantiam
495 1824 687 1899 respicientes
710 1821 859 1901 appellant
882 1829 929 1884 δια
952 1843 1065 1897 sucos,
1096 1833 1129 1882 ut
1158 1831 1187 1883 et
1216 1821 1315 1882 latinis
1346 1824 1436 1882 literis
1467 1817 1638 1898 diapason

253 1910 398 1981 scribitur,
422 1913 506 1986 quasi
529 1913 690 1970 consumtis
714 1911 848 1970 omnibus
872 1910 1020 1972 diversum
1043 1912 1233 1984 sonantibus,
1268 1928 1326 1970 vox
1350 1911 1481 1970 canentia
1504 1920 1611 1970 octavo

253 2014 326 2057 souo
357 2000 386 2056 in
415 2015 447 2056 se
476 2001 572 2075 ipsam
601 1997 702 2058 redeat
731 1997 860 2076 indeque*
888 2007 1000 2059 novum
1021 1999 1153 2074 initium,
1182 2014 1262 2058 nova
1284 2001 1374 2059 series
1403 1999 1612 2058 concinnerunt

257 2086 386 2161 oriatur,
408 2086 498 2162 priori
519 2101 573 2162 per
594 2087 692 2144 omnia
715 2084 835 2164 similis3
860 2087 927 2147 vide
950 2104 1032 2166 prop.
1058 2089 1086 2146 1.
1137 2089 1139 2094 '
1191 2145 1193 2148 .

473 2207 629 2284 Diaponte.
752 2209 954 2270 Dialessarou.
1065 2208 1201 2288 Systema
1225 2208 1378 2287 diapason.

342 2523 464 2586 Frustra
485 2525 534 2585 hio
555 2525 800 2604 philosophantur
823 2521 858 2585 de
882 2541 1012 2598 numero,
1036 2543 1086 2584 eur
1109 2543 1148 2586 so.
1169 2535 1275 2586 octava
1290 2543 1350 2585 vox
1372 2531 1527 2585 consumat
1550 2540 1615 2581 orn-

256 2627 308 2671 nes
331 2612 420 2689 inque
442 2611 519 2672 idem
542 2611 666 2672 redeat?
690 2628 758 2672 vere
782 2614 859 2672 enim
882 2611 1118 2688 respondendum
1141 2623 1258 2690 est-per
1279 2615 1450 2689 petitionem
1468 2613 1616 2690 principii,

256 2701 327 2774 quia
350 2715 392 2760 sc.
415 2708 520 2760 natura
540 2699 601 2774 ilat,
625 2710 658 2760 ut
680 2698 867 2760 intervallum
890 2701 1087 2775 proportionis
1111 2699 1227 2778 duplae,
1252 2699 1331 2776 quod
1353 2717 1406 2778 por
1428 2717 1492 2776 cap.
1519 2703 1547 2759 1.
1570 2706 1616 2758 est

257 2783 464 2860 identisonurn,
488 2787 638 2849 dividatur
659 2790 688 2846 iu
713 2786 869 2846 interualla
891 2789 1033 2846 concinna
1055 2795 1175 2866 septem,
1199 2806 1275 2866 quae
1292 2787 1519 2850 determinantur
1534 2787 1615 2844 sonis

257 2882 341 2949 octo,
365 2883 398 2933 ut
420 2873 477 2934 hoc
500 2875 595 2954 capite
617 2876 771 2952 probatum
795 2882 848 2934 est.
894 2873 955 2950 Ipsi
978 2884 1083 2954 putant
1104 2875 1165 2934 lieri
1181 2876 1249 2954 hoc,
1272 2875 1351 2951 quod
1373 2892 1510 2934 numerus
1535 2873 1554 2932 8
1576 2875 1616 2931 eit

256 2963 370 3040 primus
393 2962 486 3022 cubus
509 2970 539 3022 ct
560 2966 655 3040 prima
676 2971 796 3022 tessera.
843 2962 883 3020 At
905 2961 977 3038 quid
1008 2966 1132 3022 sectioni
1155 2963 1281 3023 chordae
1314 2981 1379 3022 eum
1407 2961 1532 3024 solidis?
1577 2960 1616 3019 Et

257 3065 308 3108 cur
330 3065 390 3108 nou
414 3051 503 3109 etiam
527 3068 585 3110 vox
609 3051 747 3111 vicesima
769 3053 895 3126 septima
918 3045 1080 3130 (secundus
1104 3053 1129 3110 is
1152 3053 1244 3110 cubus
1267 3045 1327 3131 est)
1351 3049 1425 3110 redit
1448 3048 1574 3110 eodem?

345 3131 423 3196 Hinc
453 3136 528 3198 adeo
551 3140 639 3198 etiam
662 3141 829 3216 systematis
851 3153 957 3198 nomeu
985 3141 1101 3215 propria
1124 3147 1154 3198 et
1175 3141 1268 3216 primo
1292 3140 1430 3198 eorrueuit
1457 3134 1615 3196 intervallo

257 3226 454 3300 proportionis
478 3223 595 3301 duplae,
619 3225 714 3285 diviso
737 3243 790 3302 per
812 3243 867 3284 sua
889 3233 1001 3302 septem
1025 3227 1167 3286 concinna
1190 3235 1219 3286 et
1241 3227 1302 3284 suis
1326 3233 1391 3284 octo
1416 3225 1539 3284 vocibus
1563 3239 1616 3282 seu

259 3309 376 3370 chordis
400 3311 545 3390 descripto
568 3313 656 3390 inque
679 3315 879 3374 instrumentis
902 3329 1058 3388 expresso,
1082 3313 1118 3373 de
1134 3330 1201 3390 ¹quo
1224 3314 1297 3372 inira
1321 3331 1385 3390 cap.
1410 3315 1438 3372 9.

344 3397 378 3457 In
401 3399 439 3459 iis
462 3399 640 3477 intervallis,
672 3418 749 3476 quae
772 3409 908 3460 octavam
932 3419 984 3460 seu
1007 3399 1149 3478 diapason
1172 3408 1328 3478 superant,
1352 3405 1381 3458 in
1403 3397 1616 3475 multiplicibus

257 3484 376 3563 quidem
399 3493 537 3561 octavae,
563 3488 671 3565 duplex
694 3497 815 3563 octava,
839 3505 943 3562 graece
967 3493 1008 3557 δις
1031 3494 1079 3550 δια
1102 3509 1210 3562 numae,
1235 3487 1291 3548 dici
1309 3487 1393 3562 solet,
1417 3487 1523 3564 triplex
1545 3487 1617 3546 tris·

260 3573 418 3651 diapason,
450 3582 480 3637 et
510 3578 553 3635 sic
580 3586 801 3654 consequenter.
845 3575 880 3633 In
912 3578 1015 3636 ceteris
1048 3593 1117 3636 vero
1141 3578 1310 3653 exprimitur
1341 3575 1484 3652 diapason
1513 3572 1617 3649 ejusve

259 3660 413 3740 multiplex
436 3670 466 3722 et
488 3663 605 3723 additur
635 3680 773 3725 excessus
795 3661 852 3722 boe
873 3671 977 3740 pacto:
1005 3666 1108 3739 quinta
1137 3681 1227 3740 supra
1252 3671 1403 3736 octavam,
1434 3670 1486 3722 aut
1509 3669 1617 3720 octava

256 3766 347 3828 supra
370 3752 512 3826 quintam,
535 3750 679 3830 diapason
703 3749 889 3826 epidiapente
917 3749 964 3810 vei
994 3757 1043 3812 dra
1066 3773 1150 3811 nesse
1173 3749 1219 3812 ἐπι
1242 3758 1289 3812 δια
1312 3773 1421 3810 uereor.
1466 3747 1616 3808 Interdum

260 3845 290 3897 et
313 3853 434 3898 numero
456 3839 621 3915 pergimus,
645 3838 828 3915 appellantes
851 3854 976 3911 nonam,
1001 3836 1158 3908 decimam,
1183 3838 1385 3898 duodecimam
1409 3845 1464 3895 etc.

345 3923 429 3985 Haec
459 3927 549 4002 igitur
576 3927 668 3986 sectio
695 3923 915 3985 intervallorum
943 3941 1136 3984 consonorum
1167 3928 1196 3982 in
1230 3927 1371 3986 concinna
1401 3923 1543 3984 naturalis
1573 3929 1617 3981 est

259 4015 467 4090 quantitasque
489 4012 565 4073 haec
587 4021 617 4073 et
639 4029 776 4084 numerus
800 4012 1009 4072 elementorum
1032 4015 1254 4087 cancianorum,
1283 4007 1409 4072 ternario
1430 4029 1489 4070 uon
1513 4011 1615 4086 major,

259 4117 318 4160 non
342 4099 407 4160 sola
428 4103 543 4161 aurium
567 4101 782 4160 associastione
805 4103 914 4173 nititur,
938 4100 990 4158 sed
1014 4100 1132 4160 auditus
1155 4101 1212 4160 hoo
1227 4101 1317 4160 babet
1340 4119 1376 4160 ex
1399 4101 1538 4158 instinctu
1561 4115 1616 4158 na·

258 4187 364 4265 turaii3
392 4205 448 4248 neo
471 4197 597 4266 possunt
618 4195 734 4266 praeter
756 4189 814 4247 ista
835 4187 883 4248 vei
908 4186 968 4246 aiia
989 4175 1144 4247 intervalla
1171 4188 1218 4247 vel
1241 4188 1300 4247 ulio
1322 4205 1443 4247 numero
1465 4203 1521 4265 pro
1544 4203 1616 4245 eon-

259 4275 351 4334 einnis
372 4278 459 4351 sumi,
482 4277 511 4335 in
536 4292 613 4354 quae
636 4274 784 4335 dividatur
807 4274 960 4352 quodlibet
983 4291 1019 4334 ex
1041 4279 1187 4335 consonis.
1232 4275 1308 4335 Nam
1332 4279 1356 4334 si
1381 4274 1473 4336 velles
1489 4272 1615 4349 exempti

260 4363 355 4436 gratia
378 4361 471 4424 diesin
494 4364 663 4442 adjungere,
688 4366 812 4439 primum
835 4361 887 4422 iila
909 4364 1063 4422 autetiam
1089 4363 1273 4423 dissonorum
1296 4365 1501 4422 continuorum
1525 4361 1615 4420 sobo·

259 4447 321 4522 lss;
344 4446 448 4511 deinde
471 4454 496 4511 si
518 4455 644 4512 maxime
667 4451 749 4532 iliam
770 4457 883 4510 tantum
907 4449 974 4509 ideo
998 4451 1089 4510 veiies
1112 4451 1280 4528 adjungere,
1308 4453 1379 4526 quia
1402 4460 1446 4510 est
1469 4465 1616 4509 consono·

260 4549 325 4593 rom
346 4535 479 4610 soboles,
502 4547 534 4598 at
556 4541 650 4600 solam
672 4555 732 4597 nou
754 4555 875 4616 posses3
908 4538 1034 4598 traheret
1057 4557 1085 4596 n.
1110 4555 1207 4598 seeum
1223 4538 1331 4599 lemma
1352 4555 1405 4598 seu
1428 4539 1616 4597 semitonium

228 4621 233 4636 '
260 4623 372 4693 minua,
403 4624 481 4697 quod
505 4628 617 4686 tanturn
640 4645 659 4688 a
682 4626 807 4685 dissonis
831 4627 930 4686 oritur.
977 4628 1017 4685 At
1045 4635 1271 4687 consentaneum
1298 4633 1358 4698 est,
1388 4625 1521 4685 auditum
1544 4622 1616 4682 iliud

261 4705 406 4769 asobole
429 4726 622 4774 consonorum
647 4715 825 4791 distinguere
848 4716 942 4790 iisque
966 4715 1102 4774 admissis
1130 4717 1205 4774 inter
1227 4713 1389 4774 canendum
1413 4716 1546 4790 interque
1568 4729 1617 4771 se-

262 4794 358 4860 cunda
379 4797 544 4872 intervalla,
567 4801 624 4862 hoo
647 4819 700 4862 eeu
723 4804 854 4879 spurium
877 4802 1039 4880 repudiare.
1086 4802 1190 4879 Quare.
1205 4803 1293 4862 etiarn
1325 4801 1413 4862 diesis
1436 4803 1511 4861 inter
1534 4803 1617 4878 priu-

262 4881 371 4963 cipalia
393 4888 517 4943 octavae
540 4887 695 4948 intervalla
716 4906 774 4949 non
799 4893 862 4949 erit.
903 4953 917 4968 ,
