3570 5536
224 385 228 392 ·
297 359 358 422 618
461 374 464 385 ¹
671 357 703 413 In
721 355 940 414 stereometriam
950 353 1090 412 Delictum
1107 351 1259 427 appendia

292 529 367 586 nuda
384 529 438 586 alia
455 530 587 599 aequitum
615 536 663 586 aut
679 545 735 586 non
753 531 826 586 ultra
843 531 875 600 V,
895 529 958 600 quia
976 538 1039 601 post
1055 529 1126 586 banc
1143 529 1242 584 iterum
1258 529 1390 600 incipiunt
1414 528 1450 583 ab
1468 529 1501 596 1,
1526 525 1646 594 deniqne

292 627 324 666 ac
342 611 365 667 si
383 612 444 681 quis
463 611 571 676 diceret,
591 611 727 666 Teutonas
746 611 781 666 ad
793 609 933 666 duodecim
946 625 1031 677 osque
1044 608 1177 680 progredi,
1199 609 1329 678 deceptus
1341 609 1445 664 voculis
1458 605 1526 669 ailff,
1540 601 1641 660 aeota.

379 690 483 760 Quodsi
501 689 556 744 ulla
580 690 650 744 vitae
678 689 862 745 studiorumve
889 675 1037 744 1111111111
1061 689 1150 765 potuit
1168 689 1249 745 aliam
1275 689 1413 759 imponere
1440 682 1644 758 progressionis

293 766 406 824 formam
423 769 541 824 humano
559 770 659 839 captui,
679 770 768 840 potnit
786 768 813 822 id
831 769 1003 837 astronomis,
1022 769 1056 824 ob
1069 777 1189 824 motuum
1202 768 1409 840 perpetuitatem
1422 773 1451 820 et
1462 763 1639 842 manifestum

293 853 408 903 naturae
425 846 535 902 ductum
553 846 589 903 ad
608 847 825 918 progressionem
843 847 1043 918 duodenariam,
1061 847 1246 916 tricenariam,
1271 854 1319 902 ant
1340 847 1421 902 etiam
1438 842 1642 900 commoditatis

294 940 376 980 causa
394 927 421 980 in
439 927 622 994 sexagenaria.
642 927 724 995 Atqui
744 926 873 996 videmus,
891 926 944 983 etsi
961 928 1164 994 sexagenariam
1182 926 1335 982 necessario
1353 924 1473 995 amplexi
1483 923 1541 980 sint
1554 927 1643 976 astro-

292 1004 373 1072 nomi,
392 1005 467 1082 bano³
479 1013 570 1060 tamen
589 1005 719 1076 explicari
737 1007 857 1078 illisper
875 1006 1002 1062 usitatam
1025 1007 1178 1075 denariam,
1206 1006 1329 1061 Arabicis
1354 1001 1559 1059 characteribus
1582 1000 1642 1067 jam

290 1082 387 1137 eximis
412 1083 566 1140 stabilitam.
589 1084 679 1140 ·Idem
704 1085 785 1153 igitur
802 1085 958 1140 faciundum
973 1087 1003 1142 in
1022 1087 1174 1154 octonaria,
1199 1087 1222 1139 si
1239 1085 1356 1140 maxime
1373 1082 1524 1138 necessitas
1542 1078 1642 1148 aliquit

290 1161 416 1218 euaderet
433 1161 504 1218 hanc
521 1162 701 1226 introducere.
736 1163 821 1220 Plane
838 1163 927 1220 aliena
950 1171 992 1221 est
1019 1172 1151 1235 perpetua
1174 1165 1288 1220 bieectio
1312 1161 1457 1229 11111111,
1475 1173 1559 1230 qnam
1579 1157 1639 1212 Ste-

289 1242 366 1296 vinus
384 1241 442 1296 vult
460 1243 495 1306 1111
514 1241 585 1310 112),
621 1242 755 1298 Denariae
773 1244 969 1314 progressionis
986 1245 1115 1300 nobilitas
1133 1247 1161 1300 111
1180 1245 1233 1300 boc
1251 1243 1387 1309 consistit,
1412 1238 1486 1309 qnod
1503 1234 1641 1292 mirabilis

288 1321 336 1376 illa
353 1322 577 1391 geometricorum
601 1323 786 1378 1111111011
812 1331 1019 1380 coaeternorum
1044 1325 1140 1396 politia
1165 1324 1310 1381 methodos
1336 1325 1474 1392 separatae
1500 1314 1641 1372 dividendi

290 1400 384 1458 circuli
402 1401 430 1454 in
450 1401 579 1456 divisione
598 1401 709 1458 denaria
726 1402 859 1457 terminat.
895 1404 985 1458 Prima
1007 1405 1077 1458 enirn
1101 1409 1144 1459 est
1169 1401 1341 1466 bisectionis,
1369 1416 1439 1469 quae
1461 1413 1511 1469 per
1530 1392 1641 1464 quadri-

288 1482 436 1536 eecticnem
455 1488 483 1535 et
501 1480 711 1536 oetnsectionsm
728 1481 757 1536 in
775 1480 907 1537 inlinitum
927 1483 1064 1554 pervadit,
1091 1483 1178 1538 altera
1195 1482 1318 1538 senariae
1335 1488 1363 1534 et
1381 1495 1415 1534 er
1431 1479 1484 1533 hac
1501 1472 1640 1560 1111111111

289 1561 425 1623 sectionis,
443 1559 525 1615 tertia
543 1558 677 1626 denariae,
697 1576 767 1629 qnae
785 1577 834 1631 per
856 1563 1077 1632 compositionem
1103 1571 1130 1618 et
1155 1562 1305 1634 quinariam
1337 1557 1486 1630 progignitt
1512 1567 1545 1608 ὅθ
1571 1552 1640 1621 illm

288 1639 411 1708 singulae
429 1639 568 1704 subnixae,
589 1639 711 1707 singulae
729 1655 827 1693 norum
846 1651 1015 1697 assumentes
1034 1642 1209 1713 principiumc
1232 1642 1318 1712 prima
1336 1639 1421 1694 untur
1438 1647 1640 1690 commensura·

288 1721 362 1775 tione
380 1719 517 1790 potentiae
540 1717 656 1772 laterum
682 1718 710 1772 in
736 1718 911 1786 rectangulo,
938 1721 1059 1777 secunda
1085 1721 1347 1776 commensuratione
1374 1718 1495 1788 ipsorum
1520 1711 1641 1764 laterum

286 1799 315 1854 ln
327 1799 433 1868 trigeno
452 1797 628 1866 aequilatero,
647 1797 1007 1854 tertia-commensuratione
1025 1801 1180 1871 potentialis
1194 1797 1377 1854 diminutionis
1396 1801 1424 1851 et
1440 1789 1560 1878 mirabili
1577 1803 1641 1859 pro

228 1887 231 1894 ·
287 1877 420 1947 portione,
439 1877 528 1930 divina
546 1873 688 1945 appellata
725 1876 803 1945 (Nam
822 1877 949 1946 trianguli
968 1877 1188 1949 perpendiculum
1212 1883 1254 1934 est
1277 1873 1397 1942 effabile,
1417 1873 1556 1938 hexagona
1574 1881 1641 1920 roro

287 1955 359 2010 latus
379 1963 406 2010 et
425 1954 592 2022 dodecsgoni
611 1957 693 2022 area.)
1633 2024 1640 2034 Ι

375 2035 511 2104 Equidem
529 2041 556 2089 et
573 2033 640 2090 alias
658 2049 756 2102 magna
773 2049 833 2089 oum
847 2028 1019 2104 jucunditate
1037 2051 1130 2091 versor
1152 2037 1180 2092 in
1203 2035 1255 2090 bac
1272 2032 1365 2089 eabsla
1384 2028 1563 2100 geometrica,
1592 2025 1642 2079 ubi

287 2127 332 2169 rae
351 2113 529 2184 geometricae
548 2119 676 2168 aeternae
694 2120 846 2168 creatorum
864 2119 892 2168 st
910 2114 1071 2170 caducorum
1089 2114 1159 2176 linat
1177 2114 1328 2184 archetypi3
1348 2119 1375 2168 et
1389 2112 1417 2166 in
1428 2111 1482 2166 boc
1499 2107 1642 2178 praesenti

286 2191 923 2263 11111111111111181111111111111111111
946 2195 999 2249 hac
1022 2196 1181 2263 quaestione
1204 2192 1390 2266 philosophari
1412 2187 1516 2260 patiar)
1544 2183 1643 2239 videor

289 2287 324 2326 ex
342 2274 394 2328 bac
412 2273 472 2342 ipsa
490 2273 638 2340 geometria
655 2272 720 2340 quid
738 2273 797 2326 fieri
816 2271 914 2328 debeat
932 2273 1117 2330 demonstrare
1135 2289 1224 2347 posse.

372 2353 399 2422 i)
418 2350 565 2420 sexanguli
583 2351 722 2420 inscriptio
740 2351 768 2405 in
787 2350 916 2405 circulum
935 2360 1123 2423 repraesentat
1139 2354 1217 2410 uobis
1230 2351 1431 2423 proportionem
1450 2342 1641 2416 aequalittflsst

286 2431 351 2504 qnia
368 2433 440 2488 latus
459 2431 601 2500 sexanguli
620 2431 739 2499 aequalis
759 2437 801 2486 est
817 2431 911 2500 radic,
939 2437 967 2485 et
984 2434 1064 2500 qnia,
1083 2441 1114 2487 ut
1136 2432 1309 2502 aequalitatis
1327 2429 1466 2500 proportio
1484 2427 1560 2480 intra
1577 2434 1642 2475 sese

285 2513 425 2580 subsistit,
451 2527 501 2566 nec
524 2512 594 2564 enim
612 2518 716 2565 sextam
736 2509 830 2565 circuli
848 2528 954 2568 rursum
972 2513 1033 2568 110
1053 2514 1215 2583 geometrice
1234 2511 1370 2578 diviseris,
1388 2521 1477 2577 neque
1496 2511 1562 2575 post
1579 2517 1640 2556 rom

284 2592 400 2660 iactam,
419 2591 589 2648 1111130111
611 2590 695 2659 partis
720 2589 812 2645 circuli
836 2593 1077 2648 commensurabile
1095 2600 1137 2647 est
1156 2592 1190 2648 ad
1208 2593 1282 2646 latus
1300 2595 1394 2644 sextae
1412 2586 1468 2642 ullo
1487 2589 1580 2653 pacto.
1606 2580 1639 2643 2)

285 2671 420 2740 Bisectio,
449 2669 647 2738 quadrieectic,
667 2668 840 2724 octarisectic
864 2669 957 2724 1111111
975 2672 1062 2742 gignit
1080 2672 1280 2742 proportionem
1298 2667 1458 2724 rationalem
1475 2662 1639 2718 1111111111

285 2748 396 2819 duplam
421 2764 451 2802 re
468 2749 528 2818 ipsa
545 2757 574 2804 et
591 2749 619 2802 in
637 2749 769 2817 imagine,
796 2765 859 2803 nam
886 2765 956 2817 quae
982 2760 1058 2807 recte
1084 2751 1214 2806 circulum
1241 2750 1326 2821 primo
1343 2747 1462 2808 biseeat,
1489 2740 1576 2810 dupla
1593 2745 1641 2792 est

287 2828 365 2895 radii,
385 2835 412 2882 et
430 2844 499 2897 quae
519 2827 697 2896 quadrieecat
716 2828 776 2896 ejus
795 2829 915 2899 potentia
933 2828 1068 2900 subdupla
1094 2839 1136 2885 est
1162 2828 1300 2899 potentiae
1322 2824 1476 2880 bieecantie.
1512 2819 1640 2886 Cumque

219 2944 228 2954 -
285 2906 420 2962 dividatur
437 2907 553 2961 circulus
580 2922 629 2977 per
655 2907 726 2961 banc
751 2907 778 2961 in
803 2907 937 2962 infinitum
966 2909 1060 2964 eadem
1079 2909 1242 2976 geometrica
1260 2904 1505 2966 demonstratione,
1531 2899 1588 2954 bac
1605 2912 1638 2950 re

284 3001 335 3041 nos
353 2986 454 3040 moneri
474 2992 548 3057 puto,
574 2993 606 3041 ut
622 2985 748 3053 vulgares
766 2993 873 3042 nostrae
892 2989 1010 3042 unitates
1028 2988 1166 3054 (circulum
1185 2987 1255 3042 enim
1273 2986 1308 3041 ob
1326 2984 1504 3040 abssconsas
1516 2977 1637 3047 excipio)

285 3065 413 3120 1111111111
430 3066 580 3121 bisectione
598 3064 746 3120 dividamus
766 3066 870 3136 stipsi,
890 3083 945 3135 qna
962 3067 990 3121 in
1008 3083 1038 3122 re
1056 3065 1195 3122 consentio
1209 3067 1328 3122 01111111.
1364 3065 1390 3130 3)
1408 3061 1527 3118 Denaris
1544 3059 1637 3113 sectio

283 3145 394 3200 inebcst
409 3145 517 3215 quidem
535 3145 737 3216 proportionem
756 3145 892 3201 denariam
917 3154 944 3202 et
967 3147 1135 3215 quinariam,
1162 3147 1319 3200 constitutis
1343 3143 1437 3199 circuli
1455 3139 1581 3210 pertibus
1603 3141 1637 3193 10

285 3232 313 3278 et
330 3227 356 3289 5,
375 3224 510 3294 etiamque
528 3225 555 3279 in
573 3224 697 3292 imagine,
718 3223 826 3291 quando
844 3227 982 3293 potentias
998 3226 1114 3281 laterum
1132 3225 1230 3279 horum
1244 3225 1356 3293 junctae
1375 3222 1448 3278 varie
1467 3235 1518 3290 per
1536 3218 1635 3286 quina-

285 3302 353 3361 rium
372 3318 513 3357 nnmerum
533 3301 710 3372 explicantur.
748 3304 784 3355 At
803 3318 856 3357 non
876 3304 964 3372 pergit
982 3305 1100 3360 dividere
1118 3292 1247 3360 e'irenlum
1266 3303 1360 3358 eadem
1377 3298 1563 3372 proportione,
1583 3310 1636 3349 nec

283 3383 353 3440 enim
382 3381 543 3450 geometrice
561 3380 684 3436 diomede
702 3379 832 3435 decimam
850 3383 878 3437 in
896 3383 964 3439 alias
984 3387 1017 3441 10
1035 3392 1133 3455 partes.
1171 3384 1266 3452 ltaque
1290 3383 1319 3437 in
1344 3374 1564 3436 divisionensis
1584 3387 1633 3428 sen

282 3461 394 3516 unitatis
412 3459 607 3530 repudiandam
625 3458 734 3516 Stevino
752 3461 871 3517 concedo
891 3464 1091 3532 proportionem
1110 3463 1255 3518 denariam.

370 3541 481 3594 Interim
499 3541 579 3594 aliam
597 3539 691 3596 miram
710 3539 831 3609 possidet
849 3542 1043 3611 proprietatem
1068 3543 1095 3596 in
1121 3543 1200 3596 lineis
1226 3543 1294 3597 haec
1319 3539 1409 3594 divina
1431 3536 1525 3592 sectio.
1561 3534 1634 3589 liam

284 3620 452 3675 sicontinne
471 3618 555 3673 addas
574 3625 679 3687 partem
705 3620 835 3687 maiorem
862 3621 928 3688 toti,
956 3628 986 3675 ut
1010 3622 1081 3676 latus
1109 3621 1240 3691 decagoni
1265 3619 1341 3676 radic
1368 3617 1470 3688 circuli,
1494 3623 1523 3670 et
1549 3614 1634 3670 aliam

280 3702 388 3758 radium
407 3699 572 3768 compositae
590 3713 624 3752 ex
643 3705 762 3765 utroque
778 3707 805 3754 et
824 3700 862 3755 si'c
881 3707 1025 3771 perpetuo,
1053 3717 1159 3771 semper
1176 3705 1267 3756 manet
1284 3697 1378 3753 eadem
1397 3695 1545 3767 proportio.
1583 3695 1634 3748 ilic

283 3781 375 3849 itaque
406 3777 493 3832 oritur
519 3775 597 3830 nobis
624 3791 731 3830 rursum
760 3780 888 3834 continua
913 3781 1051 3850 proportio
1070 3789 1098 3836 et
1115 3779 1277 3836 sadanma
1295 3778 1411 3846 ideoque
1429 3775 1552 3843 infinita,
1579 3791 1634 3830 non

284 3856 432 3924 divisionis,
450 3855 500 3910 sed
519 3854 701 3923 collectionis;
728 3873 797 3912 nam.
812 3857 908 3913 circuli
935 3867 1027 3928 partes
1045 3859 1178 3914 notabant
1194 3868 1222 3912 et
1240 3859 1316 3930 prius
1344 3859 1497 3928 fragmenta
1523 3857 1633 3913 divisio

202 3952 208 3964 ¹
284 3953 357 4006 num,
375 3935 448 3990 lines
465 3950 529 3988 vero
548 3939 607 3988 tcta
624 3933 716 4000 aliqua
734 3935 790 3999 sive
809 3953 895 3992 asses.
930 3938 1062 3994 iubemur
1080 3938 1162 4006 igitur
1185 3939 1212 3992 in
1232 3938 1343 3993 (11111111
1362 3938 1539 4008 proportione
1557 3937 1633 3992 colli·

284 4031 347 4086 gere
366 4029 441 4069 asses
461 4029 510 4068 seu
528 4021 586 4067 tota
604 4021 632 4068 et
650 4016 764 4082 pastio
782 4015 884 4070 assium
910 4016 1046 4072 cumulum
1074 4019 1108 4073 sd
1135 4017 1266 4073 unitatem
1291 4015 1396 4079 redire,
1423 4015 1447 4069 ei
1467 4031 1504 4070 11
1516 4015 1633 4084 1111111

281 4096 350 4151 assis
369 4108 468 4150 nomen
484 4093 561 4162 dare;
582 4099 613 4146 ut
631 4101 724 4148 nostra
742 4095 769 4148 in
786 4093 911 4162 imagine,
930 4111 1001 4164 quae
1013 4103 1073 4150 tota
1085 4104 1150 4160 erat,
1169 4103 1300 4167 perpetuo
1314 4094 1398 4165 partis
1411 4093 1522 4163 majoris
1534 4110 1633 4150 nomen

280 4177 309 4232 in
327 4164 463 4231 subeunte
481 4172 685 4243 propagationis
702 4179 764 4226 aeta
782 4174 952 4230 nanciscitur.

366 4253 492 4308 Etiamne
505 4251 595 4306 dicere
608 4249 776 4321 audebimus,
795 4253 881 4322 ipsam
895 4253 1007 4308 humani
1025 4254 1147 4324 corporis
1166 4255 1409 4311 conformationem
1427 4252 1461 4308 sd
1476 4253 1633 4324 exemplum

280 4334 333 4389 hoe
350 4329 551 4402 geometricum,
569 4329 633 4399 quia
651 4329 868 4400 immateriatum,
887 4332 1068 4388 toleratione
1086 4333 1230 4388 subnixum
1248 4335 1372 4402 adeoque
1389 4341 1546 4398 aeternnm,
1573 4347 1635 4386 cese

280 4409 453 4468 institutam?
476 4407 582 4476 Digitcs
600 4425 628 4462 n.
642 4409 676 4464 10
687 4407 766 4463 datos
780 4409 814 4464 ad
833 4409 1026 4464 numerandum
1045 4418 1073 4466 et
1091 4411 1269 4480 colligendum
1289 4427 1337 4480 per
1357 4411 1397 4478 10,
1416 4417 1512 4480 utpote
1530 4409 1635 4464 homini

283 4487 447 4558 geometriae
467 4502 593 4558 capacem
610 4485 717 4554 iutu103
737 4503 832 4542 manus
851 4503 914 4542 vern
933 4487 1018 4556 binas,
1046 4497 1074 4542 et
1091 4490 1120 4544 111
1137 4490 1188 4545 has
1207 4490 1378 4560 dispertitum
1397 4489 1551 4558 acqualiter
1569 4489 1634 4560 digr'·

280 4573 369 4620 torum
387 4582 527 4637 numerum
545 4564 580 4618 ad
598 4563 771 4620 dividendum
790 4581 839 4638 per
857 4566 880 4621 2.
916 4567 986 4622 Nam
1005 4576 1035 4622 ut
1058 4569 1086 4625 in
1109 4586 1191 4624 manu
1209 4571 1285 4640 digiti
1304 4577 1369 4624 sunt
1387 4567 1495 4624 collecti
1513 4577 1542 4622 et
1560 4568 1633 4624 colli·

281 4643 345 4711 gati,
364 4643 403 4700 sic
420 4643 448 4700 in
466 4660 580 4715 corpore
598 4658 695 4697 manus
714 4653 778 4699 sunt
797 4646 907 4702 divisae.
944 4648 1073 4704 Mannum
1101 4656 1129 4703 et
1152 4649 1324 4705 brachiorum
1347 4647 1415 4704 rami
1438 4647 1586 4705 discedam
1605 4649 1632 4702 in

283 4724 430 4778 contrariae
449 4724 553 4794 plagae,
572 4723 715 4792 digitorum
734 4724 876 4792 quinorum
894 4733 970 4782 ortus
989 4741 1023 4781 ex
1041 4728 1134 4784 eadem
1153 4737 1195 4786 est
1212 4729 1301 4801 plaga.

370 4809 532 4879 uictumae
544 4825 716 4869 numerorum
729 4815 919 4884 progressione
937 4815 966 4876 in
984 4831 1145 4890 quacunque
1164 4819 1288 4877 materia:
1308 4817 1453 4877 dicendum
1475 4816 1557 4878 etde
1574 4831 1633 4890 pro·
