<?xml version="1.0" encoding="UTF-8"?>
<!DOCTYPE html PUBLIC "-//W3C//DTD XHTML 1.0 Transitional//EN"
    "http://www.w3.org/TR/xhtml1/DTD/xhtml1-transitional.dtd">
<html xmlns="http://www.w3.org/1999/xhtml" xml:lang="en" lang="en">
 <head>
  <title>
</title>
<meta http-equiv="Content-Type" content="text/html;charset=utf-8" />
  <meta name='ocr-system' content='tesseract 3.04.00' />
  <meta name='ocr-capabilities' content='ocr_page ocr_carea ocr_par ocr_line ocrx_word'/>
</head>
<body>
  <div class='ocr_page' id='page_1' title='image "./joanniskepleria26frisgoog_0063.png"; bbox 0 0 3480 5548; ppageno 0'>
   <div class='ocr_carea' id='block_1_1' title="bbox 292 373 1252 469">
    <p class='ocr_par' dir='ltr' id='par_1_1' title="bbox 292 373 1252 469">
     <span class='ocr_line' id='line_1_1' title="bbox 292 373 1252 469; baseline -0.013 -29"><span class='ocrx_word' id='word_1_1' title='bbox 292 379 335 469; x_wconf 60' lang='lat'><strong>4}</strong></span> <span class='ocrx_word' id='word_1_2' title='bbox 378 395 387 414; x_wconf 90' lang='lat'><strong>·</strong></span> <span class='ocrx_word' id='word_1_3' title='bbox 673 373 814 445; x_wconf 81' lang='lat' dir='ltr'><strong>Epistolse</strong></span> <span class='ocrx_word' id='word_1_4' title='bbox 831 373 942 445; x_wconf 82' lang='lat' dir='ltr'><strong>Kepleri</strong></span> <span class='ocrx_word' id='word_1_5' title='bbox 959 373 1128 444; x_wconf 75' lang='lat' dir='ltr'><strong>dronnqm</strong></span> <span class='ocrx_word' id='word_1_6' title='bbox 1143 379 1252 432; x_wconf 88' lang='lat' dir='ltr'><strong>mutuse</strong></span> 
     </span>
    </p>
   </div>
   <div class='ocr_carea' id='block_1_2' title="bbox 243 551 1641 1857">
    <p class='ocr_par' dir='ltr' id='par_1_2' title="bbox 243 551 1639 1680">
     <span class='ocr_line' id='line_1_2' title="bbox 294 551 1634 632; baseline -0.003 -16"><span class='ocrx_word' id='word_1_7' title='bbox 294 559 406 616; x_wconf 83' lang='grc' dir='ltr'><strong>ιιιιιιιιιιι</strong></span> <span class='ocrx_word' id='word_1_8' title='bbox 427 555 562 616; x_wconf 85' lang='lat' dir='ltr'><strong>flectione</strong></span> <span class='ocrx_word' id='word_1_9' title='bbox 583 561 693 629; x_wconf 86' lang='lat' dir='ltr'><strong>mutue,</strong></span> <span class='ocrx_word' id='word_1_10' title='bbox 717 553 769 614; x_wconf 88' lang='lat' dir='ltr'><strong>sed</strong></span> <span class='ocrx_word' id='word_1_11' title='bbox 791 553 863 617; x_wconf 89' lang='lat' dir='ltr'><strong>illud</strong></span> <span class='ocrx_word' id='word_1_12' title='bbox 884 570 938 631; x_wconf 90' lang='lat' dir='ltr'><strong>pro</strong></span> <span class='ocrx_word' id='word_1_13' title='bbox 960 552 1113 627; x_wconf 72' lang='lat' dir='ltr'><strong>creontis,</strong></span> <span class='ocrx_word' id='word_1_14' title='bbox 1130 553 1193 618; x_wconf 56' lang='lat' dir='ltr'><strong>&#39;boc</strong></span> <span class='ocrx_word' id='word_1_15' title='bbox 1214 569 1267 632; x_wconf 93' lang='lat' dir='ltr'><strong>pro</strong></span> <span class='ocrx_word' id='word_1_16' title='bbox 1280 553 1468 618; x_wconf 77' lang='lat' dir='ltr'><strong>inclinetiorre</strong></span> <span class='ocrx_word' id='word_1_17' title='bbox 1482 551 1634 631; x_wconf 79' lang='lat' dir='ltr'><strong>grsduum</strong></span> 
     </span>
     <span class='ocr_line' id='line_1_3' title="bbox 243 639 1636 721; baseline 0 -20"><span class='ocrx_word' id='word_1_18' title='bbox 243 663 250 680; x_wconf 90' lang='lat'><strong>·</strong></span> <span class='ocrx_word' id='word_1_19' title='bbox 294 640 376 702; x_wconf 90' lang='lat' dir='ltr'><strong>Idem</strong></span> <span class='ocrx_word' id='word_1_20' title='bbox 399 643 524 704; x_wconf 77' lang='lat' dir='ltr'><strong>iacerem</strong></span> <span class='ocrx_word' id='word_1_21' title='bbox 546 660 665 704; x_wconf 85' lang='lat' dir='ltr'><strong>exorsus</strong></span> <span class='ocrx_word' id='word_1_22' title='bbox 688 662 707 704; x_wconf 86' lang='grc' dir='ltr'><strong>ι</strong></span> <span class='ocrx_word' id='word_1_23' title='bbox 728 641 957 720; x_wconf 77' lang='lat' dir='ltr'><strong>trenmylvanre</strong></span> <span class='ocrx_word' id='word_1_24' title='bbox 977 658 1028 718; x_wconf 90' lang='lat' dir='ltr'><strong>per</strong></span> <span class='ocrx_word' id='word_1_25' title='bbox 1051 639 1226 719; x_wconf 84' lang='lat' dir='ltr'><strong>Ungsrism,</strong></span> <span class='ocrx_word' id='word_1_26' title='bbox 1256 641 1355 720; x_wconf 81' lang='lat' dir='ltr'><strong>Alpes</strong></span> <span class='ocrx_word' id='word_1_27' title='bbox 1371 642 1498 721; x_wconf 76' lang='lat' dir='ltr'><strong>Styries,</strong></span> <span class='ocrx_word' id='word_1_28' title='bbox 1521 641 1636 702; x_wconf 83' lang='lat' dir='ltr'><strong>Helve-</strong></span> 
     </span>
     <span class='ocr_line' id='line_1_4' title="bbox 297 729 1635 808; baseline 0.001 -19"><span class='ocrx_word' id='word_1_29' title='bbox 297 731 376 804; x_wconf 82' lang='lat' dir='ltr'><strong>tium,</strong></span> <span class='ocrx_word' id='word_1_30' title='bbox 399 729 620 805; x_wconf 85' lang='lat' dir='ltr'><strong>Petemondsm,</strong></span> <span class='ocrx_word' id='word_1_31' title='bbox 644 729 769 804; x_wconf 80' lang='lat' dir='ltr'><strong>Gellius,</strong></span> <span class='ocrx_word' id='word_1_32' title='bbox 790 729 974 807; x_wconf 74' lang='lat' dir='ltr'><strong>Pyrenaeum</strong></span> <span class='ocrx_word' id='word_1_33' title='bbox 996 745 1089 805; x_wconf 85' lang='lat' dir='ltr'><strong>usqne</strong></span> <span class='ocrx_word' id='word_1_34' title='bbox 1104 729 1341 808; x_wconf 84' lang='lat' dir='ltr'><strong>Gompnstellum.</strong></span> <span class='ocrx_word' id='word_1_35' title='bbox 1385 731 1421 788; x_wconf 92' lang='lat' dir='ltr'><strong>ln</strong></span> <span class='ocrx_word' id='word_1_36' title='bbox 1443 737 1525 790; x_wconf 77' lang='lat' dir='ltr'><strong>tento</strong></span> <span class='ocrx_word' id='word_1_37' title='bbox 1547 732 1635 808; x_wconf 89' lang='lat' dir='ltr'><strong>igitur</strong></span> 
     </span>
     <span class='ocr_line' id='line_1_5' title="bbox 296 815 1635 896; baseline -0.001 -18"><span class='ocrx_word' id='word_1_38' title='bbox 296 819 392 895; x_wconf 79' lang='lat' dir='ltr'><strong>spatio</strong></span> <span class='ocrx_word' id='word_1_39' title='bbox 414 817 499 878; x_wconf 84' lang='lat' dir='ltr'><strong>ieeile</strong></span> <span class='ocrx_word' id='word_1_40' title='bbox 520 823 634 896; x_wconf 88' lang='lat' dir='ltr'><strong>peteret</strong></span> <span class='ocrx_word' id='word_1_41' title='bbox 655 819 773 878; x_wconf 81' lang='lat' dir='ltr'><strong>veritus.</strong></span> <span class='ocrx_word' id='word_1_42' title='bbox 818 817 873 877; x_wconf 93' lang='lat' dir='ltr'><strong>Vel</strong></span> <span class='ocrx_word' id='word_1_43' title='bbox 897 817 972 876; x_wconf 89' lang='lat' dir='ltr'><strong>irent</strong></span> <span class='ocrx_word' id='word_1_44' title='bbox 993 815 1051 876; x_wconf 91' lang='lat' dir='ltr'><strong>duo</strong></span> <span class='ocrx_word' id='word_1_45' title='bbox 1073 816 1169 892; x_wconf 88' lang='lat' dir='ltr'><strong>simul,</strong></span> <span class='ocrx_word' id='word_1_46' title='bbox 1191 835 1305 896; x_wconf 92' lang='lat' dir='ltr'><strong>semper</strong></span> <span class='ocrx_word' id='word_1_47' title='bbox 1326 819 1422 896; x_wconf 86' lang='lat' dir='ltr'><strong>spstio</strong></span> <span class='ocrx_word' id='word_1_48' title='bbox 1439 819 1467 890; x_wconf 78' lang='lat'><strong>5,</strong></span> <span class='ocrx_word' id='word_1_49' title='bbox 1492 819 1521 890; x_wconf 82' lang='lat'><strong>6,</strong></span> <span class='ocrx_word' id='word_1_50' title='bbox 1547 821 1564 876; x_wconf 80' lang='lat' dir='ltr'><strong>i</strong></span> <span class='ocrx_word' id='word_1_51' title='bbox 1589 816 1635 878; x_wconf 85' lang='lat' dir='ltr'><strong>rel</strong></span> 
     </span>
     <span class='ocr_line' id='line_1_6' title="bbox 302 903 1638 981; baseline 0 -17"><span class='ocrx_word' id='word_1_52' title='bbox 302 907 340 966; x_wconf 89' lang='lat'><strong>10</strong></span> <span class='ocrx_word' id='word_1_53' title='bbox 364 903 531 966; x_wconf 82' lang='lat' dir='ltr'><strong>milliarium</strong></span> <span class='ocrx_word' id='word_1_54' title='bbox 554 905 711 978; x_wconf 74' lang='lat' dir='ltr'><strong>dbtentes,</strong></span> <span class='ocrx_word' id='word_1_55' title='bbox 734 905 784 981; x_wconf 88' lang='lat' dir='ltr'><strong>qui</strong></span> <span class='ocrx_word' id='word_1_56' title='bbox 807 904 941 964; x_wconf 90' lang='lat' dir='ltr'><strong>noctibus</strong></span> <span class='ocrx_word' id='word_1_57' title='bbox 964 920 1015 980; x_wconf 91' lang='lat' dir='ltr'><strong>per</strong></span> <span class='ocrx_word' id='word_1_58' title='bbox 1038 905 1233 966; x_wconf 70' lang='lat' dir='ltr'><strong>internuncios</strong></span> <span class='ocrx_word' id='word_1_59' title='bbox 1255 909 1439 978; x_wconf 90' lang='lat' dir='ltr'><strong>constitutos,</strong></span> <span class='ocrx_word' id='word_1_60' title='bbox 1462 907 1638 966; x_wconf 87' lang='lat' dir='ltr'><strong>ementium</strong></span> 
     </span>
     <span class='ocr_line' id='line_1_7' title="bbox 294 991 1637 1070; baseline -0.001 -18"><span class='ocrx_word' id='word_1_61' title='bbox 294 992 453 1054; x_wconf 85' lang='lat' dir='ltr'><strong>verticibus</strong></span> <span class='ocrx_word' id='word_1_62' title='bbox 475 992 592 1070; x_wconf 88' lang='lat' dir='ltr'><strong>ignibus</strong></span> <span class='ocrx_word' id='word_1_63' title='bbox 614 993 746 1054; x_wconf 84' lang='lat' dir='ltr'><strong>excitetis</strong></span> <span class='ocrx_word' id='word_1_64' title='bbox 768 994 903 1065; x_wconf 86' lang='lat' dir='ltr'><strong>invicem,</strong></span> <span class='ocrx_word' id='word_1_65' title='bbox 926 993 1011 1066; x_wconf 86' lang='lat' dir='ltr'><strong>signe</strong></span> <span class='ocrx_word' id='word_1_66' title='bbox 1032 991 1143 1052; x_wconf 78' lang='lat' dir='ltr'><strong>dmoni.</strong></span> <span class='ocrx_word' id='word_1_67' title='bbox 1180 991 1246 1054; x_wconf 89' lang='lat' dir='ltr'><strong>Hoc</strong></span> <span class='ocrx_word' id='word_1_68' title='bbox 1264 994 1306 1053; x_wconf 90' lang='lat' dir='ltr'><strong>ibi</strong></span> <span class='ocrx_word' id='word_1_69' title='bbox 1320 995 1455 1068; x_wconf 75' lang='lat' dir='ltr'><strong>maxime,</strong></span> <span class='ocrx_word' id='word_1_70' title='bbox 1478 993 1530 1052; x_wconf 92' lang='lat' dir='ltr'><strong>ubi</strong></span> <span class='ocrx_word' id='word_1_71' title='bbox 1551 1007 1637 1051; x_wconf 93' lang='lat' dir='ltr'><strong>mon·</strong></span> 
     </span>
     <span class='ocr_line' id='line_1_8' title="bbox 296 1074 1637 1157; baseline 0 -19"><span class='ocrx_word' id='word_1_72' title='bbox 296 1088 353 1154; x_wconf 89' lang='lat' dir='ltr'><strong>tes,</strong></span> <span class='ocrx_word' id='word_1_73' title='bbox 383 1081 434 1157; x_wconf 87' lang='lat' dir='ltr'><strong>qni</strong></span> <span class='ocrx_word' id='word_1_74' title='bbox 456 1079 529 1140; x_wconf 82' lang='lat' dir='ltr'><strong>odiri</strong></span> <span class='ocrx_word' id='word_1_75' title='bbox 551 1087 687 1157; x_wconf 76' lang='lat' dir='ltr'><strong>possunt,</strong></span> <span class='ocrx_word' id='word_1_76' title='bbox 713 1079 894 1140; x_wconf 71' lang='lat' dir='ltr'><strong>horizontem</strong></span> <span class='ocrx_word' id='word_1_77' title='bbox 916 1094 974 1138; x_wconf 93' lang='lat' dir='ltr'><strong>non</strong></span> <span class='ocrx_word' id='word_1_78' title='bbox 997 1081 1161 1140; x_wconf 84' lang='lat' dir='ltr'><strong>terminent</strong></span> <span class='ocrx_word' id='word_1_79' title='bbox 1205 1079 1239 1139; x_wconf 94' lang='lat' dir='ltr'><strong>ln</strong></span> <span class='ocrx_word' id='word_1_80' title='bbox 1261 1080 1318 1140; x_wconf 83' lang='lat' dir='ltr'><strong>beo</strong></span> <span class='ocrx_word' id='word_1_81' title='bbox 1338 1082 1480 1142; x_wconf 78' lang='lat' dir='ltr'><strong>societate</strong></span> <span class='ocrx_word' id='word_1_82' title='bbox 1515 1074 1637 1140; x_wconf 78' lang='lat' dir='ltr'><strong>duorum</strong></span> 
     </span>
     <span class='ocr_line' id='line_1_9' title="bbox 297 1165 1639 1246; baseline -0.003 -16"><span class='ocrx_word' id='word_1_83' title='bbox 297 1175 325 1230; x_wconf 88' lang='lat' dir='ltr'><strong>st</strong></span> <span class='ocrx_word' id='word_1_84' title='bbox 348 1167 405 1228; x_wconf 90' lang='lat' dir='ltr'><strong>boc</strong></span> <span class='ocrx_word' id='word_1_85' title='bbox 426 1169 533 1228; x_wconf 89' lang='lat' dir='ltr'><strong>inesset</strong></span> <span class='ocrx_word' id='word_1_86' title='bbox 555 1167 717 1240; x_wconf 89' lang='lat' dir='ltr'><strong>commodi,</strong></span> <span class='ocrx_word' id='word_1_87' title='bbox 745 1166 823 1243; x_wconf 85' lang='lat' dir='ltr'><strong>quod</strong></span> <span class='ocrx_word' id='word_1_88' title='bbox 847 1168 877 1226; x_wconf 93' lang='lat' dir='ltr'><strong>in</strong></span> <span class='ocrx_word' id='word_1_89' title='bbox 898 1165 993 1226; x_wconf 90' lang='lat' dir='ltr'><strong>reditu</strong></span> <span class='ocrx_word' id='word_1_90' title='bbox 1016 1169 1114 1228; x_wconf 83' lang='lat' dir='ltr'><strong>omnis</strong></span> <span class='ocrx_word' id='word_1_91' title='bbox 1136 1168 1283 1229; x_wconf 79' lang='lat' dir='ltr'><strong>emendari</strong></span> <span class='ocrx_word' id='word_1_92' title='bbox 1304 1174 1425 1246; x_wconf 85' lang='lat' dir='ltr'><strong>possent</strong></span> <span class='ocrx_word' id='word_1_93' title='bbox 1446 1176 1477 1227; x_wconf 91' lang='lat' dir='ltr'><strong>et</strong></span> <span class='ocrx_word' id='word_1_94' title='bbox 1498 1167 1639 1243; x_wconf 88' lang='lat' dir='ltr'><strong>embigne</strong></span> 
     </span>
     <span class='ocr_line' id='line_1_10' title="bbox 296 1253 1637 1333; baseline -0.002 -19"><span class='ocrx_word' id='word_1_95' title='bbox 296 1253 410 1316; x_wconf 87' lang='lat' dir='ltr'><strong>discuti.</strong></span> <span class='ocrx_word' id='word_1_96' title='bbox 454 1253 612 1331; x_wconf 84' lang='lat' dir='ltr'><strong>Splendide</strong></span> <span class='ocrx_word' id='word_1_97' title='bbox 644 1271 703 1318; x_wconf 88' lang='lat' dir='ltr'><strong>ms·</strong></span> <span class='ocrx_word' id='word_1_98' title='bbox 724 1253 848 1314; x_wconf 82' lang='lat' dir='ltr'><strong>iebnleri</strong></span> <span class='ocrx_word' id='word_1_99' title='bbox 876 1253 1011 1330; x_wconf 70' lang='lat' dir='ltr'><strong>putabis3</strong></span> <span class='ocrx_word' id='word_1_100' title='bbox 1042 1262 1074 1318; x_wconf 85' lang='lat' dir='ltr'><strong>et</strong></span> <span class='ocrx_word' id='word_1_101' title='bbox 1104 1273 1159 1332; x_wconf 88' lang='lat' dir='ltr'><strong>ego</strong></span> <span class='ocrx_word' id='word_1_102' title='bbox 1189 1256 1217 1314; x_wconf 89' lang='lat' dir='ltr'><strong>in</strong></span> <span class='ocrx_word' id='word_1_103' title='bbox 1248 1254 1345 1333; x_wconf 83' lang='lat' dir='ltr'><strong>Styria</strong></span> <span class='ocrx_word' id='word_1_104' title='bbox 1377 1255 1433 1316; x_wconf 85' lang='lat' dir='ltr'><strong>ieci</strong></span> <span class='ocrx_word' id='word_1_105' title='bbox 1462 1254 1637 1332; x_wconf 88' lang='lat' dir='ltr'><strong>pericnlum:</strong></span> 
     </span>
     <span class='ocr_line' id='line_1_11' title="bbox 296 1339 1639 1419; baseline -0.001 -17"><span class='ocrx_word' id='word_1_106' title='bbox 296 1339 414 1402; x_wconf 87' lang='lat' dir='ltr'><strong>escendi</strong></span> <span class='ocrx_word' id='word_1_107' title='bbox 437 1343 514 1402; x_wconf 89' lang='lat' dir='ltr'><strong>enim</strong></span> <span class='ocrx_word' id='word_1_108' title='bbox 537 1341 612 1402; x_wconf 92' lang='lat' dir='ltr'><strong>duos</strong></span> <span class='ocrx_word' id='word_1_109' title='bbox 633 1349 747 1402; x_wconf 89' lang='lat' dir='ltr'><strong>montes</strong></span> <span class='ocrx_word' id='word_1_110' title='bbox 770 1348 799 1401; x_wconf 91' lang='lat' dir='ltr'><strong>et</strong></span> <span class='ocrx_word' id='word_1_111' title='bbox 821 1348 974 1417; x_wconf 85' lang='lat' dir='ltr'><strong>utrumque</strong></span> <span class='ocrx_word' id='word_1_112' title='bbox 996 1359 1032 1402; x_wconf 90' lang='lat' dir='ltr'><strong>ex</strong></span> <span class='ocrx_word' id='word_1_113' title='bbox 1054 1341 1146 1403; x_wconf 88' lang='lat' dir='ltr'><strong>ulterc</strong></span> <span class='ocrx_word' id='word_1_114' title='bbox 1168 1342 1294 1419; x_wconf 73' lang='lat' dir='ltr'><strong>libravi,</strong></span> <span class='ocrx_word' id='word_1_115' title='bbox 1316 1343 1415 1403; x_wconf 80' lang='lat' dir='ltr'><strong>inveni</strong></span> <span class='ocrx_word' id='word_1_116' title='bbox 1437 1343 1639 1402; x_wconf 72' lang='lat' dir='ltr'><strong>curvationem</strong></span> 
     </span>
     <span class='ocr_line' id='line_1_12' title="bbox 294 1427 1639 1509; baseline 0.001 -21"><span class='ocrx_word' id='word_1_117' title='bbox 294 1427 376 1507; x_wconf 91' lang='lat' dir='ltr'><strong>globi</strong></span> <span class='ocrx_word' id='word_1_118' title='bbox 399 1431 504 1490; x_wconf 89' lang='lat' dir='ltr'><strong>terreni</strong></span> <span class='ocrx_word' id='word_1_119' title='bbox 530 1431 568 1489; x_wconf 81' lang='lat'><strong>19</strong></span> <span class='ocrx_word' id='word_1_120' title='bbox 591 1431 776 1501; x_wconf 89' lang='lat' dir='ltr'><strong>minutorum,</strong></span> <span class='ocrx_word' id='word_1_121' title='bbox 800 1428 985 1509; x_wconf 75' lang='lat' dir='ltr'><strong>intervellum</strong></span> <span class='ocrx_word' id='word_1_122' title='bbox 1006 1431 1216 1490; x_wconf 83' lang='lat' dir='ltr'><strong>sestimsbstnr</strong></span> <span class='ocrx_word' id='word_1_123' title='bbox 1233 1431 1250 1490; x_wconf 83' lang='lat'>5</span> <span class='ocrx_word' id='word_1_124' title='bbox 1266 1429 1441 1492; x_wconf 76' lang='lat' dir='ltr'><strong>milliarium.</strong></span> <span class='ocrx_word' id='word_1_125' title='bbox 1479 1427 1547 1490; x_wconf 89' lang='lat' dir='ltr'><strong>Hoc</strong></span> <span class='ocrx_word' id='word_1_126' title='bbox 1568 1446 1639 1490; x_wconf 83' lang='lat' dir='ltr'><strong>reru</strong></span> 
     </span>
     <span class='ocr_line' id='line_1_13' title="bbox 254 1516 1639 1597; baseline 0.002 -22"><span class='ocrx_word' id='word_1_127' title='bbox 254 1588 259 1597; x_wconf 30' lang='grc' dir='ltr'><strong><em>Ι</em></strong></span> <span class='ocrx_word' id='word_1_128' title='bbox 295 1533 353 1576; x_wconf 93' lang='lat' dir='ltr'><strong>non</strong></span> <span class='ocrx_word' id='word_1_129' title='bbox 375 1533 439 1576; x_wconf 92' lang='lat' dir='ltr'><strong>sum</strong></span> <span class='ocrx_word' id='word_1_130' title='bbox 462 1533 582 1576; x_wconf 88' lang='lat' dir='ltr'><strong>mensus</strong></span> <span class='ocrx_word' id='word_1_131' title='bbox 604 1517 802 1576; x_wconf 75' lang='lat' dir='ltr'><strong>instrumentis</strong></span> <span class='ocrx_word' id='word_1_132' title='bbox 825 1518 956 1590; x_wconf 75' lang='lat' dir='ltr'><strong>ebonis,</strong></span> <span class='ocrx_word' id='word_1_133' title='bbox 984 1523 1018 1580; x_wconf 90' lang='lat' dir='ltr'><strong>ut</strong></span> <span class='ocrx_word' id='word_1_134' title='bbox 1038 1520 1216 1593; x_wconf 88' lang='lat' dir='ltr'><strong>potuissem,</strong></span> <span class='ocrx_word' id='word_1_135' title='bbox 1246 1517 1326 1595; x_wconf 90' lang='lat' dir='ltr'><strong>qnod</strong></span> <span class='ocrx_word' id='word_1_136' title='bbox 1347 1517 1442 1579; x_wconf 89' lang='lat' dir='ltr'><strong>solum</strong></span> <span class='ocrx_word' id='word_1_137' title='bbox 1465 1516 1548 1578; x_wconf 89' lang='lat' dir='ltr'><strong>deest</strong></span> <span class='ocrx_word' id='word_1_138' title='bbox 1570 1533 1639 1594; x_wconf 92' lang='lat' dir='ltr'><strong>per-</strong></span> 
     </span>
     <span class='ocr_line' id='line_1_14' title="bbox 293 1602 571 1680; baseline -0.004 -18"><span class='ocrx_word' id='word_1_139' title='bbox 293 1602 571 1680; x_wconf 81' lang='lat' dir='ltr'><strong>iectioniexsmpli.</strong></span> 
     </span>
    </p>

    <p class='ocr_par' dir='ltr' id='par_1_3' title="bbox 294 1689 1641 1857">
     <span class='ocr_line' id='line_1_15' title="bbox 388 1689 1641 1770; baseline 0.004 -22"><span class='ocrx_word' id='word_1_140' title='bbox 388 1689 577 1752; x_wconf 75' lang='lat' dir='ltr'><strong>Probabilem</strong></span> <span class='ocrx_word' id='word_1_141' title='bbox 599 1691 748 1753; x_wconf 77' lang='lat' dir='ltr'><strong>existimus</strong></span> <span class='ocrx_word' id='word_1_142' title='bbox 769 1693 943 1752; x_wconf 79' lang='lat' dir='ltr'><strong>sententiam</strong></span> <span class='ocrx_word' id='word_1_143' title='bbox 959 1691 1084 1753; x_wconf 81' lang='lat' dir='ltr'><strong>Thereti</strong></span> <span class='ocrx_word' id='word_1_144' title='bbox 1106 1708 1142 1752; x_wconf 84' lang='lat' dir='ltr'><strong>ex</strong></span> <span class='ocrx_word' id='word_1_145' title='bbox 1157 1708 1202 1764; x_wconf 90' lang='lat' dir='ltr'><strong>eo,</strong></span> <span class='ocrx_word' id='word_1_146' title='bbox 1226 1691 1305 1769; x_wconf 90' lang='lat' dir='ltr'><strong>qnod</strong></span> <span class='ocrx_word' id='word_1_147' title='bbox 1321 1709 1442 1770; x_wconf 75' lang='lat' dir='ltr'><strong>magnes</strong></span> <span class='ocrx_word' id='word_1_148' title='bbox 1465 1693 1543 1752; x_wconf 89' lang='lat' dir='ltr'><strong>omni</strong></span> <span class='ocrx_word' id='word_1_149' title='bbox 1557 1699 1641 1768; x_wconf 84' lang='lat' dir='ltr'><strong>perte</strong></span> 
     </span>
     <span class='ocr_line' id='line_1_16' title="bbox 294 1771 1640 1857; baseline 0 -19"><span class='ocrx_word' id='word_1_150' title='bbox 294 1779 341 1838; x_wconf 92' lang='lat' dir='ltr'><strong>sni</strong></span> <span class='ocrx_word' id='word_1_151' title='bbox 362 1775 458 1840; x_wconf 88' lang='lat' dir='ltr'><strong>solest</strong></span> <span class='ocrx_word' id='word_1_152' title='bbox 479 1779 609 1842; x_wconf 89' lang='lat' dir='ltr'><strong>imbuere</strong></span> <span class='ocrx_word' id='word_1_153' title='bbox 624 1779 739 1840; x_wconf 82' lang='lat' dir='ltr'><strong>terrum.</strong></span> <span class='ocrx_word' id='word_1_154' title='bbox 778 1780 874 1856; x_wconf 87' lang='lat' dir='ltr'><strong>Atque</strong></span> <span class='ocrx_word' id='word_1_155' title='bbox 896 1779 953 1839; x_wconf 91' lang='lat' dir='ltr'><strong>boc</strong></span> <span class='ocrx_word' id='word_1_156' title='bbox 966 1777 1039 1839; x_wconf 89' lang='lat' dir='ltr'><strong>nibil</strong></span> <span class='ocrx_word' id='word_1_157' title='bbox 1054 1778 1163 1840; x_wconf 86' lang='lat' dir='ltr'><strong>indicet</strong></span> <span class='ocrx_word' id='word_1_158' title='bbox 1186 1771 1222 1840; x_wconf 79' lang='lat' dir='ltr'><strong>do</strong></span> <span class='ocrx_word' id='word_1_159' title='bbox 1242 1780 1336 1857; x_wconf 82' lang='lat' dir='ltr'><strong>figura</strong></span> <span class='ocrx_word' id='word_1_160' title='bbox 1356 1797 1410 1840; x_wconf 90' lang='lat' dir='ltr'><strong>seu</strong></span> <span class='ocrx_word' id='word_1_161' title='bbox 1423 1781 1568 1857; x_wconf 79' lang='lat' dir='ltr'><strong>magnetis</strong></span> <span class='ocrx_word' id='word_1_162' title='bbox 1587 1797 1640 1841; x_wconf 91' lang='lat' dir='ltr'><strong>seu</strong></span> 
     </span>
    </p>
   </div>
   <div class='ocr_carea' id='block_1_3' title="bbox 197 1862 1640 1946">
    <p class='ocr_par' dir='ltr' id='par_1_4' title="bbox 197 1862 1640 1946">
     <span class='ocr_line' id='line_1_17' title="bbox 197 1862 1640 1946; baseline 0.001 -21"><span class='ocrx_word' id='word_1_163' title='bbox 197 1862 202 1872; x_wconf 91' lang='lat'>&#39;</span> <span class='ocrx_word' id='word_1_164' title='bbox 294 1864 417 1941; x_wconf 74' lang='lat' dir='ltr'><strong>sense,</strong></span> <span class='ocrx_word' id='word_1_165' title='bbox 439 1865 492 1926; x_wconf 87' lang='lat' dir='ltr'><strong>ssd</strong></span> <span class='ocrx_word' id='word_1_166' title='bbox 514 1871 628 1926; x_wconf 87' lang='lat' dir='ltr'><strong>tentum</strong></span> <span class='ocrx_word' id='word_1_167' title='bbox 650 1865 686 1928; x_wconf 90' lang='lat' dir='ltr'><strong>de</strong></span> <span class='ocrx_word' id='word_1_168' title='bbox 709 1873 814 1928; x_wconf 81' lang='lat' dir='ltr'><strong>nature</strong></span> <span class='ocrx_word' id='word_1_169' title='bbox 835 1868 959 1942; x_wconf 88' lang='lat' dir='ltr'><strong>virtutis,</strong></span> <span class='ocrx_word' id='word_1_170' title='bbox 983 1885 1059 1944; x_wconf 85' lang='lat' dir='ltr'><strong>quse</strong></span> <span class='ocrx_word' id='word_1_171' title='bbox 1081 1867 1181 1946; x_wconf 85' lang='lat' dir='ltr'><strong>polum</strong></span> <span class='ocrx_word' id='word_1_172' title='bbox 1199 1869 1287 1945; x_wconf 88' lang='lat' dir='ltr'><strong>petit;</strong></span> <span class='ocrx_word' id='word_1_173' title='bbox 1309 1866 1388 1945; x_wconf 85' lang='lat' dir='ltr'><strong>qood</strong></span> <span class='ocrx_word' id='word_1_174' title='bbox 1401 1867 1514 1928; x_wconf 89' lang='lat' dir='ltr'><strong>scilicet</strong></span> <span class='ocrx_word' id='word_1_175' title='bbox 1536 1866 1590 1928; x_wconf 83' lang='lat' dir='ltr'><strong>ille</strong></span> <span class='ocrx_word' id='word_1_176' title='bbox 1609 1869 1640 1926; x_wconf 91' lang='lat' dir='ltr'><strong>in</strong></span> 
     </span>
    </p>
   </div>
   <div class='ocr_carea' id='block_1_4' title="bbox 301 1953 1639 2036">
    <p class='ocr_par' dir='ltr' id='par_1_5' title="bbox 301 1953 1639 2036">
     <span class='ocr_line' id='line_1_18' title="bbox 301 1953 1639 2036; baseline 0.002 -25"><span class='ocrx_word' id='word_1_177' title='bbox 301 1960 411 2012; x_wconf 80' lang='lat' dir='ltr'><strong>rectam</strong></span> <span class='ocrx_word' id='word_1_178' title='bbox 433 1956 597 2031; x_wconf 83' lang='lat' dir='ltr'><strong>porrigetur</strong></span> <span class='ocrx_word' id='word_1_179' title='bbox 620 1953 756 2032; x_wconf 81' lang='lat' dir='ltr'><strong>qnodque</strong></span> <span class='ocrx_word' id='word_1_180' title='bbox 778 1956 817 2014; x_wconf 92' lang='lat' dir='ltr'><strong>sit</strong></span> <span class='ocrx_word' id='word_1_181' title='bbox 838 1971 904 2014; x_wconf 91' lang='lat' dir='ltr'><strong>cum</strong></span> <span class='ocrx_word' id='word_1_182' title='bbox 927 1971 1046 2032; x_wconf 90' lang='lat' dir='ltr'><strong>corpore</strong></span> <span class='ocrx_word' id='word_1_183' title='bbox 1062 1957 1207 2032; x_wconf 77' lang='lat' dir='ltr'><strong>magnetis</strong></span> <span class='ocrx_word' id='word_1_184' title='bbox 1222 1954 1390 2036; x_wconf 86' lang='lat' dir='ltr'><strong>divisibilis,</strong></span> <span class='ocrx_word' id='word_1_185' title='bbox 1411 1957 1454 2016; x_wconf 90' lang='lat' dir='ltr'><strong>sle</strong></span> <span class='ocrx_word' id='word_1_186' title='bbox 1469 1963 1503 2014; x_wconf 92' lang='lat' dir='ltr'><strong>ut</strong></span> <span class='ocrx_word' id='word_1_187' title='bbox 1524 1957 1555 2014; x_wconf 94' lang='lat' dir='ltr'><strong>in</strong></span> <span class='ocrx_word' id='word_1_188' title='bbox 1577 1957 1639 2014; x_wconf 90' lang='lat' dir='ltr'><strong>sin-</strong></span> 
     </span>
    </p>
   </div>
   <div class='ocr_carea' id='block_1_5' title="bbox 297 2127 1641 2294">
    <p class='ocr_par' dir='ltr' id='par_1_6' title="bbox 297 2127 1641 2294">
     <span class='ocr_line' id='line_1_19' title="bbox 322 2127 1641 2210; baseline 0 -22"><span class='ocrx_word' id='word_1_189' title='bbox 322 2187 328 2210; x_wconf 55' lang='lat'><strong>,</strong></span> <span class='ocrx_word' id='word_1_190' title='bbox 383 2127 429 2188; x_wconf 85' lang='lat' dir='ltr'><strong>De</strong></span> <span class='ocrx_word' id='word_1_191' title='bbox 451 2127 612 2190; x_wconf 74' lang='lat' dir='ltr'><strong>studiorum</strong></span> <span class='ocrx_word' id='word_1_192' title='bbox 634 2146 769 2203; x_wconf 89' lang='lat' dir='ltr'><strong>numero,</strong></span> <span class='ocrx_word' id='word_1_193' title='bbox 800 2147 877 2207; x_wconf 85' lang='lat' dir='ltr'><strong>quse</strong></span> <span class='ocrx_word' id='word_1_194' title='bbox 899 2131 949 2188; x_wconf 92' lang='lat' dir='ltr'><strong>nni</strong></span> <span class='ocrx_word' id='word_1_195' title='bbox 971 2129 1076 2206; x_wconf 78' lang='lat' dir='ltr'><strong>gradui</strong></span> <span class='ocrx_word' id='word_1_196' title='bbox 1097 2129 1216 2192; x_wconf 89' lang='lat' dir='ltr'><strong>coelesti</strong></span> <span class='ocrx_word' id='word_1_197' title='bbox 1240 2135 1422 2206; x_wconf 87' lang='lat' dir='ltr'><strong>competunt,</strong></span> <span class='ocrx_word' id='word_1_198' title='bbox 1451 2145 1523 2188; x_wconf 84' lang='lat' dir='ltr'><strong>sene</strong></span> <span class='ocrx_word' id='word_1_199' title='bbox 1545 2129 1641 2188; x_wconf 89' lang='lat' dir='ltr'><strong>ineer-</strong></span> 
     </span>
     <span class='ocr_line' id='line_1_20' title="bbox 297 2214 1640 2294; baseline -0.001 -20"><span class='ocrx_word' id='word_1_200' title='bbox 297 2221 359 2274; x_wconf 90' lang='lat' dir='ltr'><strong>tnm</strong></span> <span class='ocrx_word' id='word_1_201' title='bbox 381 2224 463 2294; x_wconf 88' lang='lat' dir='ltr'><strong>puto.</strong></span> <span class='ocrx_word' id='word_1_202' title='bbox 505 2217 583 2278; x_wconf 83' lang='lat' dir='ltr'><strong>Nem</strong></span> <span class='ocrx_word' id='word_1_203' title='bbox 605 2235 663 2278; x_wconf 90' lang='lat' dir='ltr'><strong>non</strong></span> <span class='ocrx_word' id='word_1_204' title='bbox 685 2216 780 2278; x_wconf 90' lang='lat' dir='ltr'><strong>solnm</strong></span> <span class='ocrx_word' id='word_1_205' title='bbox 802 2217 839 2279; x_wconf 87' lang='lat' dir='ltr'><strong>de</strong></span> <span class='ocrx_word' id='word_1_206' title='bbox 862 2215 947 2276; x_wconf 83' lang='lat' dir='ltr'><strong>studii</strong></span> <span class='ocrx_word' id='word_1_207' title='bbox 971 2219 1134 2293; x_wconf 77' lang='lat' dir='ltr'><strong>quontitate</strong></span> <span class='ocrx_word' id='word_1_208' title='bbox 1156 2217 1330 2277; x_wconf 84' lang='lat' dir='ltr'><strong>dissentiunt</strong></span> <span class='ocrx_word' id='word_1_209' title='bbox 1351 2221 1479 2290; x_wconf 81' lang='lat' dir='ltr'><strong>veteres,</strong></span> <span class='ocrx_word' id='word_1_210' title='bbox 1502 2232 1556 2275; x_wconf 87' lang='lat' dir='ltr'><strong>sen</strong></span> <span class='ocrx_word' id='word_1_211' title='bbox 1579 2214 1640 2274; x_wconf 88' lang='lat' dir='ltr'><strong>dis-</strong></span> 
     </span>
    </p>
   </div>
   <div class='ocr_carea' id='block_1_6' title="bbox 296 2299 1739 2383">
    <p class='ocr_par' dir='ltr' id='par_1_7' title="bbox 296 2299 1739 2383">
     <span class='ocr_line' id='line_1_21' title="bbox 296 2299 1739 2383; baseline 0 -21"><span class='ocrx_word' id='word_1_212' title='bbox 296 2305 405 2365; x_wconf 87' lang='lat' dir='ltr'><strong>sentire</strong></span> <span class='ocrx_word' id='word_1_213' title='bbox 426 2321 546 2366; x_wconf 89' lang='lat' dir='ltr'><strong>necesse</strong></span> <span class='ocrx_word' id='word_1_214' title='bbox 569 2314 621 2380; x_wconf 92' lang='lat' dir='ltr'><strong>est,</strong></span> <span class='ocrx_word' id='word_1_215' title='bbox 645 2305 816 2383; x_wconf 86' lang='lat' dir='ltr'><strong>compedis</strong></span> <span class='ocrx_word' id='word_1_216' title='bbox 838 2320 974 2366; x_wconf 86' lang='lat' dir='ltr'><strong>mensure</strong></span> <span class='ocrx_word' id='word_1_217' title='bbox 996 2320 1054 2366; x_wconf 91' lang='lat' dir='ltr'><strong>non</strong></span> <span class='ocrx_word' id='word_1_218' title='bbox 1075 2305 1163 2366; x_wconf 84' lang='lat' dir='ltr'><strong>luerit</strong></span> <span class='ocrx_word' id='word_1_219' title='bbox 1184 2321 1251 2377; x_wconf 84' lang='lat' dir='ltr'><strong>une,</strong></span> <span class='ocrx_word' id='word_1_220' title='bbox 1275 2302 1327 2364; x_wconf 91' lang='lat' dir='ltr'><strong>sod</strong></span> <span class='ocrx_word' id='word_1_221' title='bbox 1347 2305 1437 2364; x_wconf 85' lang='lat' dir='ltr'><strong>etiem</strong></span> <span class='ocrx_word' id='word_1_222' title='bbox 1458 2301 1572 2363; x_wconf 87' lang='lat' dir='ltr'><strong>lubrice</strong></span> <span class='ocrx_word' id='word_1_223' title='bbox 1595 2319 1639 2362; x_wconf 91' lang='lat' dir='ltr'><strong>res</strong></span> <span class='ocrx_word' id='word_1_224' title='bbox 1738 2299 1739 2302; x_wconf 71' lang='grc'>’</span> 
     </span>
    </p>
   </div>
   <div class='ocr_carea' id='block_1_7' title="bbox 296 2389 1641 2646">
    <p class='ocr_par' dir='ltr' id='par_1_8' title="bbox 296 2389 1641 2646">
     <span class='ocr_line' id='line_1_22' title="bbox 297 2389 1641 2470; baseline -0.001 -19"><span class='ocrx_word' id='word_1_225' title='bbox 297 2398 357 2465; x_wconf 89' lang='lat' dir='ltr'><strong>cst,</strong></span> <span class='ocrx_word' id='word_1_226' title='bbox 387 2391 578 2454; x_wconf 79' lang='lat' dir='ltr'><strong>determinare</strong></span> <span class='ocrx_word' id='word_1_227' title='bbox 607 2410 697 2453; x_wconf 89' lang='lat' dir='ltr'><strong>unum</strong></span> <span class='ocrx_word' id='word_1_228' title='bbox 724 2391 848 2470; x_wconf 80' lang='lat' dir='ltr'><strong>gradum</strong></span> <span class='ocrx_word' id='word_1_229' title='bbox 877 2390 1002 2452; x_wconf 88' lang='lat' dir='ltr'><strong>coeleste</strong></span> <span class='ocrx_word' id='word_1_230' title='bbox 1031 2395 1059 2451; x_wconf 89' lang='lat' dir='ltr'><strong>in</strong></span> <span class='ocrx_word' id='word_1_231' title='bbox 1083 2391 1186 2469; x_wconf 71' lang='lat' dir='ltr'><strong>Terre,</strong></span> <span class='ocrx_word' id='word_1_232' title='bbox 1217 2409 1332 2468; x_wconf 89' lang='lat' dir='ltr'><strong>semper</strong></span> <span class='ocrx_word' id='word_1_233' title='bbox 1358 2393 1435 2452; x_wconf 89' lang='lat' dir='ltr'><strong>enim</strong></span> <span class='ocrx_word' id='word_1_234' title='bbox 1464 2389 1501 2450; x_wconf 91' lang='lat' dir='ltr'><strong>de</strong></span> <span class='ocrx_word' id='word_1_235' title='bbox 1529 2389 1641 2467; x_wconf 81' lang='lat' dir='ltr'><strong>aliquot</strong></span> 
     </span>
     <span class='ocr_line' id='line_1_23' title="bbox 296 2476 1639 2558; baseline -0.002 -20"><span class='ocrx_word' id='word_1_236' title='bbox 296 2480 416 2540; x_wconf 92' lang='lat' dir='ltr'><strong>minutis</strong></span> <span class='ocrx_word' id='word_1_237' title='bbox 439 2479 597 2556; x_wconf 86' lang='lat' dir='ltr'><strong>dubitetur,</strong></span> <span class='ocrx_word' id='word_1_238' title='bbox 621 2497 697 2558; x_wconf 88' lang='lat' dir='ltr'><strong>quse</strong></span> <span class='ocrx_word' id='word_1_239' title='bbox 718 2477 827 2556; x_wconf 79' lang='lat' dir='ltr'><strong>negligi</strong></span> <span class='ocrx_word' id='word_1_240' title='bbox 850 2494 908 2542; x_wconf 89' lang='lat' dir='ltr'><strong>non</strong></span> <span class='ocrx_word' id='word_1_241' title='bbox 931 2477 1078 2554; x_wconf 87' lang='lat' dir='ltr'><strong>deberent,</strong></span> <span class='ocrx_word' id='word_1_242' title='bbox 1101 2479 1226 2556; x_wconf 89' lang='lat' dir='ltr'><strong>denique</strong></span> <span class='ocrx_word' id='word_1_243' title='bbox 1248 2481 1274 2538; x_wconf 92' lang='lat' dir='ltr'><strong>si</strong></span> <span class='ocrx_word' id='word_1_244' title='bbox 1289 2480 1414 2538; x_wconf 77' lang='lat' dir='ltr'><strong>maxime</strong></span> <span class='ocrx_word' id='word_1_245' title='bbox 1431 2478 1561 2538; x_wconf 80' lang='lat' dir='ltr'><strong>sciemur</strong></span> <span class='ocrx_word' id='word_1_246' title='bbox 1583 2476 1639 2536; x_wconf 90' lang='lat' dir='ltr'><strong>dno</strong></span> 
     </span>
     <span class='ocr_line' id='line_1_24' title="bbox 296 2564 1641 2646; baseline -0.001 -21"><span class='ocrx_word' id='word_1_247' title='bbox 296 2564 364 2628; x_wconf 83' lang='lat' dir='ltr'><strong>loce</strong></span> <span class='ocrx_word' id='word_1_248' title='bbox 385 2565 508 2642; x_wconf 75' lang='lat' dir='ltr'><strong>Terrae,</strong></span> <span class='ocrx_word' id='word_1_249' title='bbox 531 2568 691 2646; x_wconf 79' lang='lat' dir='ltr'><strong>inquibus</strong></span> <span class='ocrx_word' id='word_1_250' title='bbox 713 2576 758 2628; x_wconf 89' lang='lat' dir='ltr'><strong>est</strong></span> <span class='ocrx_word' id='word_1_251' title='bbox 780 2565 942 2628; x_wconf 81' lang='lat' dir='ltr'><strong>differentis</strong></span> <span class='ocrx_word' id='word_1_252' title='bbox 963 2569 1049 2628; x_wconf 90' lang='lat' dir='ltr'><strong>unius</strong></span> <span class='ocrx_word' id='word_1_253' title='bbox 1071 2566 1179 2644; x_wconf 78' lang='lat' dir='ltr'><strong>gradus</strong></span> <span class='ocrx_word' id='word_1_254' title='bbox 1200 2567 1340 2644; x_wconf 81' lang='lat' dir='ltr'><strong>praecise,</strong></span> <span class='ocrx_word' id='word_1_255' title='bbox 1364 2569 1392 2624; x_wconf 92' lang='lat' dir='ltr'><strong>in</strong></span> <span class='ocrx_word' id='word_1_256' title='bbox 1415 2567 1641 2642; x_wconf 87' lang='lat' dir='ltr'><strong>septentrionem</strong></span> 
     </span>
    </p>
   </div>
   <div class='ocr_carea' id='block_1_8' title="bbox 153 2651 1641 2730">
    <p class='ocr_par' dir='ltr' id='par_1_9' title="bbox 153 2651 1641 2730">
     <span class='ocr_line' id='line_1_25' title="bbox 153 2651 1641 2730; baseline 0.001 -20"><span class='ocrx_word' id='word_1_257' title='bbox 153 2701 162 2710; x_wconf 90' lang='lat'><strong><em>.</em></strong></span> <span class='ocrx_word' id='word_1_258' title='bbox 200 2696 203 2702; x_wconf 86' lang='lat'>.</span> <span class='ocrx_word' id='word_1_259' title='bbox 297 2659 396 2714; x_wconf 87' lang='lat' dir='ltr'><strong>temen</strong></span> <span class='ocrx_word' id='word_1_260' title='bbox 417 2671 475 2714; x_wconf 93' lang='lat' dir='ltr'><strong>non</strong></span> <span class='ocrx_word' id='word_1_261' title='bbox 498 2653 591 2715; x_wconf 83' lang='lat' dir='ltr'><strong>fenile·</strong></span> <span class='ocrx_word' id='word_1_262' title='bbox 605 2655 698 2715; x_wconf 89' lang='lat' dir='ltr'><strong>metiri</strong></span> <span class='ocrx_word' id='word_1_263' title='bbox 721 2671 877 2730; x_wconf 89' lang='lat' dir='ltr'><strong>possumus</strong></span> <span class='ocrx_word' id='word_1_264' title='bbox 898 2651 981 2720; x_wconf 86' lang='lat' dir='ltr'><strong>illum</strong></span> <span class='ocrx_word' id='word_1_265' title='bbox 1001 2653 1108 2716; x_wconf 78' lang='lat' dir='ltr'><strong>&#39;l&#39;errss</strong></span> <span class='ocrx_word' id='word_1_266' title='bbox 1132 2662 1264 2728; x_wconf 78' lang='lat' dir='ltr'><strong>cecum,</strong></span> <span class='ocrx_word' id='word_1_267' title='bbox 1287 2670 1401 2730; x_wconf 86' lang='lat' dir='ltr'><strong>semper</strong></span> <span class='ocrx_word' id='word_1_268' title='bbox 1424 2655 1500 2713; x_wconf 88' lang='lat' dir='ltr'><strong>enim</strong></span> <span class='ocrx_word' id='word_1_269' title='bbox 1523 2653 1641 2714; x_wconf 78' lang='lat' dir='ltr'><strong>obstent</strong></span> 
     </span>
    </p>
   </div>
   <div class='ocr_carea' id='block_1_9' title="bbox 297 2739 1640 2910">
    <p class='ocr_par' dir='ltr' id='par_1_10' title="bbox 297 2739 1640 2910">
     <span class='ocr_line' id='line_1_26' title="bbox 298 2739 1640 2820; baseline -0.001 -19"><span class='ocrx_word' id='word_1_270' title='bbox 298 2749 351 2801; x_wconf 86' lang='lat' dir='ltr'><strong>ont</strong></span> <span class='ocrx_word' id='word_1_271' title='bbox 377 2741 510 2815; x_wconf 83' lang='lat' dir='ltr'><strong>flumine,</strong></span> <span class='ocrx_word' id='word_1_272' title='bbox 534 2749 586 2802; x_wconf 85' lang='lat' dir='ltr'><strong>eut</strong></span> <span class='ocrx_word' id='word_1_273' title='bbox 613 2749 740 2816; x_wconf 90' lang='lat' dir='ltr'><strong>montes,</strong></span> <span class='ocrx_word' id='word_1_274' title='bbox 764 2740 872 2816; x_wconf 81' lang='lat' dir='ltr'><strong>silves,</strong></span> <span class='ocrx_word' id='word_1_275' title='bbox 895 2739 1032 2819; x_wconf 80' lang='lat' dir='ltr'><strong>paludes,</strong></span> <span class='ocrx_word' id='word_1_276' title='bbox 1057 2743 1120 2820; x_wconf 84' lang='lat' dir='ltr'><strong>egri</strong></span> <span class='ocrx_word' id='word_1_277' title='bbox 1143 2741 1213 2802; x_wconf 91' lang='lat' dir='ltr'><strong>culti</strong></span> <span class='ocrx_word' id='word_1_278' title='bbox 1236 2749 1290 2804; x_wconf 92' lang='lat' dir='ltr'><strong>etc.</strong></span> <span class='ocrx_word' id='word_1_279' title='bbox 1335 2740 1435 2802; x_wconf 77' lang='lat' dir='ltr'><strong>Refert</strong></span> <span class='ocrx_word' id='word_1_280' title='bbox 1458 2739 1640 2800; x_wconf 81' lang='lat' dir='ltr'><strong>Christrneu·</strong></span> 
     </span>
     <span class='ocr_line' id='line_1_27' title="bbox 297 2825 1639 2910; baseline -0.001 -22"><span class='ocrx_word' id='word_1_281' title='bbox 297 2845 353 2890; x_wconf 93' lang='lat' dir='ltr'><strong>nus</strong></span> <span class='ocrx_word' id='word_1_282' title='bbox 375 2831 581 2890; x_wconf 77' lang='lat' dir='ltr'><strong>conmentario</strong></span> <span class='ocrx_word' id='word_1_283' title='bbox 604 2847 691 2907; x_wconf 87' lang='lat' dir='ltr'><strong>super</strong></span> <span class='ocrx_word' id='word_1_284' title='bbox 707 2829 896 2906; x_wconf 84' lang='lat' dir='ltr'><strong>Alirsgenum</strong></span> <span class='ocrx_word' id='word_1_285' title='bbox 919 2825 990 2910; x_wconf 85' lang='lat' dir='ltr'><strong>(nisi</strong></span> <span class='ocrx_word' id='word_1_286' title='bbox 1013 2830 1086 2892; x_wconf 79' lang='lat' dir='ltr'><strong>torte</strong></span> <span class='ocrx_word' id='word_1_287' title='bbox 1108 2831 1172 2906; x_wconf 90' lang='lat' dir='ltr'><strong>ipse</strong></span> <span class='ocrx_word' id='word_1_288' title='bbox 1186 2828 1373 2906; x_wconf 65' lang='lat' dir='ltr'><strong>misegones,</strong></span> <span class='ocrx_word' id='word_1_289' title='bbox 1395 2827 1468 2888; x_wconf 85' lang='lat' dir='ltr'><strong>liber</strong></span> <span class='ocrx_word' id='word_1_290' title='bbox 1483 2830 1561 2888; x_wconf 91' lang='lat' dir='ltr'><strong>onim</strong></span> <span class='ocrx_word' id='word_1_291' title='bbox 1583 2843 1639 2886; x_wconf 91' lang='lat' dir='ltr'><strong>nou</strong></span> 
     </span>
    </p>
   </div>
   <div class='ocr_carea' id='block_1_10' title="bbox 298 2911 1738 2998">
    <p class='ocr_par' dir='ltr' id='par_1_11' title="bbox 298 2911 1738 2998">
     <span class='ocr_line' id='line_1_28' title="bbox 298 2911 1738 2998; baseline 0 -22"><span class='ocrx_word' id='word_1_292' title='bbox 298 2924 354 2991; x_wconf 37' lang='lat' dir='ltr'><strong>eet,</strong></span> <span class='ocrx_word' id='word_1_293' title='bbox 374 2915 412 2977; x_wconf 90' lang='lat' dir='ltr'><strong>ed</strong></span> <span class='ocrx_word' id='word_1_294' title='bbox 444 2911 563 2998; x_wconf 82' lang='lat' dir='ltr'><strong>monus)</strong></span> <span class='ocrx_word' id='word_1_295' title='bbox 586 2917 701 2978; x_wconf 80' lang='lat' dir='ltr'><strong>Arabes</strong></span> <span class='ocrx_word' id='word_1_296' title='bbox 732 2934 849 2996; x_wconf 87' lang='lat' dir='ltr'><strong>quoque</strong></span> <span class='ocrx_word' id='word_1_297' title='bbox 872 2915 1089 2979; x_wconf 85' lang='lat' dir='ltr'><strong>Beldeebenses</strong></span> <span class='ocrx_word' id='word_1_298' title='bbox 1117 2918 1172 2978; x_wconf 93' lang='lat' dir='ltr'><strong>sub</strong></span> <span class='ocrx_word' id='word_1_299' title='bbox 1199 2933 1266 2992; x_wconf 84' lang='lat' dir='ltr'><strong>rege</strong></span> <span class='ocrx_word' id='word_1_300' title='bbox 1289 2915 1438 2976; x_wconf 81' lang='lat' dir='ltr'><strong>Melmone</strong></span> <span class='ocrx_word' id='word_1_301' title='bbox 1465 2915 1535 2976; x_wconf 89' lang='lat' dir='ltr'><strong>huic</strong></span> <span class='ocrx_word' id='word_1_302' title='bbox 1557 2931 1641 2976; x_wconf 87' lang='lat' dir='ltr'><strong>ourse</strong></span> <span class='ocrx_word' id='word_1_303' title='bbox 1737 2945 1738 2960; x_wconf 45' lang='grc' dir='ltr'><strong>ι</strong></span> 
     </span>
    </p>
   </div>
   <div class='ocr_carea' id='block_1_11' title="bbox 297 3001 1645 3434">
    <p class='ocr_par' dir='ltr' id='par_1_12' title="bbox 298 3001 1453 3080">
     <span class='ocr_line' id='line_1_29' title="bbox 298 3001 1453 3080; baseline 0 -16"><span class='ocrx_word' id='word_1_304' title='bbox 298 3004 479 3078; x_wconf 82' lang='lat' dir='ltr'><strong>incubuisse,</strong></span> <span class='ocrx_word' id='word_1_305' title='bbox 502 3013 534 3066; x_wconf 91' lang='grc' dir='ltr'><strong>ιιι</strong></span> <span class='ocrx_word' id='word_1_306' title='bbox 555 3006 743 3068; x_wconf 81' lang='lat' dir='ltr'><strong>emendarent</strong></span> <span class='ocrx_word' id='word_1_307' title='bbox 764 3005 842 3066; x_wconf 89' lang='lat' dir='ltr'><strong>bunc</strong></span> <span class='ocrx_word' id='word_1_308' title='bbox 862 3004 1023 3068; x_wconf 67' lang='lat' dir='ltr'><strong>stadiorum</strong></span> <span class='ocrx_word' id='word_1_309' title='bbox 1046 3007 1074 3064; x_wconf 89' lang='lat' dir='ltr'><strong>iu</strong></span> <span class='ocrx_word' id='word_1_310' title='bbox 1099 3021 1156 3074; x_wconf 86' lang='lat' dir='ltr'><strong>uno</strong></span> <span class='ocrx_word' id='word_1_311' title='bbox 1178 3001 1271 3080; x_wconf 85' lang='lat' dir='ltr'><strong>grsdu</strong></span> <span class='ocrx_word' id='word_1_312' title='bbox 1292 3020 1453 3064; x_wconf 83' lang='lat' dir='ltr'><strong>numerum</strong></span> 
     </span>
    </p>

    <p class='ocr_par' dir='ltr' id='par_1_13' title="bbox 297 3088 1645 3434">
     <span class='ocr_line' id='line_1_30' title="bbox 384 3088 1642 3170; baseline -0.001 -20"><span class='ocrx_word' id='word_1_313' title='bbox 384 3089 517 3170; x_wconf 75' lang='lat' dir='ltr'><strong>Rogatus</strong></span> <span class='ocrx_word' id='word_1_314' title='bbox 537 3094 600 3170; x_wconf 87' lang='lat' dir='ltr'><strong>ipse</strong></span> <span class='ocrx_word' id='word_1_315' title='bbox 622 3101 690 3156; x_wconf 84' lang='lat' dir='ltr'><strong>ente</strong></span> <span class='ocrx_word' id='word_1_316' title='bbox 712 3092 913 3156; x_wconf 82' lang='lat' dir='ltr'><strong>bienniumeb</strong></span> <span class='ocrx_word' id='word_1_317' title='bbox 929 3092 1061 3156; x_wconf 82' lang='lat' dir='ltr'><strong>Electors</strong></span> <span class='ocrx_word' id='word_1_318' title='bbox 1076 3091 1252 3165; x_wconf 83' lang='lat' dir='ltr'><strong>Coloniensi,</strong></span> <span class='ocrx_word' id='word_1_319' title='bbox 1275 3093 1317 3150; x_wconf 89' lang='lat' dir='ltr'><strong>sio</strong></span> <span class='ocrx_word' id='word_1_320' title='bbox 1337 3088 1482 3168; x_wconf 85' lang='lat' dir='ltr'><strong>respondi,</strong></span> <span class='ocrx_word' id='word_1_321' title='bbox 1505 3097 1539 3149; x_wconf 90' lang='lat' dir='ltr'><strong>ut</strong></span> <span class='ocrx_word' id='word_1_322' title='bbox 1553 3088 1642 3166; x_wconf 80' lang='lat' dir='ltr'><strong>poulo</strong></span> 
     </span>
     <span class='ocr_line' id='line_1_31' title="bbox 297 3177 1642 3258; baseline -0.001 -20"><span class='ocrx_word' id='word_1_323' title='bbox 297 3179 393 3258; x_wconf 80' lang='lat' dir='ltr'><strong>prius3</strong></span> <span class='ocrx_word' id='word_1_324' title='bbox 415 3177 452 3240; x_wconf 91' lang='lat' dir='ltr'><strong>de</strong></span> <span class='ocrx_word' id='word_1_325' title='bbox 474 3179 564 3244; x_wconf 81' lang='lat' dir='ltr'><strong>Terre</strong></span> <span class='ocrx_word' id='word_1_326' title='bbox 586 3181 724 3244; x_wconf 86' lang='lat' dir='ltr'><strong>videlicet</strong></span> <span class='ocrx_word' id='word_1_327' title='bbox 743 3180 891 3242; x_wconf 85' lang='lat' dir='ltr'><strong>metiendo</strong></span> <span class='ocrx_word' id='word_1_328' title='bbox 911 3181 974 3242; x_wconf 91' lang='lat' dir='ltr'><strong>eine</strong></span> <span class='ocrx_word' id='word_1_329' title='bbox 997 3182 1104 3242; x_wconf 87' lang='lat' dir='ltr'><strong>intuitu</strong></span> <span class='ocrx_word' id='word_1_330' title='bbox 1126 3179 1200 3240; x_wconf 90' lang='lat' dir='ltr'><strong>coeli</strong></span> <span class='ocrx_word' id='word_1_331' title='bbox 1215 3197 1250 3240; x_wconf 88' lang='lat' dir='ltr'><strong>ex</strong></span> <span class='ocrx_word' id='word_1_332' title='bbox 1267 3177 1389 3238; x_wconf 90' lang='lat' dir='ltr'><strong>duorum</strong></span> <span class='ocrx_word' id='word_1_333' title='bbox 1404 3179 1535 3238; x_wconf 91' lang='lat' dir='ltr'><strong>locorum</strong></span> <span class='ocrx_word' id='word_1_334' title='bbox 1550 3177 1642 3237; x_wconf 87' lang='lat' dir='ltr'><strong>libre-</strong></span> 
     </span>
     <span class='ocr_line' id='line_1_32' title="bbox 298 3263 1644 3347; baseline -0.003 -19"><span class='ocrx_word' id='word_1_335' title='bbox 298 3268 379 3328; x_wconf 89' lang='lat' dir='ltr'><strong>tiouc</strong></span> <span class='ocrx_word' id='word_1_336' title='bbox 401 3275 509 3329; x_wconf 86' lang='lat' dir='ltr'><strong>mutne.</strong></span> <span class='ocrx_word' id='word_1_337' title='bbox 535 3268 594 3329; x_wconf 86' lang='lat' dir='ltr'><strong>&#39;Et</strong></span> <span class='ocrx_word' id='word_1_338' title='bbox 615 3269 739 3347; x_wconf 85' lang='lat' dir='ltr'><strong>subjecit</strong></span> <span class='ocrx_word' id='word_1_339' title='bbox 762 3270 824 3346; x_wconf 91' lang='lat' dir='ltr'><strong>ipse</strong></span> <span class='ocrx_word' id='word_1_340' title='bbox 849 3267 1071 3330; x_wconf 73' lang='lat' dir='ltr'><strong>commoditates</strong></span> <span class='ocrx_word' id='word_1_341' title='bbox 1094 3268 1241 3341; x_wconf 88' lang='lat' dir='ltr'><strong>locorum,</strong></span> <span class='ocrx_word' id='word_1_342' title='bbox 1270 3268 1295 3326; x_wconf 90' lang='lat' dir='ltr'><strong>si</strong></span> <span class='ocrx_word' id='word_1_343' title='bbox 1318 3266 1392 3327; x_wconf 91' lang='lat' dir='ltr'><strong>bene</strong></span> <span class='ocrx_word' id='word_1_344' title='bbox 1413 3265 1547 3340; x_wconf 88' lang='lat' dir='ltr'><strong>memini,</strong></span> <span class='ocrx_word' id='word_1_345' title='bbox 1577 3263 1644 3324; x_wconf 87' lang='lat' dir='ltr'><strong>llo-</strong></span> 
     </span>
     <span class='ocr_line' id='line_1_33' title="bbox 298 3351 1645 3434; baseline -0.001 -20"><span class='ocrx_word' id='word_1_346' title='bbox 298 3355 436 3416; x_wconf 85' lang='lat' dir='ltr'><strong>neobinm</strong></span> <span class='ocrx_word' id='word_1_347' title='bbox 459 3362 487 3417; x_wconf 92' lang='lat' dir='ltr'><strong>et</strong></span> <span class='ocrx_word' id='word_1_348' title='bbox 509 3356 692 3432; x_wconf 79' lang='lat' dir='ltr'><strong>l&#39;reisingum</strong></span> <span class='ocrx_word' id='word_1_349' title='bbox 715 3355 892 3434; x_wconf 83' lang='lat' dir='ltr'><strong>sppsllevit,</strong></span> <span class='ocrx_word' id='word_1_350' title='bbox 916 3373 1040 3433; x_wconf 86' lang='lat' dir='ltr'><strong>quornm</strong></span> <span class='ocrx_word' id='word_1_351' title='bbox 1062 3355 1192 3416; x_wconf 90' lang='lat' dir='ltr'><strong>locorum</strong></span> <span class='ocrx_word' id='word_1_352' title='bbox 1215 3370 1251 3414; x_wconf 89' lang='lat' dir='ltr'><strong>ex</strong></span> <span class='ocrx_word' id='word_1_353' title='bbox 1274 3352 1366 3414; x_wconf 83' lang='lat' dir='ltr'><strong>silero</strong></span> <span class='ocrx_word' id='word_1_354' title='bbox 1393 3354 1424 3410; x_wconf 94' lang='lat' dir='ltr'><strong>in</strong></span> <span class='ocrx_word' id='word_1_355' title='bbox 1446 3351 1569 3412; x_wconf 87' lang='lat' dir='ltr'><strong>slterum</strong></span> <span class='ocrx_word' id='word_1_356' title='bbox 1590 3369 1645 3429; x_wconf 88' lang='lat' dir='ltr'><strong>pe-</strong></span> 
     </span>
    </p>
   </div>
   <div class='ocr_carea' id='block_1_12' title="bbox 299 3437 1737 3609">
    <p class='ocr_par' dir='ltr' id='par_1_14' title="bbox 299 3437 1737 3609">
     <span class='ocr_line' id='line_1_34' title="bbox 299 3437 1737 3521; baseline -0.005 -17"><span class='ocrx_word' id='word_1_357' title='bbox 299 3449 362 3504; x_wconf 86' lang='lat' dir='ltr'><strong>teet</strong></span> <span class='ocrx_word' id='word_1_358' title='bbox 382 3452 553 3520; x_wconf 90' lang='lat' dir='ltr'><strong>prospectus</strong></span> <span class='ocrx_word' id='word_1_359' title='bbox 575 3461 592 3504; x_wconf 90' lang='lat' dir='ltr'><strong>e</strong></span> <span class='ocrx_word' id='word_1_360' title='bbox 614 3444 747 3507; x_wconf 83' lang='lat' dir='ltr'><strong>fenestris</strong></span> <span class='ocrx_word' id='word_1_361' title='bbox 769 3443 953 3521; x_wconf 86' lang='lat' dir='ltr'><strong>peletiorum.</strong></span> <span class='ocrx_word' id='word_1_362' title='bbox 999 3442 1111 3520; x_wconf 89' lang='lat' dir='ltr'><strong>Quodsi</strong></span> <span class='ocrx_word' id='word_1_363' title='bbox 1133 3441 1315 3518; x_wconf 86' lang='lat' dir='ltr'><strong>interjectum</strong></span> <span class='ocrx_word' id='word_1_364' title='bbox 1338 3437 1522 3500; x_wconf 87' lang='lat' dir='ltr'><strong>intervellum</strong></span> <span class='ocrx_word' id='word_1_365' title='bbox 1545 3449 1645 3519; x_wconf 78' lang='lat' dir='ltr'><strong>aptum</strong></span> <span class='ocrx_word' id='word_1_366' title='bbox 1736 3453 1737 3462; x_wconf 56' lang='lat'>¹</span> 
     </span>
     <span class='ocr_line' id='line_1_35' title="bbox 301 3523 1737 3609; baseline -0.005 -17"><span class='ocrx_word' id='word_1_367' title='bbox 301 3537 346 3592; x_wconf 90' lang='lat' dir='ltr'><strong>est</strong></span> <span class='ocrx_word' id='word_1_368' title='bbox 367 3529 405 3591; x_wconf 86' lang='lat' dir='ltr'><strong>sd</strong></span> <span class='ocrx_word' id='word_1_369' title='bbox 428 3529 606 3598; x_wconf 81' lang='lat' dir='ltr'><strong>metiendum</strong></span> <span class='ocrx_word' id='word_1_370' title='bbox 628 3533 702 3608; x_wconf 89' lang='lat' dir='ltr'><strong>pods</strong></span> <span class='ocrx_word' id='word_1_371' title='bbox 724 3531 858 3592; x_wconf 87' lang='lat' dir='ltr'><strong>Romeno</strong></span> <span class='ocrx_word' id='word_1_372' title='bbox 881 3533 1018 3609; x_wconf 84' lang='lat' dir='ltr'><strong>entique,</strong></span> <span class='ocrx_word' id='word_1_373' title='bbox 1045 3531 1129 3608; x_wconf 88' lang='lat' dir='ltr'><strong>eujus</strong></span> <span class='ocrx_word' id='word_1_374' title='bbox 1151 3545 1286 3590; x_wconf 81' lang='lat' dir='ltr'><strong>mensure</strong></span> <span class='ocrx_word' id='word_1_375' title='bbox 1308 3534 1355 3588; x_wconf 90' lang='lat' dir='ltr'><strong>est</strong></span> <span class='ocrx_word' id='word_1_376' title='bbox 1374 3528 1451 3588; x_wconf 84' lang='lat' dir='ltr'><strong>letus</strong></span> <span class='ocrx_word' id='word_1_377' title='bbox 1474 3527 1542 3588; x_wconf 88' lang='lat' dir='ltr'><strong>cubi</strong></span> <span class='ocrx_word' id='word_1_378' title='bbox 1566 3545 1646 3588; x_wconf 88' lang='lat' dir='ltr'><strong>eom·</strong></span> <span class='ocrx_word' id='word_1_379' title='bbox 1736 3523 1737 3536; x_wconf 61' lang='lat'>¹</span> 
     </span>
    </p>
   </div>
   <div class='ocr_carea' id='block_1_13' title="bbox 300 3615 1736 4224">
    <p class='ocr_par' dir='ltr' id='par_1_15' title="bbox 300 3615 1736 4042">
     <span class='ocr_line' id='line_1_36' title="bbox 303 3615 1646 3696; baseline -0.004 -17"><span class='ocrx_word' id='word_1_380' title='bbox 303 3625 471 3695; x_wconf 84' lang='lat' dir='ltr'><strong>pntstcrnm</strong></span> <span class='ocrx_word' id='word_1_381' title='bbox 486 3617 684 3680; x_wconf 80' lang='lat' dir='ltr'><strong>Romanorum</strong></span> <span class='ocrx_word' id='word_1_382' title='bbox 707 3627 736 3680; x_wconf 92' lang='lat' dir='ltr'><strong>et</strong></span> <span class='ocrx_word' id='word_1_383' title='bbox 757 3617 899 3696; x_wconf 89' lang='lat' dir='ltr'><strong>liquorem</strong></span> <span class='ocrx_word' id='word_1_384' title='bbox 913 3620 1064 3679; x_wconf 89' lang='lat' dir='ltr'><strong>iontenum</strong></span> <span class='ocrx_word' id='word_1_385' title='bbox 1081 3621 1121 3678; x_wconf 91' lang='grc'><strong>96</strong></span> <span class='ocrx_word' id='word_1_386' title='bbox 1141 3616 1281 3677; x_wconf 81' lang='lat' dir='ltr'><strong>librorum</strong></span> <span class='ocrx_word' id='word_1_387' title='bbox 1294 3615 1375 3678; x_wconf 83' lang='lat' dir='ltr'><strong>Rom.</strong></span> <span class='ocrx_word' id='word_1_388' title='bbox 1398 3616 1555 3692; x_wconf 72' lang='lat' dir='ltr'><strong>copientis:</strong></span> <span class='ocrx_word' id='word_1_389' title='bbox 1579 3623 1646 3674; x_wconf 88' lang='lat' dir='ltr'><strong>tuuc</strong></span> 
     </span>
     <span class='ocr_line' id='line_1_37' title="bbox 300 3702 1645 3787; baseline -0.004 -21"><span class='ocrx_word' id='word_1_390' title='bbox 300 3709 364 3787; x_wconf 90' lang='lat' dir='ltr'><strong>ipso</strong></span> <span class='ocrx_word' id='word_1_391' title='bbox 386 3706 515 3783; x_wconf 88' lang='lat' dir='ltr'><strong>spondeo</strong></span> <span class='ocrx_word' id='word_1_392' title='bbox 539 3706 755 3769; x_wconf 81' lang='lat' dir='ltr'><strong>inclinationem</strong></span> <span class='ocrx_word' id='word_1_393' title='bbox 777 3715 908 3768; x_wconf 81' lang='lat' dir='ltr'><strong>mutuent</strong></span> <span class='ocrx_word' id='word_1_394' title='bbox 930 3704 1200 3784; x_wconf 86' lang='lat' dir='ltr'><strong>perpendicnlomm</strong></span> <span class='ocrx_word' id='word_1_395' title='bbox 1223 3702 1439 3764; x_wconf 87' lang='lat' dir='ltr'><strong>ldoneebisnsis</strong></span> <span class='ocrx_word' id='word_1_396' title='bbox 1465 3708 1495 3762; x_wconf 90' lang='lat' dir='ltr'><strong>ot</strong></span> <span class='ocrx_word' id='word_1_397' title='bbox 1517 3703 1645 3764; x_wconf 75' lang='lat' dir='ltr'><strong>lireiein·</strong></span> 
     </span>
     <span class='ocr_line' id='line_1_38' title="bbox 301 3789 1645 3874; baseline -0.006 -18"><span class='ocrx_word' id='word_1_398' title='bbox 301 3796 400 3874; x_wconf 87' lang='lat' dir='ltr'><strong>gsnsie</strong></span> <span class='ocrx_word' id='word_1_399' title='bbox 425 3803 526 3854; x_wconf 77' lang='lat' dir='ltr'><strong>erecte</strong></span> <span class='ocrx_word' id='word_1_400' title='bbox 553 3797 738 3873; x_wconf 82' lang='lat' dir='ltr'><strong>investigere.</strong></span> <span class='ocrx_word' id='word_1_401' title='bbox 783 3795 959 3873; x_wconf 76' lang='lat' dir='ltr'><strong>Eoopeeto</strong></span> <span class='ocrx_word' id='word_1_402' title='bbox 973 3802 1013 3854; x_wconf 91' lang='lat' dir='ltr'><strong>·et</strong></span> <span class='ocrx_word' id='word_1_403' title='bbox 1033 3790 1255 3870; x_wconf 85' lang='lat' dir='ltr'><strong>cosmogrspbie</strong></span> <span class='ocrx_word' id='word_1_404' title='bbox 1281 3792 1369 3852; x_wconf 84' lang='lat' dir='ltr'><strong>fuerit</strong></span> <span class='ocrx_word' id='word_1_405' title='bbox 1388 3789 1490 3866; x_wconf 82' lang='lat' dir='ltr'><strong>adjuto</strong></span> <span class='ocrx_word' id='word_1_406' title='bbox 1523 3800 1554 3851; x_wconf 91' lang='lat' dir='ltr'><strong>et</strong></span> <span class='ocrx_word' id='word_1_407' title='bbox 1576 3791 1645 3852; x_wconf 80' lang='lat' dir='ltr'><strong>ratio</strong></span> 
     </span>
     <span class='ocr_line' id='line_1_39' title="bbox 302 3878 1736 3960; baseline -0.008 -16"><span class='ocrx_word' id='word_1_408' title='bbox 302 3899 504 3946; x_wconf 89' lang='lat' dir='ltr'><strong>mensursrnrn</strong></span> <span class='ocrx_word' id='word_1_409' title='bbox 518 3885 707 3960; x_wconf 86' lang='lat' dir='ltr'><strong>perpetuiteti</strong></span> <span class='ocrx_word' id='word_1_410' title='bbox 722 3891 900 3957; x_wconf 88' lang='lat' dir='ltr'><strong>consecrste,</strong></span> <span class='ocrx_word' id='word_1_411' title='bbox 923 3878 1067 3958; x_wconf 87' lang='lat' dir='ltr'><strong>siqnidem</strong></span> <span class='ocrx_word' id='word_1_412' title='bbox 1087 3879 1189 3941; x_wconf 77' lang='lat' dir='ltr'><strong>literae</strong></span> <span class='ocrx_word' id='word_1_413' title='bbox 1214 3878 1321 3940; x_wconf 84' lang='lat' dir='ltr'><strong>inerint</strong></span> <span class='ocrx_word' id='word_1_414' title='bbox 1334 3885 1503 3956; x_wconf 82' lang='lat' dir='ltr'><strong>perpetuus.</strong></span> <span class='ocrx_word' id='word_1_415' title='bbox 1553 3881 1646 3948; x_wconf 76' lang='lat' dir='ltr'><strong>(temp.</strong></span> <span class='ocrx_word' id='word_1_416' title='bbox 1735 3879 1736 3884; x_wconf 77' lang='grc'>’</span> 
     </span>
     <span class='ocr_line' id='line_1_40' title="bbox 301 3969 1736 4042; baseline -0.002 -12"><span class='ocrx_word' id='word_1_417' title='bbox 301 3979 347 4040; x_wconf 80' lang='lat'><strong>111,</strong></span> <span class='ocrx_word' id='word_1_418' title='bbox 364 3995 389 4042; x_wconf 87' lang='lat' dir='ltr'><strong>p.</strong></span> <span class='ocrx_word' id='word_1_419' title='bbox 408 3973 478 4037; x_wconf 75' lang='grc'><strong>458.)</strong></span> <span class='ocrx_word' id='word_1_420' title='bbox 1735 3969 1736 3990; x_wconf 66' lang='grc'>’</span> 
     </span>
    </p>

    <p class='ocr_par' dir='ltr' id='par_1_16' title="bbox 301 4051 1646 4224">
     <span class='ocr_line' id='line_1_41' title="bbox 386 4051 1646 4133; baseline -0.008 -13"><span class='ocrx_word' id='word_1_421' title='bbox 386 4057 431 4120; x_wconf 85' lang='lat' dir='ltr'><strong>llo</strong></span> <span class='ocrx_word' id='word_1_422' title='bbox 454 4061 509 4120; x_wconf 84' lang='lat' dir='ltr'><strong>etsi</strong></span> <span class='ocrx_word' id='word_1_423' title='bbox 538 4075 605 4119; x_wconf 85' lang='lat' dir='ltr'><strong>mes</strong></span> <span class='ocrx_word' id='word_1_424' title='bbox 626 4055 700 4118; x_wconf 87' lang='lat' dir='ltr'><strong>nibil</strong></span> <span class='ocrx_word' id='word_1_425' title='bbox 722 4059 850 4130; x_wconf 87' lang='lat' dir='ltr'><strong>interest,</strong></span> <span class='ocrx_word' id='word_1_426' title='bbox 874 4072 962 4133; x_wconf 84' lang='lat' dir='ltr'><strong>quem</strong></span> <span class='ocrx_word' id='word_1_427' title='bbox 984 4053 1147 4132; x_wconf 78' lang='lat' dir='ltr'><strong>inplegsm</strong></span> <span class='ocrx_word' id='word_1_428' title='bbox 1163 4058 1266 4130; x_wconf 83' lang='lat' dir='ltr'><strong>verget</strong></span> <span class='ocrx_word' id='word_1_429' title='bbox 1279 4052 1358 4114; x_wconf 81' lang='lat' dir='ltr'><strong>lines</strong></span> <span class='ocrx_word' id='word_1_430' title='bbox 1376 4057 1553 4114; x_wconf 86' lang='lat' dir='ltr'><strong>connectens</strong></span> <span class='ocrx_word' id='word_1_431' title='bbox 1575 4051 1646 4112; x_wconf 88' lang='lat' dir='ltr'><strong>duos</strong></span> 
     </span>
     <span class='ocr_line' id='line_1_42' title="bbox 301 4139 1646 4224; baseline -0.006 -16"><span class='ocrx_word' id='word_1_432' title='bbox 301 4149 400 4210; x_wconf 86' lang='lat' dir='ltr'><strong>locos:</strong></span> <span class='ocrx_word' id='word_1_433' title='bbox 424 4153 522 4208; x_wconf 85' lang='lat' dir='ltr'><strong>temen</strong></span> <span class='ocrx_word' id='word_1_434' title='bbox 545 4149 570 4206; x_wconf 88' lang='lat' dir='ltr'><strong>si</strong></span> <span class='ocrx_word' id='word_1_435' title='bbox 592 4153 696 4224; x_wconf 86' lang='lat' dir='ltr'><strong>postes</strong></span> <span class='ocrx_word' id='word_1_436' title='bbox 716 4163 768 4224; x_wconf 91' lang='lat' dir='ltr'><strong>per</strong></span> <span class='ocrx_word' id='word_1_437' title='bbox 789 4145 868 4208; x_wconf 92' lang='lat' dir='ltr'><strong>bunc</strong></span> <span class='ocrx_word' id='word_1_438' title='bbox 890 4141 1009 4204; x_wconf 89' lang='lat' dir='ltr'><strong>modum</strong></span> <span class='ocrx_word' id='word_1_439' title='bbox 1037 4141 1188 4220; x_wconf 84' lang='lat' dir='ltr'><strong>explorsrs</strong></span> <span class='ocrx_word' id='word_1_440' title='bbox 1211 4141 1354 4202; x_wconf 80' lang='lat' dir='ltr'><strong>sedemus</strong></span> <span class='ocrx_word' id='word_1_441' title='bbox 1382 4141 1526 4200; x_wconf 78' lang='lat' dir='ltr'><strong>rationem</strong></span> <span class='ocrx_word' id='word_1_442' title='bbox 1550 4139 1646 4201; x_wconf 87' lang='lat' dir='ltr'><strong>direr-</strong></span> 
     </span>
    </p>
   </div>
   <div class='ocr_carea' id='block_1_14' title="bbox 303 4226 1736 4310">
    <p class='ocr_par' dir='ltr' id='par_1_17' title="bbox 303 4226 1736 4310">
     <span class='ocr_line' id='line_1_43' title="bbox 303 4226 1736 4310; baseline -0.005 -16"><span class='ocrx_word' id='word_1_443' title='bbox 303 4253 355 4295; x_wconf 88' lang='lat' dir='ltr'><strong>see</strong></span> <span class='ocrx_word' id='word_1_444' title='bbox 377 4236 527 4294; x_wconf 79' lang='lat' dir='ltr'><strong>curvitatis</strong></span> <span class='ocrx_word' id='word_1_445' title='bbox 549 4233 689 4306; x_wconf 84' lang='lat' dir='ltr'><strong>Telluris,</strong></span> <span class='ocrx_word' id='word_1_446' title='bbox 721 4232 808 4310; x_wconf 86' lang='lat' dir='ltr'><strong>idque</strong></span> <span class='ocrx_word' id='word_1_447' title='bbox 831 4234 908 4291; x_wconf 83' lang='lat' dir='ltr'><strong>intro</strong></span> <span class='ocrx_word' id='word_1_448' title='bbox 929 4246 1017 4290; x_wconf 80' lang='lat' dir='ltr'><strong>unam</strong></span> <span class='ocrx_word' id='word_1_449' title='bbox 1038 4231 1203 4307; x_wconf 80' lang='lat' dir='ltr'><strong>regionem,</strong></span> <span class='ocrx_word' id='word_1_450' title='bbox 1227 4235 1371 4306; x_wconf 86' lang='lat' dir='ltr'><strong>oporteret</strong></span> <span class='ocrx_word' id='word_1_451' title='bbox 1393 4245 1464 4288; x_wconf 84' lang='lat' dir='ltr'><strong>sune</strong></span> <span class='ocrx_word' id='word_1_452' title='bbox 1487 4226 1562 4288; x_wconf 89' lang='lat' dir='ltr'><strong>duss</strong></span> <span class='ocrx_word' id='word_1_453' title='bbox 1586 4245 1646 4288; x_wconf 88' lang='lat' dir='ltr'><strong>esse</strong></span> <span class='ocrx_word' id='word_1_454' title='bbox 1735 4261 1736 4305; x_wconf 53' lang='grc' dir='ltr'><strong>ι</strong></span> 
     </span>
    </p>
   </div>
   <div class='ocr_carea' id='block_1_15' title="bbox 303 4313 1735 4840">
    <p class='ocr_par' dir='ltr' id='par_1_18' title="bbox 303 4313 1735 4840">
     <span class='ocr_line' id='line_1_44' title="bbox 307 4313 1650 4399; baseline -0.007 -15"><span class='ocrx_word' id='word_1_455' title='bbox 307 4323 490 4399; x_wconf 77' lang='lat' dir='ltr'><strong>operationes</strong></span> <span class='ocrx_word' id='word_1_456' title='bbox 513 4328 542 4382; x_wconf 92' lang='lat' dir='ltr'><strong>st</strong></span> <span class='ocrx_word' id='word_1_457' title='bbox 563 4321 642 4382; x_wconf 87' lang='lat' dir='ltr'><strong>lines</strong></span> <span class='ocrx_word' id='word_1_458' title='bbox 662 4320 753 4382; x_wconf 88' lang='lat' dir='ltr'><strong>semel</strong></span> <span class='ocrx_word' id='word_1_459' title='bbox 776 4313 960 4380; x_wconf 62' lang='lat' dir='ltr'><strong>in‘eustrum</strong></span> <span class='ocrx_word' id='word_1_460' title='bbox 983 4317 1078 4380; x_wconf 86' lang='lat' dir='ltr'><strong>semel.</strong></span> <span class='ocrx_word' id='word_1_461' title='bbox 1097 4319 1125 4377; x_wconf 91' lang='lat' dir='ltr'><strong>in</strong></span> <span class='ocrx_word' id='word_1_462' title='bbox 1149 4319 1288 4379; x_wconf 86' lang='lat' dir='ltr'><strong>orientem</strong></span> <span class='ocrx_word' id='word_1_463' title='bbox 1312 4313 1431 4376; x_wconf 87' lang='lat' dir='ltr'><strong>deberet</strong></span> <span class='ocrx_word' id='word_1_464' title='bbox 1452 4316 1571 4392; x_wconf 89' lang='lat' dir='ltr'><strong>porrigi.</strong></span> <span class='ocrx_word' id='word_1_465' title='bbox 1647 4333 1650 4341; x_wconf 55' lang='lat'>¹</span> 
     </span>
     <span class='ocr_line' id='line_1_45' title="bbox 391 4403 1646 4484; baseline -0.006 -17"><span class='ocrx_word' id='word_1_466' title='bbox 391 4406 448 4468; x_wconf 82' lang='lat' dir='ltr'><strong>Sed</strong></span> <span class='ocrx_word' id='word_1_467' title='bbox 472 4408 584 4484; x_wconf 89' lang='lat' dir='ltr'><strong>desino,</strong></span> <span class='ocrx_word' id='word_1_468' title='bbox 606 4425 757 4483; x_wconf 75' lang='lat' dir='ltr'><strong>nunquam</strong></span> <span class='ocrx_word' id='word_1_469' title='bbox 779 4409 857 4468; x_wconf 92' lang='lat' dir='ltr'><strong>enim</strong></span> <span class='ocrx_word' id='word_1_470' title='bbox 880 4407 981 4483; x_wconf 78' lang='lat' dir='ltr'><strong>scripsi</strong></span> <span class='ocrx_word' id='word_1_471' title='bbox 1004 4406 1165 4481; x_wconf 86' lang='lat' dir='ltr'><strong>longiorem</strong></span> <span class='ocrx_word' id='word_1_472' title='bbox 1181 4403 1344 4481; x_wconf 87' lang='lat' dir='ltr'><strong>epistolem,</strong></span> <span class='ocrx_word' id='word_1_473' title='bbox 1367 4419 1455 4480; x_wconf 84' lang='lat' dir='ltr'><strong>quem</strong></span> <span class='ocrx_word' id='word_1_474' title='bbox 1477 4419 1544 4462; x_wconf 89' lang='lat' dir='ltr'><strong>cnm</strong></span> <span class='ocrx_word' id='word_1_475' title='bbox 1567 4404 1646 4462; x_wconf 91' lang='lat' dir='ltr'><strong>initio</strong></span> 
     </span>
     <span class='ocr_line' id='line_1_46' title="bbox 303 4485 1735 4568; baseline -0.003 -12"><span class='ocrx_word' id='word_1_476' title='bbox 303 4494 478 4556; x_wconf 83' lang='lat' dir='ltr'><strong>Novembris</strong></span> <span class='ocrx_word' id='word_1_477' title='bbox 508 4513 602 4558; x_wconf 89' lang='lat' dir='ltr'><strong>essem</strong></span> <span class='ocrx_word' id='word_1_478' title='bbox 630 4485 770 4568; x_wconf 82' lang='lat' dir='ltr'><strong>ex&#39;orsns,</strong></span> <span class='ocrx_word' id='word_1_479' title='bbox 800 4496 848 4554; x_wconf 86' lang='lat' dir='ltr'><strong>vix</strong></span> <span class='ocrx_word' id='word_1_480' title='bbox 878 4493 981 4568; x_wconf 89' lang='lat' dir='ltr'><strong>hodie,</strong></span> <span class='ocrx_word' id='word_1_481' title='bbox 1012 4497 1062 4554; x_wconf 82' lang='lat' dir='ltr'><strong>tt.</strong></span> <span class='ocrx_word' id='word_1_482' title='bbox 1085 4492 1259 4554; x_wconf 84' lang='lat' dir='ltr'><strong>Novembris</strong></span> <span class='ocrx_word' id='word_1_483' title='bbox 1285 4489 1365 4550; x_wconf 88' lang='lat' dir='ltr'><strong>linio.</strong></span> <span class='ocrx_word' id='word_1_484' title='bbox 1408 4489 1471 4550; x_wconf 87' lang='lat' dir='ltr'><strong>Neo</strong></span> <span class='ocrx_word' id='word_1_485' title='bbox 1494 4493 1646 4568; x_wconf 72' lang='lat' dir='ltr'><strong>quicquan</strong></span> <span class='ocrx_word' id='word_1_486' title='bbox 1734 4517 1735 4530; x_wconf 44' lang='grc' dir='ltr'><strong>ι</strong></span> 
     </span>
     <span class='ocr_line' id='line_1_47' title="bbox 304 4581 746 4662; baseline -0.005 -18"><span class='ocrx_word' id='word_1_487' title='bbox 304 4589 456 4662; x_wconf 83' lang='lat' dir='ltr'><strong>prsetores</strong></span> <span class='ocrx_word' id='word_1_488' title='bbox 478 4581 559 4642; x_wconf 84' lang='lat' dir='ltr'><strong>elisei</strong></span> <span class='ocrx_word' id='word_1_489' title='bbox 582 4586 611 4642; x_wconf 88' lang='lat' dir='ltr'><strong>in</strong></span> <span class='ocrx_word' id='word_1_490' title='bbox 631 4582 746 4644; x_wconf 88' lang='lat' dir='ltr'><strong>studiis.</strong></span> 
     </span>
     <span class='ocr_line' id='line_1_48' title="bbox 392 4655 1646 4744; baseline -0.01 -12"><span class='ocrx_word' id='word_1_491' title='bbox 392 4669 436 4732; x_wconf 81' lang='lat' dir='ltr'><strong>Ex</strong></span> <span class='ocrx_word' id='word_1_492' title='bbox 464 4667 585 4730; x_wconf 87' lang='lat' dir='ltr'><strong>sedibus</strong></span> <span class='ocrx_word' id='word_1_493' title='bbox 615 4672 685 4732; x_wconf 92' lang='lat' dir='ltr'><strong>olim</strong></span> <span class='ocrx_word' id='word_1_494' title='bbox 708 4669 900 4733; x_wconf 81' lang='lat' dir='ltr'><strong>Grsmeriunis</strong></span> <span class='ocrx_word' id='word_1_495' title='bbox 928 4684 944 4726; x_wconf 91' lang='lat' dir='ltr'><strong>e</strong></span> <span class='ocrx_word' id='word_1_496' title='bbox 972 4668 1092 4744; x_wconf 89' lang='lat' dir='ltr'><strong>regione</strong></span> <span class='ocrx_word' id='word_1_497' title='bbox 1119 4665 1299 4726; x_wconf 86' lang='lat' dir='ltr'><strong>Jesniterum</strong></span> <span class='ocrx_word' id='word_1_498' title='bbox 1329 4661 1367 4724; x_wconf 84' lang='lat' dir='ltr'><strong>ed</strong></span> <span class='ocrx_word' id='word_1_499' title='bbox 1397 4670 1525 4740; x_wconf 84' lang='lat' dir='ltr'><strong>pontem</strong></span> <span class='ocrx_word' id='word_1_500' title='bbox 1575 4655 1646 4726; x_wconf 75' lang='lat' dir='ltr'><strong>boe.</strong></span> 
     </span>
     <span class='ocr_line' id='line_1_49' title="bbox 305 4751 1444 4840; baseline -0.01 -19"><span class='ocrx_word' id='word_1_501' title='bbox 305 4760 386 4837; x_wconf 81' lang='lat' dir='ltr'><strong>Meg.</strong></span> <span class='ocrx_word' id='word_1_502' title='bbox 410 4757 446 4818; x_wconf 89' lang='grc' dir='ltr'><strong>Τ.</strong></span> <span class='ocrx_word' id='word_1_503' title='bbox 770 4831 774 4840; x_wconf 24' lang='grc' dir='ltr'>ι</span> <span class='ocrx_word' id='word_1_504' title='bbox 1206 4751 1444 4821; x_wconf 69' lang='lat' dir='ltr'><strong>,officiosissimus</strong></span> 
     </span>
    </p>
   </div>
   <div class='ocr_carea' id='block_1_16' title="bbox 1086 4836 1542 4916">
    <p class='ocr_par' dir='ltr' id='par_1_19' title="bbox 1086 4836 1542 4916">
     <span class='ocr_line' id='line_1_50' title="bbox 1086 4836 1542 4916; baseline -0.013 -12"><span class='ocrx_word' id='word_1_505' title='bbox 1086 4839 1119 4904; x_wconf 77' lang='lat' dir='ltr'><strong>J,</strong></span> <span class='ocrx_word' id='word_1_506' title='bbox 1143 4836 1288 4916; x_wconf 77' lang='lat' dir='ltr'><strong>Kbcpler,</strong></span> <span class='ocrx_word' id='word_1_507' title='bbox 1311 4837 1542 4902; x_wconf 79' lang='lat' dir='ltr'><strong>msthemsticus.</strong></span> 
     </span>
    </p>
   </div>
   <div class='ocr_carea' id='block_1_17' title="bbox 0 0 1757 5548">
    <p class='ocr_par' dir='ltr' id='par_1_20' title="bbox 0 0 1757 5548">
     <span class='ocr_line' id='line_1_51' title="bbox 0 0 1757 5548; baseline 0 0"><span class='ocrx_word' id='word_1_508' title='bbox 0 0 1757 5548; x_wconf 95' lang='lat' dir='ltr'><strong> </strong></span> 
     </span>
    </p>
   </div>
  </div>
 </body>
</html>
