3480 5548
293 394 335 489 4}
379 409 387 428 ·
673 389 814 460 Epistulas
832 389 942 461 Kepleri
960 389 1128 460 aliorumque
1144 395 1253 447 mutare

294 574 406 632 tuntum
428 569 563 631 flectione
584 575 694 644 mutua,
717 569 769 630 sed
791 568 863 631 iliud
884 585 938 646 pro
960 567 1114 643 ouantia
1130 569 1194 632 boc
1214 585 1268 647 pro
1280 569 1469 633 munsture
1483 567 1635 647 mrum.

243 678 250 694 ·
294 655 377 718 ldcm
398 659 524 719 iacerem
547 675 665 720 exorsus
688 677 707 719 a
728 656 957 734 lbaussylrania
978 673 1029 734 por
1051 653 1227 734 Ungariam,
1257 656 1349 737 Alpes
1372 657 1499 736 Styrias,
1522 655 1636 718 Helve-

297 746 376 819 tiam,
398 744 620 820 Petemondam,
645 744 769 819 Gallias,
792 745 974 822 Pyrenaeum
997 761 1089 821 usque
1105 744 1341 822 Compoatellam.
1386 746 1421 805 ln
1444 753 1526 806 nuto
1549 747 1636 823 igitur

296 835 392 911 spatio
414 832 499 894 facile
520 838 634 911 pateret
654 834 773 894 veritas.
819 831 874 892 Vel
897 834 972 892 irent
994 831 1052 893 duo
1074 833 1169 907 simul,
1192 849 1305 911 semper
1327 835 1423 912 spatio
1440 835 1468 906 b,
1494 835 1522 906 6,
1548 837 1564 891 i
1589 832 1637 892 vel

302 923 340 981 10
364 917 532 981 milliarium
555 921 712 994 distantes,
734 921 784 997 qui
806 920 941 980 noctibus
963 935 1016 995 per
1039 921 1234 980 internuncios
1256 924 1439 994 constitutos,
1463 922 1638 981 ementium

295 1007 454 1068 verticibus
475 1009 592 1085 ignibus
615 1009 751 1068 excitatis·
769 1009 904 1080 inuicem,
926 1008 1011 1083 signa
1033 1007 1144 1068 darent
1180 1007 1247 1070 Hoc
1265 1010 1306 1070 ibi
1320 1011 1456 1082 maxime,
1479 1010 1531 1069 ubi
1553 1023 1638 1067 mou-

295 1104 354 1170 tea,
383 1097 434 1173 qui
456 1094 529 1155 adiri
551 1103 687 1172 possunt,
714 1094 894 1156 horizontem
916 1109 975 1153 nou
997 1096 1162 1156 terminant.
1205 1095 1240 1155 In
1262 1095 1318 1156 bac
1339 1097 1481 1157 societate
1515 1091 1638 1155 dusium

297 1191 326 1246 et
348 1183 405 1243 boo
426 1184 534 1244 inesset
555 1181 717 1256 commodi,
746 1181 824 1258 quod
848 1183 877 1240 in
899 1181 993 1242 reditu
1017 1185 1114 1244 omnia
1137 1182 1284 1244 emendari
1304 1191 1425 1261 possent
1447 1191 1478 1244 at
1499 1182 1640 1258 ambigua
1736 1249 1737 1258 χ

296 1269 410 1330 discuti.
454 1269 612 1346 Splendida
645 1288 704 1332 me*
724 1268 848 1338 tabulari
877 1270 1011 1346 putabis;
1043 1277 1074 1330 at
1105 1287 1160 1348 ego
1189 1272 1218 1329 in
1248 1270 1345 1349 Styria
1378 1271 1433 1332 loci
1463 1268 1638 1348 periculum:
1736 1281 1737 1336 i

296 1357 415 1436 ascendi
438 1359 514 1418 enim
538 1357 612 1420 duos
634 1365 747 1418 montes
770 1365 800 1416 ot
821 1363 975 1433 utrumque
997 1373 1032 1416 ex
1054 1356 1147 1420 altero
1169 1357 1294 1434 libravi3
1317 1359 1416 1419 inveni
1439 1361 1640 1418 curvationum
1736 1355 1737 1380 ³

294 1444 376 1524 globi
399 1447 504 1506 terreni
530 1447 568 1506 19
591 1447 776 1516 minutorum,
800 1441 985 1526 iumrvallum
1007 1446 1217 1506 aestimabatur
1233 1447 1251 1504 5
1267 1445 1442 1508 milliarium
1479 1443 1547 1506 Hoc
1568 1461 1640 1506 vero

295 1549 439 1592 nonaum
462 1549 582 1593 mensus
605 1532 802 1592 instrumentis
826 1533 957 1606 risoriis,
985 1537 1019 1596 ui
1039 1535 1216 1608 potuissem,
1247 1533 1326 1611 quod
1347 1532 1443 1595 solum
1464 1531 1549 1594 deest
1570 1549 1640 1610 per-

294 1619 571 1696 iecb’onicxempli.
1092 1663 1093 1666 ,
1490 1677 1492 1682 .

388 1705 577 1768 Probabilem
599 1707 748 1770 existimas
770 1709 944 1768 sententiam
960 1707 1084 1768 Tbevcti
1106 1724 1143 1768 ox
1158 1724 1203 1780 eo,
1227 1707 1306 1786 quod
1322 1725 1443 1785 magnes
1465 1707 1543 1767 omui
1557 1714 1642 1784 parte

294 1796 341 1855 sui
363 1793 458 1856 soleat
479 1795 609 1857 imbuere
623 1795 739 1856 ferrum.
777 1796 874 1872 Atque
896 1794 953 1855 hoa
967 1793 1040 1855 nibil
1054 1793 1164 1856 indicat
1187 1787 1224 1856 de
1243 1796 1337 1872 figura
1356 1810 1411 1856 seu
1424 1795 1568 1872 magnetis
1586 1811 1641 1856 seu

295 1881 418 1956 Terrae,
440 1881 492 1944 scd
515 1888 628 1943 tautum
641 1881 686 1961 de
708 1889 814 1946 natura
836 1884 960 1957 virtutis,
984 1901 1060 1959 quae
1082 1882 1181 1961 polum
1200 1885 1287 1960 petit,
1310 1882 1388 1960 quod
1402 1883 1514 1944 seilicet
1536 1881 1589 1942 illa
1611 1883 1641 1941 in

301 1976 411 2030 rectam
433 1972 597 2047 porrigatur
619 1969 756 2047 quodque
779 1972 905 2030 situum
927 1987 1047 2047 corpore
1062 1972 1208 2048 magnetis
1223 1969 1390 2051 divisibilis,
1412 1972 1455 2032 sic
1469 1977 1503 2030 ut
1525 1972 1555 2028 in
1577 1971 1641 2030 sin·

322 2204 328 2226 ,
384 2145 430 2204 De
452 2145 612 2206 stadiorum
634 2162 769 2220 numero,
801 2162 877 2222 quae
900 2147 949 2203 uni
971 2146 1075 2222 gradui
1098 2144 1217 2206 coelesti
1240 2149 1423 2220 competunt,
1452 2159 1523 2203 saue
1545 2144 1641 2202 incer-

297 2237 358 2290 tum
381 2238 463 2309 puto.
506 2233 583 2293 llam
605 2250 662 2293 non
686 2232 780 2294 solum
803 2233 839 2294 de
861 2231 947 2292 stadii
971 2235 1134 2309 quantitate
1157 2232 1330 2293 dissentiunt
1352 2237 1480 2305 veteres,
1503 2246 1555 2290 seu
1579 2229 1641 2288 dis·

297 2321 405 2381 sentire
427 2337 546 2382 necessa
569 2327 622 2396 est,
646 2320 816 2398 compedis
838 2336 974 2380 mensura
996 2337 1054 2384 non
1075 2321 1163 2382 luent
1184 2337 1252 2393 una,
1275 2319 1327 2380 sed
1348 2320 1438 2378 etiam
1459 2316 1572 2378 lubrica
1594 2333 1640 2376 res

297 2415 358 2481 est,
388 2406 578 2469 determinare
607 2425 697 2468 uuum
725 2408 848 2486 gradum
877 2406 1002 2468 coeleste
1031 2411 1058 2468 in
1083 2407 1187 2485 Tema3
1218 2424 1333 2484 semper
1359 2409 1435 2466 euim
1465 2403 1501 2465 ds
1529 2403 1642 2480 aliquot

297 2495 416 2555 minutis
440 2494 597 2570 dubitatur,
621 2513 697 2572 quae
718 2494 827 2573 negligi
850 2511 908 2558 uon
931 2494 1078 2570 deberent,
1102 2495 1227 2572 denique
1249 2495 1274 2554 si
1290 2488 1414 2554 manime
1431 2493 1561 2554 edantur
1583 2491 1640 2550 duo

243 2635 246 2642 .
296 2581 364 2644 loca
385 2581 508 2659 Terrae,
531 2585 691 2662 inquibus
713 2591 758 2644 est
780 2580 941 2644 differentia
964 2585 1049 2644 unius
1071 2583 1179 2661 gradus
1200 2581 1340 2660 praecise,
1364 2584 1393 2640 in
1415 2582 1641 2657 septentrionem

201 2711 204 2718 t
297 2675 475 2730 tamennon
498 2669 591 2730 lacile-
607 2671 699 2732 metiri
721 2687 877 2747 possumus
899 2667 982 2730 illum
1002 2671 1109 2732 Terras
1132 2677 1264 2744 tractum,
1287 2686 1402 2746 semper
1424 2670 1500 2729 enim
1523 2666 1642 2728 obstant

298 2764 352 2818 aut
377 2757 511 2830 flumina,
534 2765 586 2818 aut
613 2765 740 2832 montes,
764 2757 872 2833 silvae,
895 2756 1033 2836 paludes,
1057 2760 1121 2836 agri
1143 2757 1214 2818 culti
1237 2765 1291 2819 cic.
1336 2756 1435 2818 Rciert
1458 2755 1641 2816 chrisimon·

297 2861 353 2905 nus
376 2847 582 2906 commentario
605 2863 692 2923 super
708 2845 896 2924 Aliraganum
919 2841 991 2927 (nisi
1013 2846 1087 2908 forte
1108 2847 1172 2922 ipse
1187 2844 1373 2922 Attraganus,
1397 2843 1469 2904 liber
1484 2845 1562 2904 onim
1585 2859 1640 2902 non

299 2939 344 2992 est
375 2929 413 2993 ad
444 2927 564 3014 manus)
588 2934 701 2996 Arabas
733 2950 849 3012 quoque
872 2932 1089 2996 Baldacbansea
1118 2934 1173 2994 sub
1199 2949 1267 3010 roge
1290 2930 1437 2992 Maimone
1465 2931 1535 2992 buia
1558 2947 1642 2992 curae

298 3021 480 3095 incubuisse,
502 3028 535 3082 ut
555 3021 743 3083 emendarent
764 3021 842 3082 bunc
862 3020 1024 3084 stadiorum
1047 3024 1075 3080 in
1099 3037 1156 3090 uuo
1178 3018 1271 3096 gradu
1293 3036 1453 3079 numerurm

384 3106 517 3185 Rogatus
538 3109 601 3186 ipso
623 3117 690 3172 aute
712 3109 861 3170 biennium
875 3111 913 3174 ab
930 3108 1062 3171 illectura
1077 3107 1252 3182 Coloniensi,
1275 3109 1317 3166 sio
1337 3105 1482 3184 respondi,
1505 3113 1539 3164 ut
1554 3103 1643 3182 paulo

297 3195 392 3273 prius3
416 3194 452 3256 de
474 3196 565 3259 Tarra
587 3197 723 3260 videlicet
744 3197 891 3260 metienda
912 3197 975 3256 aino
997 3199 1104 3258 intuitu
1127 3194 1200 3256 coeli
1215 3213 1251 3256 ex
1268 3193 1389 3254 duorum
1404 3194 1535 3254 lotorum
1550 3191 1642 3252 libra-

298 3285 379 3344 tione
402 3291 510 3345 mutua.
535 3283 595 3344 'Et
616 3285 739 3363 subjecit
762 3287 825 3362 ipse
850 3283 1072 3346 commoditates
1093 3284 1241 3356 locorum,
1271 3283 1295 3341 si
1318 3281 1392 3343 benc
1413 3281 1547 3354 memini,
1577 3279 1645 3340 Mo·

300 3370 436 3432 naabium
459 3381 487 3432 et
509 3372 692 3447 Frcisingum
716 3372 893 3450 appellavit,
917 3389 1040 3449 quorum
1063 3373 1193 3434 locorum
1216 3387 1251 3430 ex
1275 3368 1367 3430 altero
1393 3371 1424 3426 iu
1446 3366 1569 3428 alterum
1591 3385 1646 3444 pa·

300 3467 362 3520 teat
383 3467 553 3538 prospectus
576 3477 592 3520 e
614 3460 747 3522 fenestris
768 3459 953 3537 palatiorum.
999 3459 1111 3536 Quodsi
1133 3457 1314 3533 interjectum
1337 3453 1522 3517 intervallum
1544 3465 1646 3534 aptum

301 3553 346 3609 est
367 3545 407 3606 ad
427 3547 606 3614 metiendum
627 3549 702 3626 pede
725 3547 858 3608 Romano
881 3550 1019 3626 antiquo,
1045 3547 1129 3622 eujus
1151 3561 1286 3606 mausona
1308 3550 1355 3604 est
1374 3543 1451 3602 latus
1474 3543 1541 3602 cubi
1566 3561 1647 3604 com-

304 3640 471 3712 putatorem
486 3634 684 3697 Romauomm
707 3642 738 3696 et
757 3635 899 3712 liquorem
914 3635 1065 3696 fontanum
1081 3635 1121 3694 96
1142 3630 1282 3694 librarum
1293 3630 1375 3693 Rom
1398 3630 1556 3707 capientis:
1580 3639 1648 3690 tuuc

300 3725 365 3804 ipse
387 3723 516 3800 spondeo
539 3723 755 3786 inclinationem
777 3730 908 3784 mutuam
930 3719 1200 3800 perpendiculomm
1223 3717 1439 3778 Monacbiensis
1465 3724 1495 3776 et
1517 3717 1646 3778 Froisin-

302 3811 401 3892 gensis
425 3819 526 3872 crecta
553 3813 738 3890 investigare
784 3811 852 3884 Hoc¹
872 3819 960 3888 pacto
973 3817 1013 3870 ὀι
1034 3806 1255 3886 cosmographia
1282 3806 1368 3867 luerit
1389 3804 1491 3882 adjuta
1523 3815 1554 3866 et
1576 3807 1648 3868 ratio

303 3915 504 3970 mensurarum
518 3901 706 3978 perpetuitati
723 3907 900 3972 consecrata,
923 3893 1067 3974 siquidem
1087 3895 1190 3956 literae
1214 3893 1321 3954 luerint
1334 3901 1503 3970 perpetuae.
1553 3895 1648 3963 (comp.

301 3995 348 4058 ΙΙΙ,
365 4010 390 4059 p.
409 3990 478 4053 458.)

387 4073 432 4136 Ac
454 4076 510 4135 etsi
540 4090 605 4135 mea
627 4073 700 4133 nihil
723 4075 850 4147 interest,
874 4089 962 4150 quam
984 4070 1146 4149 inplagam
1164 4075 1267 4146 vergat
1279 4067 1358 4128 linea
1376 4074 1553 4128 connectens
1576 4065 1648 4128 duos

301 4164 400 4227 iocos:
424 4168 523 4223 tamen
546 4163 571 4222 si
592 4169 696 4238 postea
716 4179 768 4239 per
790 4161 867 4226 hunc
890 4158 1009 4220 modum
1037 4157 1188 4236 explorare
1211 4156 1354 4219 vellemus
1383 4157 1526 4216 rationem
1550 4154 1649 4216 diuer-
1736 4191 1737 4216 t

303 4269 356 4312 sae
378 4251 528 4310 curvitatis
549 4249 690 4322 Telluris,
721 4248 809 4326 idque
832 4251 908 4308 intra
930 4263 1017 4307 unam
1039 4247 1203 4324 regionem,
1228 4250 1372 4322 oporteret
1393 4260 1464 4302 sane
1487 4240 1562 4304 duas
1586 4260 1648 4304 esse

307 4339 490 4416 operationes
513 4342 542 4397 et
563 4336 642 4397 linea
663 4335 753 4396 semel
776 4331 960 4395 in'austrum
983 4333 1078 4396 semel.
1098 4336 1125 4392 in
1149 4335 1288 4394 orientem
1312 4329 1430 4392 deberet
1451 4330 1570 4407 porrigi.
1650 4349 1652 4357 ·

391 4422 449 4483 Sed
473 4424 585 4500 desino,
607 4441 757 4500 uunquam
779 4425 858 4484 euim
880 4425 982 4499 scripsi
1004 4423 1165 4498 longiorem
1181 4419 1344 4496 epistolam,
1367 4435 1455 4495 quam
1477 4434 1545 4476 cum
1567 4419 1648 4478 initio
1736 4455 1737 4500 ,

258 4541 260 4544 ·
304 4511 478 4573 Novembris
509 4529 602 4574 essem
631 4501 770 4586 ex'orsus,
800 4512 849 4572 vis
878 4508 981 4586 bodie,
1012 4513 1062 4569 ut.
1085 4508 1259 4570 Novembris
1286 4505 1365 4565 linio.
1408 4505 1471 4565 Nec
1494 4507 1648 4583 quicquam

304 4605 457 4678 praeterea
479 4598 560 4658 effeci
582 4602 611 4658 in
632 4598 746 4660 studiis.

393 4686 438 4746 lix
465 4684 586 4746 aedibus
616 4687 685 4750 olim
708 4685 901 4748 Oramorianls
928 4701 944 4744 e
972 4684 1093 4760 regione
1118 4681 1299 4742 Jesuitarum
1330 4677 1367 4738 ad
1397 4686 1525 4756 ponmm.
1575 4671 1648 4744 Nob.

305 4777 386 4854 Mag·
410 4773 446 4835 Τ.
770 4847 774 4856 Ι
1207 4765 1444 4836 ,officiosissimus

1086 4855 1119 4922 ,1.
1143 4852 1288 4932 Klepler,
1311 4853 1543 4918 mathematicus.
