3564 5540
252 413 312 476 118
691 406 912 475 cerignana
927 405 1172 464 mentusca·
1234 469 1240 482 ⁸

119 577 125 601 '
241 596 278 640 ne
301 581 342 639 sic
364 580 472 654 quidem
494 582 664 640 continuatio
687 581 809 638 succedit
834 583 863 638 in
885 579 1033 654 infinitum
1058 588 1102 640 est
1126 584 1198 640 enim
1221 583 1381 642 insociabile
1405 583 1596 658 aquescens

243 661 366 732 regnum,
396 678 466 734 quas
484 662 579 733 paucis
598 679 708 719 suumn
726 662 838 720 adscitis
856 662 996 719 statimne
1014 664 1108 720 munit.
1145 665 1218 720 Ecce
1236 655 1348 722 iorrna's'
1361 664 1412 720 has
1429 665 1498 722 duas
1517 666 1598 722 etisrs

244 741 329 813 aliter,
348 742 428 798 litera
445 741 494 797 Aa.
532 739 636 810 Quodsi
654 741 812 798 continuare
831 741 939 797 omnino
950 740 1034 810 selis,
1052 748 1175 820 monstra
1186 742 1319 815 quaedam
1337 751 1401 799 suut
1412 743 1597 818 adsmsoends,

246 822 300 879 duo
319 821 450 894 decagoni
466 821 538 877 inter
555 835 585 876 se
603 821 746 890 commissi,
766 823 873 880 extritis
890 822 918 876 in
937 827 1053 892 utroque
1071 819 1141 876 binis
1154 821 1300 890 lateribus;
1318 821 1403 892 fitque
1415 823 1500 878 series
1513 830 1598 880 struc-

187 947 191 960 .
243 905 322 956 turae
354 899 557 974 quinquangula
580 900 660 956 etiam
684 901 712 956 in
729 901 835 958 infinita
853 901 1067 971 continuatione,
1095 901 1133 957 sic
1153 907 1183 958 ut
1208 902 1237 956 in
1253 901 1342 971 prima
1360 909 1388 958 et
1409 903 1601 972 angustissima

249 980 476 1052 quinquangulari
501 980 571 1036 serie
593 980 647 1035 sint
673 979 805 1051 decagoni
830 983 963 1053 quinque,
988 979 1092 1036 nullum
1110 986 1262 1036 monstrum
1285 979 1487 1052 intermedium
1513 983 1542 1038 in
1559 997 1599 1036 se·

245 1059 335 1113 cunda
353 1058 450 1114 laxiori
473 1061 557 1116 series
583 1059 699 1116 lineares
724 1059 937 1130 decsngulorum
960 1058 1082 1116 mediant
1098 1058 1222 1130 singulae
1240 1058 1355 1128 copulae
1379 1075 1414 1114 ex
1432 1059 1504 1116 binis
1523 1059 1599 1119 deos·

245 1138 324 1205 gonis
342 1139 413 1193 inter
431 1154 460 1193 ae
478 1138 642 1209 commissis,
666 1139 695 1194 in
713 1140 794 1194 tertia
813 1139 983 1207 singulorum
1000 1139 1163 1210 angulorum
1180 1139 1242 1194 loca
1260 1144 1397 1208 occupant
1415 1137 1539 1208 singulae
1556 1153 1602 1192 ro·

245 1213 327 1285 pnlae
344 1231 379 1272 ex
396 1217 466 1270 binis
484 1217 629 1288 decagonis
648 1217 719 1273 inter
737 1233 767 1272 se
785 1218 951 1288 commissis,
971 1233 1038 1290 quas
1057 1217 1160 1275 mediat
1177 1218 1333 1287 decagonus
1354 1233 1440 1289 unus3
1458 1219 1486 1272 in
1505 1227 1602 1290 quarta

245 1299 319 1351 stant
342 1312 450 1352 rursum
473 1295 571 1368 integri
588 1297 721 1368 decagoni
742 1297 770 1352 in
792 1296 915 1366 angulis,
937 1297 1110 1368 mediamque
1134 1297 1212 1354 binos
1234 1297 1349 1368 angulos
1373 1296 1430 1352 bini
1448 1297 1602 1375 decagoni„

248 1373 373 1444 dispositi
396 1373 554 1447 aequalibus
577 1376 742 1448 intervallis;
767 1377 796 1430 in
818 1377 912 1446 quinta
936 1383 1010 1434 stant
1027 1375 1125 1432 stellae
1150 1392 1212 1436 cum
1235 1375 1348 1449 singulis
1366 1378 1495 1434 mnemia
1518 1378 1600 1432 radii.

246 1454 275 1510 in
293 1454 405 1524 singulis
423 1455 539 1524 angulis,
557 1455 672 1527 implent
689 1470 753 1510 rere
770 1453 856 1510 linem
875 1455 931 1510 bini
948 1455 1080 1526 decagoni
1097 1456 1196 1524 integri
1220 1463 1249 1511 et
1272 1455 1300 1510 in
1318 1454 1407 1511 medio
1425 1455 1512 1512 binae
1531 1473 1588 1512 com

247 1533 378 1590 missuras
404 1536 609 1609 decagcuorurn.
644 1535 683 1590 Et
707 1535 746 1590 sic
769 1541 968 1604 consequenter
991 1535 1186 1605 unaquaelibet
1208 1535 1297 1590 forma
1321 1535 1525 1607 quinquangula
1549 1535 1601 1597 iert

247 1611 309 1745 quiqui
336 1613 448 1684 aliquid.
477 1615 634 1686 ,structura
660 1621 703 1668 est
727 1611 941 1669 laboriosissima
968 1619 997 1668 et
1023 1613 1261 1680 mtfficiosisuma,
1288 1612 1400 1670 urenda
1427 1613 1461 1668 ad
1489 1615 1600 1680 eandem

280 1705 354 1746 eram
372 1694 421 1749 Aa.

335 1771 397 1828 Huc
415 1773 497 1830 etiarn
514 1773 587 1829 refer
604 1771 711 1829 stellam
729 1768 916 1842 decangnlam,
933 1771 962 1826 in
980 1769 1060 1840 cnjus
1078 1785 1175 1826 carum
1192 1769 1322 1840 angulum
1343 1771 1468 1840 congruit
1486 1771 1601 1841 angulus

247 1851 409 1922 pentagoni3
431 1860 460 1909 et
477 1853 595 1909 vicissim
620 1850 690 1907 radii
714 1851 770 1906 bini
788 1849 924 1905 trideciles
946 1867 1008 1906 cum
1026 1849 1096 1906 binis
1119 1850 1308 1922 pentagonicis
1333 1858 1485 1920 congruunt
1511 1858 1540 1907 ct
1557 1852 1602 1906 im-

248 1926 325 1995 plent
336 1929 427 1986 locum
440 1932 564 1988 solidum.
596 1933 671 1987 llaec
683 1932 771 1987 forma
782 1931 879 2000 recipit
891 1928 1049 1998 inaequales
1060 1935 1241 1998 pentagonus,
1262 1936 1291 1985 st
1301 1930 1366 1986 licet
1383 1931 1419 1987 sit
1437 1927 1601 1986 continuabi-

248 2003 297 2076 lis,
315 2009 412 2078 recipit
430 2017 521 2066 minen
538 2013 565 2066 in
583 2011 701 2067 medium
717 2026 818 2066 vacuos
836 2010 988 2079 decagonus
1006 2009 1121 2064 hiulcus.
1156 2009 1312 2065 Formaest
1330 2010 1443 2066 msends
1455 2009 1534 2065 litera
1553 2009 1601 2063 Bb.

337 2087 512 2160 Pentagonus
531 2105 601 2146 unus
618 2090 647 2146 in
665 2097 804 2146 ternorum
826 2089 971 2158 planorum
989 2089 1115 2159 copulam
1133 2088 1235 2144 assumi
1258 2105 1314 2144 non
1331 2095 1437 2159 potest,
1461 2105 1526 2145 narn
1544 2089 1602 2157 ejus

250 2165 367 2237 angulus
385 2167 469 2226 habet
487 2171 502 2244 ξ
522 2170 602 2226 unius
621 2170 702 2240 recti,
721 2185 770 2239 per
787 2169 810 2225 1.
830 2169 876 2226 33:
901 2185 965 2238 ergo
989 2167 1097 2237 angulis
1122 2167 1230 2224 duobus
1253 2167 1365 2240 reliquis
1387 2169 1604 2238 relinquerentur

255 2245 293 2318 ¹3⁴,
313 2245 422 2304 cuilibet
439 2249 476 2321 ᾖ)
487 2251 595 2320 qualem
612 2249 688 2305 nulla
705 2249 791 2318 figura
807 2249 899 2305 babet.
935 2248 995 2304 Nec
1012 2247 1083 2303 sumi
1100 2254 1217 2318 possunt
1234 2247 1371 2318 hexagoni
1389 2248 1459 2304 duo:
1481 2263 1546 2304 nam
1563 2263 1603 2303 rs·

251 2323 360 2380 siduum
378 2332 420 2382 est
440 2327 521 2384 etiam
539 2330 675 2398 hermoni
698 2329 812 2398 angulus
831 2334 860 2386 et
876 2328 908 2383 fit
924 2326 1012 2384 forms
1035 2327 1161 2397 superius
1179 2327 1282 2392 relata
1305 2343 1365 2384 cum
1386 2343 1438 2384 nos
1459 2328 1506 2383 bic
1523 2341 1604 2396 quse-

250 2417 341 2458 raruus
359 2411 511 2466 structuras
530 2423 565 2463 ex
583 2407 688 2464 duabus
708 2406 866 2478 speciebus,
888 2424 943 2464 non
961 2422 997 2462 cx
1014 2407 1111 2463 unicae
1130 2405 1231 2476 speciei
1249 2407 1351 2476 figuris.
1388 2408 1443 2462 Per
1460 2413 1604 2478 sequentes

251 2481 424 2552 plurilateras
441 2487 551 2556 figuras,
571 2503 685 2558 quarum
704 2486 819 2554 angulus
837 2486 924 2555 major
942 2494 984 2543 est
1002 2487 1184 2556 hexagonico,
1207 2486 1354 2543 subtractis
1372 2485 1479 2542 duobus
1498 2485 1605 2555 angulis

252 2563 419 2634 adrectis,
443 2565 606 2635 relinquitur
629 2581 679 2635 pro
697 2565 802 2637 reliquo
821 2565 923 2635 minus,
948 2581 1029 2637 quam
1047 2565 1130 2621 habet
1154 2565 1350 2634 hexagonicns:
1379 2578 1434 2620 uno
1462 2578 1525 2618 nero
1544 2562 1604 2618 snb·

252 2644 354 2708 mecm,
377 2644 466 2698 minus
484 2643 644 2714 relinquitur
661 2659 712 2713 pro
731 2642 837 2700 duobus
862 2643 988 2715 reliquis,
1016 2661 1098 2716 quam
1119 2644 1223 2700 liabent
1245 2643 1300 2700 duo
1318 2643 1487 2712 hexagonici.
1523 2640 1605 2712 aequ

253 2719 287 2774 de
305 2719 338 2773 iis
356 2720 460 2791 liguris,
480 2737 550 2793 quae
567 2723 710 2792 pauciores
728 2730 756 2778 ct
774 2723 892 2780 minorem
910 2725 1013 2780 habent
1032 2723 1155 2794 angulos,
1174 2739 1256 2794 qnam
1267 2724 1436 2792 hexagonus,
1450 2721 1509 2791 jem
1527 2727 1606 2778 mist

253 2805 422 2880 tranqactum
440 2801 520 2858 nobis
538 2808 595 2873 cst,
613 2816 683 2871 quac
701 2809 730 2858 et
748 2809 893 2874 quotenne
911 2804 1031 2875 possint,
1052 2801 1161 2873 quando
1180 2803 1251 2856 terni
1269 2808 1395 2858 sternunt
1411 2799 1561 2870 planitiem.

340 2873 416 2935 XX.
449 2877 690 2956 Propositic.
734 2879 777 2939 Ex
809 2879 903 2958 planis
935 2880 1050 2958 angulis
1080 2879 1167 2938 trium
1197 2881 1362 2956 specierum
1388 2877 1472 2938 lucus
1501 2873 1606 2954 planus

255 2977 382 3038 congme
403 2964 540 3042 impletur
562 2973 673 3041 quater.

342 3045 393 3102 Hic
416 3064 471 3104 non
494 3047 647 3106 tolerantur
660 3055 725 3106 tres
747 3047 874 3119 pluresve
900 3049 1036 3120 trigonici,
1062 3047 1167 3104 iaciunt
1194 3047 1266 3104 emm
1291 3053 1348 3102 tres
1365 3046 1459 3116 anguli
1484 3043 1607 3113 trigonici

256 3123 326 3181 dnos
342 3119 446 3198 rectos'3
470 3127 631 3199 relinquitur
648 3130 753 3198 minus,
770 3144 852 3200 quam
869 3129 936 3184 iacit
954 3143 1060 3185 suranna
1076 3127 1248 3183 minimorum
1265 3131 1328 3197 post
1345 3124 1421 3194 illos,
1448 3123 1607 3194 tetragonicl

251 3221 289 3262 sc.
307 3211 337 3262 et
353 3208 536 3278 pentagonici.
572 3209 614 3265 Ob
633 3209 661 3264 id
679 3223 767 3280 neque
785 3208 892 3264 duobus
910 3207 1049 3278 trigonicis
1068 3205 1189 3263 sociandi
1207 3205 1262 3261 dno
1281 3206 1443 3275 tetragonici
1461 3210 1509 3261 sut
1526 3204 1607 3271 maio

257 3303 314 3356 res,
332 3288 396 3358 quia
412 3304 466 3343 non
484 3289 683 3362 relinqueretur
700 3290 766 3344 eatis
784 3289 867 3359 spatii
883 3304 934 3359 pro
952 3287 1052 3363 angulo
1069 3287 1173 3356 figurae
1190 3286 1287 3341 tertiae
1305 3284 1414 3356 speciei.

348 3373 370 3424 l.
400 3370 474 3439 Ergo
493 3369 517 3424 si
534 3367 659 3439 trigonici
677 3367 732 3423 sint
743 3367 798 3422 duo
816 3375 843 3423 et
855 3367 1039 3436 tetragonicus
1052 3382 1130 3436 unus,
1148 3364 1298 3420 sociabitur
1313 3363 1366 3418 illis
1381 3361 1609 3430 dodecsgonicus3

258 3463 314 3507 nort
331 3453 422 3504 tamen
439 3448 612 3503 continuatur
629 3447 728 3502 iorma:
747 3445 808 3501 ride
826 3445 913 3501 literis
930 3446 976 3515 Ge,
996 3446 1048 3514 Dd,
1066 3445 1107 3502 Ee
1125 3452 1182 3502 tres
1198 3445 1310 3511 tomas,
1330 3457 1423 3498 omnes
1442 3440 1478 3496 sd
1496 3441 1611 3510 primum

260 3543 352 3585 rmum
370 3527 546 3597 pertinentes.
583 3525 644 3581 Huc
662 3525 743 3582 etiam
761 3523 842 3581 stella
860 3524 1061 3594 dodecagonics
1077 3521 1220 3594 referatur,
1237 3530 1371 3590 utsupra.
1407 3521 1477 3578 Nasu
1496 3526 1613 3588 quatuor

259 3605 397 3680 trigonici,
423 3619 494 3662 unus
518 3604 704 3689 tetragonium
730 3609 759 3660 et
782 3619 852 3688 uuus
876 3603 975 3688 stellae
997 3605 1090 3660 radius
1105 3604 1263 3686 implebunt
1286 3602 1384 3684 locum.
1419 3599 1494 3682 Ecce
1511 3597 1612 3682 tomas

259 3677 309 3747 Fi,
327 3677 386 3747 Gg,
404 3675 459 3730 lih.
494 3674 646 3743 Tngonrcts
664 3673 771 3731 dnobus
788 3691 812 3730 sn
829 3681 1025 3745 pentagonicis
1043 3671 1431 3744 unusJungatur,rss1dunm
1449 3677 1502 3723 errt
1519 3683 1608 3724 moon·

261 3773 367 3830 gruum,
386 3757 434 3829 ξξ,
458 3754 549 3812 nullus
568 3755 639 3810 enirn
657 3756 772 3824 angulus
790 3755 873 3812 hebet
894 3757 934 3828 lg.
970 3754 1017 3811 Sin
1040 3769 1111 3810 unus
1134 3751 1250 3807 addatur
1270 3750 1456 3821 hexagonicus
1473 3746 1612 3815 trigonicis

260 3839 380 3908 dnobus,
404 3836 530 3891 residuus
554 3835 635 3890 etiam
660 3833 845 3903 hexagouicus
871 3833 922 3887 erit
945 3841 974 3888 et
999 3833 1087 3888 forma
1111 3832 1162 3888 erit
1186 3847 1241 3887 nna
1264 3845 1298 3886 ex
1322 3827 1518 3899 superioribus.
1553 3827 1613 3883 nnn

261 3924 389 3990 poterunt
406 3917 488 3985 igitur
505 3929 587 3985 porro
606 3929 667 3970 esse
685 3914 740 3970 bini
759 3913 866 3982 trigoni.
902 3911 976 3982 Ergo
994 3913 1017 3968 si
1029 3912 1066 3966 sit
1077 3911 1226 3981 trigonicus
1244 3925 1323 3978 nnus,
1342 3907 1368 3962 ei
1385 3915 1441 3962 tres
1453 3905 1613 3973 tetragonici

261 4015 316 4056 non
333 3998 482 4065 addentur,
500 3995 611 4050 nimium
629 3995 700 4050 enim
712 3991 853 4063 conflatur,
872 3999 922 4048 ne'c
934 3992 1015 4063 spatii
1026 3991 1093 4048 satis
1106 3991 1206 4058 angulo
1223 3988 1322 4044 tertiae
1333 3986 1434 4058 speciei
1445 3983 1612 4054 relinquitur.

348 4076 373 4130 2.
409 4074 552 4132 addantur
569 4074 617 4130 uni
633 4074 766 4143 trigonioo
785 4075 839 4130 duo
854 4070 1023 4140 tetraonici,
1040 4069 1069 4125 in
1086 4069 1225 4126 residuum
1249 4065 1284 4122 ad
1301 4073 1418 4136 quatuor
1442 4071 1533 4153 rectos
1551 4077 1612 4154 con·

263 4163 342 4228 grost
358 4156 558 4226 bexsgouicus;
584 4154 670 4210 forma
687 4155 805 4225 duplex,
827 4152 913 4208 literis
930 4151 954 4206 li
971 4147 1176 4214 coumusbilis,
1202 4147 1248 4202 Klr
1272 4159 1327 4201 non
1344 4141 1538 4201 conmeatus
1556 4153 1612 4196 sane

263 4235 389 4292 mixtura.
426 4235 531 4306 Estque
548 4233 594 4291 bic
611 4249 691 4291 cesus
709 4232 854 4290 secundus.

350 4311 511 4384 Trigonicus
536 4330 607 4370 unus
624 4331 685 4370 cum
703 4311 891 4384 pentagonicis
910 4310 1016 4365 dnobus
1034 4307 1245 4378 coniungitur,
1269 4311 1356 4376 restat
1374 4303 1445 4358 enim
1469 4299 1563 4392 bintus
1582 4301 1612 4371 li

265 4389 345 4449 unias
362 4392 438 4459 recti,
454 4392 559 4452 ebenus
578 4408 595 4450 a
612 4392 781 4463 regularibus
798 4390 906 4460 figuris,
926 4405 977 4446 nec
994 4404 1056 4444 cum
1074 4387 1255 4458 pentagonico
1273 4401 1340 4452 uno,
1359 4395 1465 4438 rursum
1473 4393 1557 4470 ‘emm
1573 4393 1612 4469 re

265 4475 341 4527 stant
360 4469 405 4543 st,
423 4487 484 4528 cum
501 4473 577 4530 nuilla
594 4472 727 4542 regularis
745 4470 834 4542 figura
850 4470 951 4526 babeat
963 4467 1010 4542 ἧς
1028 4483 1079 4522 nec
1091 4483 1151 4523 cum
1164 4467 1333 4536 hexagonico
1346 4476 1409 4526 uno,
1426 4459 1532 4514 renunt
1544 4471 1613 4512 enun

265 4549 403 4614 2rectos,
428 4563 490 4606 cuna
511 4552 603 4608 nullus
625 4551 700 4608 solns
722 4549 837 4618 angulus
861 4548 910 4604 liat
930 4554 1037 4610 matus,
1059 4546 1198 4602 dimidium
1222 4559 1286 4600 reru
1311 4544 1394 4614 hujus
1416 4539 1453 4594 sii
1475 4537 1613 4606 quantitas

266 4628 439 4700 wbagonici,
457 4629 492 4684 de
508 4647 563 4701 quo
578 4631 634 4702 jam
652 4637 695 4688 est
712 4636 816 4700 actmn3
839 4645 890 4685 nec
908 4642 969 4682 cum
985 4624 1167 4694 heptagonico
1185 4623 1229 4678 rel
1245 4623 1404 4692 octogonico
1420 4615 1464 4672 rel
1481 4629 1613 4683 mango·

267 4709 480 4780 mauringum
503 4717 639 4767 restarent
656 4709 727 4766 enim
744 4725 795 4780 pro
814 4707 914 4778 angulo
931 4706 1029 4762 tertiae
1047 4705 1148 4776 speciei
1165 4703 1313 4774 figurarum
1336 4701 1381 4760 vel
1397 4701 1432 4772 ἕξ
1457 4695 1502 4788 ve}
1522 4697 1550 4767 δ’
1568 4693 1613 4750 ”l

273 4787 311 4858 li,
334 4787 430 4858 quales
447 4787 524 4844 nulls
540 4787 673 4860 regislaris
690 4789 778 4856 figura
794 4787 886 4844 babet
921 4787 996 4857 Ergo
1019 4785 1168 4856 trigonicua
1192 4799 1263 4840 unm
1280 4799 1342 4840 cum
1369 4781 1535 4846 amasco
1560 4789 1612 4831 ⁰1¹⁰

269 4870 434 4939 compositus
450 4867 578 4940 relinquit
602 4867 706 4926 histum
725 4866 772 4942 ll,
799 4873 915 4936 quantus
942 4871 984 4921 est
1006 4861 1331 4939 pentelsaedscsganicna
1366 4861 1419 4916 llic
1439 4865 1490 4916 sat,
1504 4857 1612 4930 quiden
