3564 5540
254 355 316 417 tat
787 351 830 408 lie
844 347 1069 422 Proportlonibua
1159 336 1163 346 ’

250 530 347 591 iacere
368 533 510 608 potuisse,
533 547 599 592 cum
620 531 864 609 profundissimae
885 527 1031 606 indaginis
1052 524 1245 605 philosophas
1264 523 1320 594 sit,
1342 519 1399 578 nisi
1420 515 1501 595 qnod
1523 515 1603 576 reri-

250 617 355 692 simile,
378 619 550 681 difficultate
572 619 784 699 perquirendae
805 634 912 682 causae
943 616 1103 678 cohibitum
1125 615 1230 686 inisse,
1261 625 1320 688 quo
1342 609 1438 666 minus
1460 612 1603 682 quantum

252 705 344 766 vellet
365 713 547 784 penetraret,
577 709 729 784 satiusque
749 707 918 787 putavisse,
946 702 1057 782 aliquid
1078 702 1217 781 prodere,
1249 714 1335 776 quam
1357 695 1473 773 penitae
1495 701 1603 766 msera,

251 793 331 870 quod
353 802 437 872 turpe
459 793 635 873 philosopho
658 811 722 855 esse
751 794 895 857 dictitant
941 793 1016 853 Nam
1039 807 1114 868 quae
1143 803 1253 866 quaeso
1281 783 1431 864 proportio
1454 779 1603 841 titillatio·

250 883 296 941 nis
319 881 445 957 auditus,
469 885 510 944 rei
538 899 711 960 corporeae,
745 882 783 942 ed
806 879 1004 944 incredibilem
1033 879 1115 938 iilam
1138 877 1334 954 voluptatem,
1363 887 1451 947 qnam
1474 885 1510 928 ex
1532 867 1603 927 har-

251 971 373 1030 monicis
396 972 593 1032 consonantiis
621 971 700 1030 intus
722 970 751 1030 in
773 973 871 1030 auimo
899 969 1079 1048 penitissime
1107 961 1304 1044 percipimus?
1347 958 1465 1031 Nonne,
1495 956 1603 1032 siqua

253 1057 395 1134 voluptas
422 1067 524 1118 estex
548 1056 732 1138 titillatione,
764 1057 801 1118 de
829 1055 1048 1134 aaavoiuptato
1075 1055 1183 1132 primas
1211 1058 1292 1111 tenet
1318 1045 1492 1116 membrum,
1523 1041 1602 1119 quod

250 1144 448 1206 titillationem
471 1145 617 1206 sustiuet‘i
661 1145 711 1206 Sic
739 1148 816 1206 enim
840 1143 1020 1206 definiendus
1050 1142 1121 1202 mihi
1150 1142 1231 1201 risus
1254 1144 1299 1198 est
1329 1149 1431 1195 aeneus
1454 1134 1549 1191 omnis
1572 1133 1603 1188 in

250 1231 411 1309 Dioptricis
433 1241 476 1304 (ιι.
496 1253 521 1304 p.
541 1237 636 1308 5³9),
653 1231 732 1309 quod
755 1250 791 1293 ee
814 1232 931 1294 demum
962 1232 1001 1290 sit
1030 1228 1167 1290 absoluta
1199 1227 1311 1297 sensio,
1341 1221 1522 1298 voluptatem
1551 1225 1602 1278 aut

251 1317 383 1380 dolorem
404 1321 531 1396 pariens,
554 1335 620 1380 cunr
643 1321 756 1397 species
778 1322 900 1381 membri
921 1319 1050 1379 sensioui
1074 1317 1221 1388 destinati,
1241 1305 1279 1372 ιιιΙ
1293 1311 1323 1370 id
1338 1317 1383 1369 est
1405 1308 1541 1368 allectum
1563 1306 1601 1365 ah

251 1414 370 1466 externa
392 1425 432 1482 re,
456 1410 538 1469 uenit
558 1409 715 1468 introrsum
736 1407 774 1468 ad
798 1425 901 1469 sensus
924 1407 1086 1466 communis
1108 1401 1234 1464 tribunal
1257 1403 1421 1460 commeatu
1436 1397 1600 1472 spirituum.

250 1492 321 1553 dam
345 1511 416 1555 raro
436 1497 467 1552 in
490 1493 642 1556 auditione
664 1499 887 1556 consonantium
909 1511 1016 1555 vocum
1037 1491 1086 1552 vei
1108 1505 1246 1552 sonorum
1274 1503 1350 1564 qnae
1372 1499 1482 1561 quaeso
1504 1489 1601 1560 partes

251 1581 414 1660 voluptatis
444 1586 473 1640 in
501 1583 621 1644 auribus
650 1582 798 1644 haerenti
841 1583 946 1644 Nonne
973 1580 1106 1641 dolemus
1132 1577 1277 1638 interdum
1304 1574 1342 1633 ab
1365 1571 1502 1645 auribus,
1533 1567 1601 1628 dum

249 1668 396 1729 inhiamus
418 1669 487 1729 hnic
509 1669 662 1746 auditioni,
685 1677 715 1731 et
736 1687 856 1732 manum
872 1671 1047 1749 opponimus
1062 1665 1247 1744 clangoribus
1261 1663 1368 1735 nimiis,
1390 1657 1482 1718 nihilo
1504 1665 1601 1716 umen

250 1758 517 1835 minuspsrgtmns
539 1756 577 1818 ad
599 1758 801 1836 percipiendas
824 1746 1032 1819 consonantias
1060 1765 1089 1816 et
1116 1771 1166 1816 cor
1189 1752 1274 1812 nohis
1303 1745 1473 1808 subsultet?
1518 1743 1602 1804 nnis

252 1843 332 1920 quod
354 1844 428 1905 heac
450 1845 525 1905 ratio
548 1862 567 1903 a
588 1855 669 1906 motu
693 1845 820 1906 deducta
841 1847 996 1924 potissima
1019 1851 1063 1904 est
1085 1845 1114 1900 in
1132 1843 1273 1911 unisono,
1297 1837 1430 1896 suavitas
1450 1849 1520 1893 raro
1543 1849 1601 1892 non

249 1935 410 2010 praecipua
430 1935 458 1990 in
484 1935 617 2008 unisono,
641 1932 693 1994 sed
715 1937 745 2008 in
769 1934 836 1994 aliis
850 1933 1049 1994 consonantiis
1072 1945 1230 2005 earumque
1251 1923 1471 1998 compositione.
1506 1919 1602 1979 ldnita

249 2028 371 2096 possent
392 2021 485 2082 alieni
509 2020 546 2079 ad
569 2019 774 2082 destruendam
798 2022 874 2082 hanc
896 2019 1017 2081 allatam
1039 2021 1181 2078 rationem
1203 2014 1359 2075 suauitatis
1382 2027 1418 2069 ex
1434 2023 1600 2068 consonan-

249 2109 308 2180 tiis,
331 2125 407 2184 quae
430 2110 512 2168 mitto
535 2111 565 2167 in
586 2125 726 2186 praeseus
749 2112 892 2170 undosius
914 2108 1110 2182 conscribere,
1133 2101 1206 2163 illud
1229 2103 1347 2162 uuicnm
1361 2095 1485 2170 inculco,
1510 2095 1599 2173 qnod,

246 2195 421 2272 jamsupra
443 2203 555 2256 inunum
577 2215 595 2256 a
618 2215 674 2272 me,
698 2200 792 2275 possit
815 2213 879 2256 asae
902 2195 968 2255 loeo
992 2197 1130 2267 omnium,
1155 2188 1235 2269 quod
1250 2203 1340 2267 opera
1354 2193 1510 2261 motusque
1533 2199 1600 2243 cor·

248 2299 369 2360 porum,
400 2283 507 2343 aemuli
534 2286 756 2362 proportionum
785 2285 1033 2356 harmonicamm,
1061 2283 1099 2341 ab
1130 2281 1245 2339 animae
1273 2275 1438 2350 mentisque
1468 2271 1600 2349 partibus

248 2377 335 2446 stent,
359 2373 395 2431 iis
419 2389 537 2431 causam
561 2374 753 2450 assignantes,
777 2389 829 2432 cur
851 2365 1059 2433 consonantiis
1087 2367 1240 2430 delectent.
1284 2363 1346 2424 Nec
1368 2359 1504 2421 abhorret
1527 2377 1602 2422 eac

250 2457 524 2533 toritaa'reterum,
549 2461 598 2535 qui
623 2463 750 2520 animam
773 2475 850 2520 nuno
871 2465 998 2532 motum,
1028 2473 1106 2516 nnnc
1125 2453 1307 2515 harmoniam
1331 2449 1517 2521 definientes,
1540 2463 1600 2507 non

249 2554 310 2604 tam
334 2546 461 2608 absurde
484 2546 574 2606 locuti
596 2555 673 2620 sunt,
698 2565 786 2626 quarn
809 2549 907 2625 inepte
930 2547 1058 2623 excepti,
1088 2561 1154 2604 oum
1176 2544 1206 2601 in
1228 2541 1315 2601 rebus
1338 2534 1503 2596 difficilibus
1534 2551 1601 2613 my-

249 2635 316 2692 stici
338 2633 510 2710 plerumque
532 2649 636 2694 sensus
657 2633 778 2709 lateant,
801 2636 857 2694 sub
880 2634 1035 2696 verbomm
1059 2633 1181 2694 cortices
1201 2626 1352 2689 reconditi.
1397 2623 1509 2682 Timaei
1532 2625 1601 2699 qui·

249 2719 317 2779 dam
340 2719 494 2782 Locrensis
515 2719 719 2799 philosophia,
750 2720 898 2799 quomodo
921 2723 1084 2798 composita
1111 2721 1150 2780 sit
1178 2718 1276 2777 anima
1304 2731 1339 2774 ex
1362 2711 1599 2789 proportionibus

250 2807 435 2880 harmonicis,
460 2805 496 2868 de
519 2824 578 2885 qus
600 2811 629 2868 in
653 2809 853 2888 praeambulo,
876 2809 1002 2869 refutata
1025 2816 1069 2869 est
1091 2809 1129 2868 ab
1152 2801 1310 2866 Adstotele
1330 2802 1361 2858 in
1383 2815 1419 2858 eo
1442 2812 1543 2872 mnan,
1569 2805 1600 2858 ιιι

251 2902 360 2954 sonant
382 2896 490 2971 rerbe3
517 2911 576 2955 non
599 2899 693 2957 ausim
723 2904 822 2958 tamen
845 2896 1007 2970 affirmare,
1039 2894 1111 2955 nihil
1140 2895 1227 2958 iniis
1250 2887 1375 2968 pagellis
1403 2885 1512 2959 latere,
1543 2887 1600 2946 nisi

250 2981 330 3060 quod
352 2989 459 3043 sonant
479 2983 579 3058 verba,
602 2987 661 3046 imo
683 2992 856 3062 negatumm
878 2991 951 3062 puto
974 2987 1128 3055 neminem,
1151 2983 1220 3058 quin
1241 2981 1267 3038 ia
1282 2983 1384 3038 auctor
1405 2973 1461 3033 hoc
1482 2972 1521 3031 ad
1542 2975 1600 3032 mi·

250 3071 362 3130 nimum
383 3077 491 3144 teneat,
516 3071 594 3148 qnod
617 3072 665 3132 hic
688 3080 797 3146 astruo,
821 3079 947 3132 mentem
964 3089 1028 3133 esse
1052 3072 1238 3144 animumque
1249 3066 1419 3140 humanum,
1441 3059 1524 3136 eujus
1547 3077 1600 3120 seu

247 3157 360 3232 iudicio
382 3173 434 3218 ssu
457 3161 596 3220 instinctu
617 3177 722 3220 sensns
746 3159 863 3220 auditus
885 3163 1088 3237 proportiones
1110 3173 1227 3227 suares,
1249 3153 1306 3213 hoc
1320 3159 1365 3212 aet
1386 3166 1539 3224 consonas,
1562 3149 1600 3208 ab

250 3246 422 3305 inenaribus
444 3255 474 3306 et
496 3245 622 3308 dissonis
645 3247 803 3322 discernat,
833 3249 942 3325 quippe
964 3250 1015 3324 qni
1036 3246 1095 3305 hoc
1117 3243 1270 3320 diligenter
1293 3237 1444 3316 expendit,
1475 3253 1600 3314 propor-

249 3335 345 3394 tiones
368 3337 575 3394 esserationis
598 3337 686 3410 entia,
710 3339 823 3396 ratione
846 3335 911 3395 sola
932 3352 991 3396 uon
1013 3349 1102 3395 sensu
1116 3328 1325 3410 perceptibilia,
1348 3333 1377 3386 et
1398 3326 1600 3402 proportiones

250 3435 305 3481 ceu
326 3420 449 3480 formam
472 3439 490 3482 ιι
513 3425 788 3501 re-proportionata
810 3440 863 3484 ceu
886 3425 1010 3483 materia
1032 3420 1226 3496 distinguere,
1247 3417 1353 3476 mentis
1375 3419 1449 3490 opus
1472 3427 1547 3472 esse.

336 3507 410 3568 Cum
433 3517 532 3570 autern
555 3509 628 3571 duas
650 3510 807 3587 figurarum
829 3509 1008 3587 regularium
1041 3510 1233 3586 proprietates
1256 3503 1514 3580 explicuerimus:
1547 3499 1601 3562 de·

249 3595 523 3657 monstrabilitatem
547 3598 736 3658 scientificum
758 3598 882 3659 laterum
904 3599 934 3657 in
957 3597 1080 3671 singulis
1110 3600 1139 3656 et
1162 3592 1379 3670 congruentiam
1400 3590 1476 3648 inter
1497 3603 1530 3647 se
1552 3595 1600 3650 tn·

151 3747 160 3757 ,
233 3691 344 3743 ‘tarum
364 3684 543 3766 junctarum,
565 3703 625 3745 non
647 3685 779 3764 ejusdem
802 3686 889 3764 plane
912 3683 1076 3746 latitudinis
1097 3689 1268 3757 utramque,
1296 3676 1331 3738 de
1355 3675 1601 3738 demonstratione

249 3771 369 3848 quidem
401 3773 550 3832 axiomata
580 3781 680 3835 nostra
702 3781 808 3834 sonant
829 3775 1031 3852 potissimum,
1064 3771 1134 3848 qnia
1161 3769 1237 3829 haec
1262 3767 1356 3842 magis
1383 3763 1535 3824 lamillaris
1557 3770 1602 3824 est

248 3859 487 3938 proportionibus
508 3867 650 3935 motuum,
675 3879 711 3921 ex
733 3862 841 3939 quibus
864 3864 951 3921 etiam
967 3862 1031 3920 soni
1049 3859 1186 3919 existunt.
1232 3855 1306 3915 llam
1321 3853 1512 3930 congruentia
1526 3855 1601 3913 inest

247 3945 358 4024 liguris,
381 3955 414 4008 at
435 3953 517 4009 totae
539 3956 621 4023 sunt,
644 3955 744 4009 motus
765 3965 835 4008 varo
858 3947 982 4025 (quibus
1006 3945 1142 4008 accidunt
1172 3943 1374 4022 proportiones
1397 3938 1600 4018 harmonicae)

105 4069 112 4078 ·
178 4059 183 4071 =
248 4033 376 4112 ligures,
406 4051 506 4112 aqua
529 4034 705 4111 derivantur,
728 4035 821 4097 latera
847 4038 877 4094 in
908 4043 1018 4096 rectum
1047 4030 1207 4095 extendunt
1230 4027 1311 4114 (cnm
1338 4027 1471 4106 plerique
1499 4041 1601 4088 omnes

249 4131 282 4180 ut
303 4121 446 4183 rectilinei
469 4119 704 4206 considerentur)
728 4129 758 4183 et
779 4127 822 4183 sic
836 4123 959 4200 figuram
975 4141 1068 4196 suam,
1091 4128 1125 4182 ut
1138 4128 1287 4198 serpentes
1302 4123 1432 4188 matrem,
1455 4115 1601 4190 perimunt

249 4215 279 4268 et
307 4208 468 4271 destruunt.
513 4211 622 4288 Figura
652 4213 845 4289 inquantum
876 4227 1019 4288 congrua,
1051 4207 1188 4272 circulum
1220 4209 1363 4282 integrum
1390 4202 1601 4276 distinguitis

249 4303 364 4373 partes,
393 4301 596 4376 proportiones
628 4297 816 4359 harmonicae
851 4299 990 4358 circulum
1027 4296 1195 4357 distinctum
1227 4295 1255 4352 in
1286 4301 1395 4353 rectum
1430 4289 1600 4365 extendunt,

250 4381 445 4445 dannationis
467 4403 486 4446 a
507 4386 601 4464 ligura
622 4385 718 4447 iactae
748 4391 844 4446 actum
868 4385 975 4448 delent.
1019 4383 1069 4446 ilio
1099 4383 1307 4444 consonantiae
1336 4395 1402 4438 cum
1422 4376 1524 4452 bguris
1548 4377 1601 4439 de·

249 4473 487 4534 monstrahiiibus
518 4477 549 4533 in
576 4474 719 4534 infinitum
751 4482 925 4545 excurrunt,
952 4474 1062 4551 figurae
1093 4487 1239 4550 congruae
1269 4483 1388 4526 numero
1419 4462 1600 4527 duodenario

249 4558 396 4619 liniuntur.
441 4561 577 4639 Denique
601 4562 816 4623 distinctionem
837 4561 937 4622 circuli
960 4559 1110 4638 quaelihet
1131 4559 1224 4634 hgura
1245 4556 1315 4616 lacit
1330 4555 1454 4627 unicam,
1478 4559 1509 4613 at
1528 4571 1600 4632 pax-

250 4653 295 4708 tes
319 4649 348 4706 in
372 4646 480 4708 circulo
503 4651 680 4710 constitutae
704 4648 778 4710 duas
800 4665 915 4728 semper
934 4649 1045 4709 iaciunt
1067 4665 1132 4707 cum
1155 4653 1218 4706 toto
1241 4643 1456 4704 consonantias.

336 4735 399 4796 Etsi
421 4751 492 4793 vero
513 4737 611 4813 potior
631 4739 663 4797 in
685 4737 741 4799 hoc
764 4739 849 4798 tertio
870 4736 946 4798 libro
967 4739 1043 4797 ratio
1066 4739 1120 4795 erit
1148 4729 1401 4793 demonstrationis
1423 4727 1600 4790 sdantmcss

248 4819 387 4900 mauu,
410 4837 498 4901 illm
517 4825 730 4901 ⁰⁰¹¹ssf¹¹01¹fl⁸0
751 4823 910 4902 figurarum
931 4831 1076 4898 totarum,
1105 4813 1181 4884 haec'
1200 4825 1299 4881 tamnu
1321 4823 1441 4897 propter
1462 4831 1600 4896 magnam
