<?xml version="1.0" encoding="UTF-8"?>
<!DOCTYPE html PUBLIC "-//W3C//DTD XHTML 1.0 Transitional//EN"
    "http://www.w3.org/TR/xhtml1/DTD/xhtml1-transitional.dtd">
<html xmlns="http://www.w3.org/1999/xhtml" xml:lang="en" lang="en">
 <head>
  <title>
</title>
<meta http-equiv="Content-Type" content="text/html;charset=utf-8" />
  <meta name='ocr-system' content='tesseract 3.04.00' />
  <meta name='ocr-capabilities' content='ocr_page ocr_carea ocr_par ocr_line ocrx_word'/>
</head>
<body>
  <div class='ocr_page' id='page_1' title='image "./joanniskepleria26frisgoog_0433.png"; bbox 0 0 3732 5528; ppageno 0'>
   <div class='ocr_carea' id='block_1_1' title="bbox 277 277 1167 394">
    <p class='ocr_par' dir='ltr' id='par_1_1' title="bbox 277 277 1167 394">
     <span class='ocr_line' id='line_1_1' title="bbox 277 277 1167 394; baseline -0.012 -1"><span class='ocrx_word' id='word_1_1' title='bbox 277 389 281 394; x_wconf 81' lang='grc'><strong>.</strong></span> <span class='ocrx_word' id='word_1_2' title='bbox 337 319 400 390; x_wconf 69' lang='grc'><strong>388</strong></span> <span class='ocrx_word' id='word_1_3' title='bbox 478 283 482 294; x_wconf 30' lang='grc'><strong>’</strong></span> <span class='ocrx_word' id='word_1_4' title='bbox 769 277 772 284; x_wconf 63' lang='lat'>=</span> <span class='ocrx_word' id='word_1_5' title='bbox 850 313 1000 380; x_wconf 83' lang='lat' dir='ltr'><strong>Ptolemaei</strong></span> <span class='ocrx_word' id='word_1_6' title='bbox 1012 323 1167 382; x_wconf 85' lang='lat' dir='ltr'><strong>Harmonia.</strong></span> 
     </span>
    </p>
   </div>
   <div class='ocr_carea' id='block_1_2' title="bbox 282 473 1681 1284">
    <p class='ocr_par' dir='ltr' id='par_1_2' title="bbox 282 473 1681 1284">
     <span class='ocr_line' id='line_1_2' title="bbox 335 473 1679 574; baseline 0.003 -18"><span class='ocrx_word' id='word_1_7' title='bbox 335 501 444 571; x_wconf 73' lang='lat' dir='ltr'><strong>perrara</strong></span> <span class='ocrx_word' id='word_1_8' title='bbox 460 500 498 568; x_wconf 86' lang='grc' dir='ltr'><strong>ι,</strong></span> <span class='ocrx_word' id='word_1_9' title='bbox 516 499 553 568; x_wconf 84' lang='grc' dir='ltr'><strong>ιι,</strong></span> <span class='ocrx_word' id='word_1_10' title='bbox 573 497 608 567; x_wconf 77' lang='grc' dir='ltr'><strong>ι,</strong></span> <span class='ocrx_word' id='word_1_11' title='bbox 628 499 653 554; x_wconf 83' lang='grc' dir='ltr'><strong>ι</strong></span> <span class='ocrx_word' id='word_1_12' title='bbox 671 505 699 553; x_wconf 78' lang='lat' dir='ltr'><strong>ea</strong></span> <span class='ocrx_word' id='word_1_13' title='bbox 716 499 742 567; x_wconf 84' lang='grc' dir='ltr'><strong>ι,</strong></span> <span class='ocrx_word' id='word_1_14' title='bbox 761 515 782 567; x_wconf 70' lang='grc' dir='ltr'><strong>ι,</strong></span> <span class='ocrx_word' id='word_1_15' title='bbox 800 502 822 568; x_wconf 70' lang='lat' dir='ltr'><strong>t,</strong></span> <span class='ocrx_word' id='word_1_16' title='bbox 838 473 1096 569; x_wconf 61' lang='lat' dir='ltr'><strong>,tornationis</strong></span> <span class='ocrx_word' id='word_1_17' title='bbox 1115 504 1145 570; x_wconf 84' lang='lat' dir='ltr'><strong>r,</strong></span> <span class='ocrx_word' id='word_1_18' title='bbox 1164 501 1199 569; x_wconf 80' lang='lat' dir='ltr'><strong>A,</strong></span> <span class='ocrx_word' id='word_1_19' title='bbox 1217 503 1254 570; x_wconf 85' lang='lat' dir='ltr'><strong>a,</strong></span> <span class='ocrx_word' id='word_1_20' title='bbox 1273 502 1341 558; x_wconf 78' lang='lat' dir='ltr'><strong>oea</strong></span> <span class='ocrx_word' id='word_1_21' title='bbox 1353 503 1385 572; x_wconf 84' lang='grc' dir='ltr'><strong>ι,</strong></span> <span class='ocrx_word' id='word_1_22' title='bbox 1403 521 1430 571; x_wconf 77' lang='lat' dir='ltr'><strong>a,</strong></span> <span class='ocrx_word' id='word_1_23' title='bbox 1450 505 1474 572; x_wconf 89' lang='grc' dir='ltr'><strong>ι,</strong></span> <span class='ocrx_word' id='word_1_24' title='bbox 1494 522 1508 560; x_wconf 75' lang='grc' dir='ltr'><strong>ι</strong></span> <span class='ocrx_word' id='word_1_25' title='bbox 1525 503 1679 574; x_wconf 65' lang='lat' dir='ltr'><strong>aeroma:</strong></span> 
     </span>
     <span class='ocr_line' id='line_1_3' title="bbox 337 577 1679 652; baseline 0.005 -19"><span class='ocrx_word' id='word_1_26' title='bbox 337 579 431 635; x_wconf 90' lang='lat' dir='ltr'><strong>eadem</strong></span> <span class='ocrx_word' id='word_1_27' title='bbox 457 586 547 634; x_wconf 76' lang='grc' dir='ltr'>ιιιιιι</span> <span class='ocrx_word' id='word_1_28' title='bbox 574 577 703 648; x_wconf 75' lang='lat' dir='ltr'><strong>diapason</strong></span> <span class='ocrx_word' id='word_1_29' title='bbox 729 577 873 634; x_wconf 79' lang='lat' dir='ltr'><strong>interualla</strong></span> <span class='ocrx_word' id='word_1_30' title='bbox 890 587 1006 649; x_wconf 76' lang='lat' dir='ltr'><strong>possunt</strong></span> <span class='ocrx_word' id='word_1_31' title='bbox 1023 581 1103 634; x_wconf 87' lang='lat' dir='ltr'><strong>etiam</strong></span> <span class='ocrx_word' id='word_1_32' title='bbox 1133 581 1172 634; x_wconf 90' lang='lat' dir='ltr'><strong>sic</strong></span> <span class='ocrx_word' id='word_1_33' title='bbox 1190 582 1372 652; x_wconf 85' lang='lat' dir='ltr'><strong>considerari,</strong></span> <span class='ocrx_word' id='word_1_34' title='bbox 1401 591 1431 637; x_wconf 89' lang='lat' dir='ltr'><strong>ut</strong></span> <span class='ocrx_word' id='word_1_35' title='bbox 1450 585 1504 639; x_wconf 90' lang='lat' dir='ltr'><strong>sint</strong></span> <span class='ocrx_word' id='word_1_36' title='bbox 1520 585 1585 641; x_wconf 88' lang='lat' dir='ltr'><strong>bins</strong></span> <span class='ocrx_word' id='word_1_37' title='bbox 1602 591 1679 640; x_wconf 76' lang='lat' dir='ltr'><strong>teus·</strong></span> 
     </span>
     <span class='ocr_line' id='line_1_4' title="bbox 335 657 1680 731; baseline 0.002 -16"><span class='ocrx_word' id='word_1_38' title='bbox 335 659 438 714; x_wconf 86' lang='lat' dir='ltr'><strong>chorda</strong></span> <span class='ocrx_word' id='word_1_39' title='bbox 455 658 533 712; x_wconf 88' lang='lat' dir='ltr'><strong>iniis</strong></span> <span class='ocrx_word' id='word_1_40' title='bbox 552 658 708 725; x_wconf 79' lang='lat' dir='ltr'><strong>couJ&#39;uncta,</strong></span> <span class='ocrx_word' id='word_1_41' title='bbox 728 657 831 712; x_wconf 83' lang='lat' dir='ltr'><strong>Graece</strong></span> <span class='ocrx_word' id='word_1_42' title='bbox 849 673 1034 727; x_wconf 77' lang='lat' dir='ltr'><strong>synemmena,</strong></span> <span class='ocrx_word' id='word_1_43' title='bbox 1061 660 1083 713; x_wconf 90' lang='lat' dir='ltr'><strong>si</strong></span> <span class='ocrx_word' id='word_1_44' title='bbox 1102 660 1225 715; x_wconf 90' lang='lat' dir='ltr'><strong>nimirum</strong></span> <span class='ocrx_word' id='word_1_45' title='bbox 1244 669 1309 716; x_wconf 88' lang='lat' dir='ltr'><strong>tono</strong></span> <span class='ocrx_word' id='word_1_46' title='bbox 1327 663 1460 731; x_wconf 76' lang='lat' dir='ltr'><strong>cnjusqus</strong></span> <span class='ocrx_word' id='word_1_47' title='bbox 1478 664 1569 718; x_wconf 88' lang='lat' dir='ltr'><strong>infimo</strong></span> <span class='ocrx_word' id='word_1_48' title='bbox 1587 681 1680 719; x_wconf 89' lang='lat' dir='ltr'><strong>munna</strong></span> 
     </span>
     <span class='ocr_line' id='line_1_5' title="bbox 333 736 1681 812; baseline 0.004 -20"><span class='ocrx_word' id='word_1_49' title='bbox 333 738 392 792; x_wconf 89' lang='lat' dir='ltr'><strong>toni</strong></span> <span class='ocrx_word' id='word_1_50' title='bbox 410 736 566 806; x_wconf 83' lang='lat' dir='ltr'><strong>disjunctiri</strong></span> <span class='ocrx_word' id='word_1_51' title='bbox 583 736 816 796; x_wconf 76' lang='lat' dir='ltr'><strong>uansscrihemus.</strong></span> <span class='ocrx_word' id='word_1_52' title='bbox 842 738 880 793; x_wconf 89' lang='lat' dir='ltr'><strong>Ut</strong></span> <span class='ocrx_word' id='word_1_53' title='bbox 898 738 922 793; x_wconf 88' lang='lat' dir='ltr'><strong>si</strong></span> <span class='ocrx_word' id='word_1_54' title='bbox 939 741 969 806; x_wconf 93' lang='grc' dir='ltr'><strong>Γ,</strong></span> <span class='ocrx_word' id='word_1_55' title='bbox 988 739 1016 792; x_wconf 81' lang='grc' dir='ltr'><strong><em>Α</em></strong></span> <span class='ocrx_word' id='word_1_56' title='bbox 1034 739 1070 793; x_wconf 90' lang='lat' dir='ltr'><strong>sit</strong></span> <span class='ocrx_word' id='word_1_57' title='bbox 1087 745 1168 794; x_wconf 90' lang='lat' dir='ltr'><strong>tonus</strong></span> <span class='ocrx_word' id='word_1_58' title='bbox 1187 739 1383 810; x_wconf 86' lang='lat' dir='ltr'><strong>disjunctionis,</strong></span> <span class='ocrx_word' id='word_1_59' title='bbox 1402 749 1483 798; x_wconf 86' lang='lat' dir='ltr'><strong>arunt</strong></span> <span class='ocrx_word' id='word_1_60' title='bbox 1500 743 1536 812; x_wconf 72' lang='lat' dir='ltr'><strong>A,</strong></span> <span class='ocrx_word' id='word_1_61' title='bbox 1554 744 1590 812; x_wconf 88' lang='grc' dir='ltr'><strong>Β,</strong></span> <span class='ocrx_word' id='word_1_62' title='bbox 1611 744 1638 810; x_wconf 81' lang='lat' dir='ltr'><strong>O,</strong></span> <span class='ocrx_word' id='word_1_63' title='bbox 1655 743 1681 798; x_wconf 90' lang='lat' dir='ltr'><em>D</em></span> 
     </span>
     <span class='ocr_line' id='line_1_6' title="bbox 335 815 1681 890; baseline 0.001 -16"><span class='ocrx_word' id='word_1_64' title='bbox 335 824 364 874; x_wconf 89' lang='lat' dir='ltr'><strong>et</strong></span> <span class='ocrx_word' id='word_1_65' title='bbox 380 817 417 886; x_wconf 90' lang='lat' dir='ltr'><strong>D,</strong></span> <span class='ocrx_word' id='word_1_66' title='bbox 435 817 472 886; x_wconf 81' lang='grc' dir='ltr'><strong>Ε,</strong></span> <span class='ocrx_word' id='word_1_67' title='bbox 491 816 526 885; x_wconf 82' lang='lat' dir='ltr'><strong>F,</strong></span> <span class='ocrx_word' id='word_1_68' title='bbox 547 816 573 872; x_wconf 78' lang='lat' dir='ltr'><strong><em>G</em></strong></span> <span class='ocrx_word' id='word_1_69' title='bbox 589 815 644 870; x_wconf 90' lang='lat' dir='ltr'><strong>duo</strong></span> <span class='ocrx_word' id='word_1_70' title='bbox 661 815 835 872; x_wconf 87' lang='lat' dir='ltr'><strong>tetrachorda</strong></span> <span class='ocrx_word' id='word_1_71' title='bbox 857 817 1002 885; x_wconf 82' lang='lat' dir='ltr'><strong>coniuncta</strong></span> <span class='ocrx_word' id='word_1_72' title='bbox 1021 823 1049 872; x_wconf 89' lang='lat' dir='ltr'><strong>et</strong></span> <span class='ocrx_word' id='word_1_73' title='bbox 1066 817 1096 872; x_wconf 91' lang='lat' dir='ltr'><em>D</em></span> <span class='ocrx_word' id='word_1_74' title='bbox 1115 819 1165 872; x_wconf 83' lang='lat' dir='ltr'><strong>orit</strong></span> <span class='ocrx_word' id='word_1_75' title='bbox 1184 817 1287 874; x_wconf 88' lang='lat' dir='ltr'><strong>chorda</strong></span> <span class='ocrx_word' id='word_1_76' title='bbox 1310 836 1358 876; x_wconf 88' lang='lat' dir='ltr'><strong>seu</strong></span> <span class='ocrx_word' id='word_1_77' title='bbox 1377 835 1461 884; x_wconf 88' lang='lat' dir='ltr'><strong>sonus</strong></span> <span class='ocrx_word' id='word_1_78' title='bbox 1480 821 1681 890; x_wconf 89' lang='lat' dir='ltr'><strong>conjunctionis,</strong></span> 
     </span>
     <span class='ocr_line' id='line_1_7' title="bbox 332 894 1681 970; baseline 0.001 -17"><span class='ocrx_word' id='word_1_79' title='bbox 332 906 400 954; x_wconf 85' lang='lat' dir='ltr'><strong>tunc</strong></span> <span class='ocrx_word' id='word_1_80' title='bbox 417 903 548 965; x_wconf 88' lang='lat' dir='ltr'><strong>sequetur</strong></span> <span class='ocrx_word' id='word_1_81' title='bbox 565 896 599 964; x_wconf 79' lang='lat' dir='ltr'><strong>G,</strong></span> <span class='ocrx_word' id='word_1_82' title='bbox 617 913 636 950; x_wconf 87' lang='lat' dir='ltr'><strong>o</strong></span> <span class='ocrx_word' id='word_1_83' title='bbox 654 894 723 950; x_wconf 89' lang='lat' dir='ltr'><strong>alter</strong></span> <span class='ocrx_word' id='word_1_84' title='bbox 735 902 816 951; x_wconf 87' lang='lat' dir='ltr'><strong>tonus</strong></span> <span class='ocrx_word' id='word_1_85' title='bbox 829 895 1016 964; x_wconf 78' lang='lat' dir='ltr'><strong>disjunctivae,</strong></span> <span class='ocrx_word' id='word_1_86' title='bbox 1037 904 1064 950; x_wconf 89' lang='lat' dir='ltr'><strong>et</strong></span> <span class='ocrx_word' id='word_1_87' title='bbox 1081 914 1107 964; x_wconf 88' lang='grc' dir='ltr'><strong>ι,</strong></span> <span class='ocrx_word' id='word_1_88' title='bbox 1126 899 1151 967; x_wconf 88' lang='lat' dir='ltr'><strong>h,</strong></span> <span class='ocrx_word' id='word_1_89' title='bbox 1169 915 1192 964; x_wconf 84' lang='lat' dir='ltr'><strong>a,</strong></span> <span class='ocrx_word' id='word_1_90' title='bbox 1211 899 1269 952; x_wconf 83' lang='lat' dir='ltr'><strong>det</strong></span> <span class='ocrx_word' id='word_1_91' title='bbox 1286 899 1312 966; x_wconf 83' lang='lat' dir='ltr'><strong>d,</strong></span> <span class='ocrx_word' id='word_1_92' title='bbox 1332 917 1354 968; x_wconf 82' lang='lat' dir='ltr'><strong>a,</strong></span> <span class='ocrx_word' id='word_1_93' title='bbox 1371 901 1392 968; x_wconf 79' lang='lat' dir='ltr'><strong>f,</strong></span> <span class='ocrx_word' id='word_1_94' title='bbox 1409 917 1428 970; x_wconf 79' lang='lat' dir='ltr'><strong>p</strong></span> <span class='ocrx_word' id='word_1_95' title='bbox 1445 901 1499 956; x_wconf 91' lang='lat' dir='ltr'><strong>duo</strong></span> <span class='ocrx_word' id='word_1_96' title='bbox 1511 899 1681 956; x_wconf 88' lang='lat' dir='ltr'><strong>tetrachorda</strong></span> 
     </span>
     <span class='ocr_line' id='line_1_8' title="bbox 333 975 1681 1052; baseline 0 -20"><span class='ocrx_word' id='word_1_97' title='bbox 333 977 480 1046; x_wconf 85' lang='lat' dir='ltr'><strong>conjuncta</strong></span> <span class='ocrx_word' id='word_1_98' title='bbox 495 976 523 1030; x_wconf 93' lang='lat' dir='ltr'><strong>in</strong></span> <span class='ocrx_word' id='word_1_99' title='bbox 540 975 672 1044; x_wconf 74' lang='lat' dir='ltr'><strong>diapason</strong></span> <span class='ocrx_word' id='word_1_100' title='bbox 691 976 832 1044; x_wconf 80' lang='lat' dir='ltr'>superiori,</span> <span class='ocrx_word' id='word_1_101' title='bbox 851 982 879 1029; x_wconf 90' lang='lat' dir='ltr'><strong>et</strong></span> <span class='ocrx_word' id='word_1_102' title='bbox 897 975 916 1031; x_wconf 84' lang='lat' dir='ltr'><strong>d</strong></span> <span class='ocrx_word' id='word_1_103' title='bbox 933 975 1017 1030; x_wconf 86' lang='lat' dir='ltr'><strong>altera</strong></span> <span class='ocrx_word' id='word_1_104' title='bbox 1036 975 1197 1032; x_wconf 89' lang='lat' dir='ltr'><strong>chordarum</strong></span> <span class='ocrx_word' id='word_1_105' title='bbox 1216 991 1264 1030; x_wconf 90' lang='lat' dir='ltr'><strong>seu</strong></span> <span class='ocrx_word' id='word_1_106' title='bbox 1282 993 1365 1052; x_wconf 85' lang='lat' dir='ltr'><strong>sonus</strong></span> <span class='ocrx_word' id='word_1_107' title='bbox 1383 978 1589 1046; x_wconf 88' lang='lat' dir='ltr'><strong>conjunctionis.</strong></span> <span class='ocrx_word' id='word_1_108' title='bbox 1623 979 1681 1042; x_wconf 85' lang='lat' dir='ltr'><strong>(lie-</strong></span> 
     </span>
     <span class='ocr_line' id='line_1_9' title="bbox 332 1055 1681 1126; baseline 0 -14"><span class='ocrx_word' id='word_1_109' title='bbox 332 1057 407 1126; x_wconf 82' lang='lat' dir='ltr'><strong>liqua</strong></span> <span class='ocrx_word' id='word_1_110' title='bbox 424 1071 458 1111; x_wconf 81' lang='lat' dir='ltr'><strong>cx</strong></span> <span class='ocrx_word' id='word_1_111' title='bbox 475 1055 624 1126; x_wconf 87' lang='lat' dir='ltr'><strong>praemisso</strong></span> <span class='ocrx_word' id='word_1_112' title='bbox 649 1055 786 1111; x_wconf 82' lang='lat' dir='ltr'><strong>schemate</strong></span> <span class='ocrx_word' id='word_1_113' title='bbox 805 1063 885 1111; x_wconf 89' lang='lat' dir='ltr'><strong>erunt</strong></span> <span class='ocrx_word' id='word_1_114' title='bbox 902 1056 993 1122; x_wconf 88' lang='lat' dir='ltr'><strong>clara.)</strong></span> <span class='ocrx_word' id='word_1_115' title='bbox 1029 1056 1111 1110; x_wconf 90' lang='lat' dir='ltr'><strong>Vides</strong></span> <span class='ocrx_word' id='word_1_116' title='bbox 1129 1057 1175 1111; x_wconf 90' lang='lat' dir='ltr'><strong>hic</strong></span> <span class='ocrx_word' id='word_1_117' title='bbox 1192 1059 1280 1112; x_wconf 87' lang='lat' dir='ltr'><strong>redire</strong></span> <span class='ocrx_word' id='word_1_118' title='bbox 1299 1056 1370 1112; x_wconf 87' lang='lat' dir='ltr'><strong>idem</strong></span> <span class='ocrx_word' id='word_1_119' title='bbox 1387 1056 1593 1126; x_wconf 87' lang='lat' dir='ltr'><strong>incommodum,</strong></span> <span class='ocrx_word' id='word_1_120' title='bbox 1613 1055 1681 1125; x_wconf 88' lang='lat' dir='ltr'><strong>quod</strong></span> 
     </span>
     <span class='ocr_line' id='line_1_10' title="bbox 282 1127 1681 1207; baseline 0 -17"><span class='ocrx_word' id='word_1_121' title='bbox 282 1155 284 1164; x_wconf 61' lang='lat'><strong><em>⁴</em></strong></span> <span class='ocrx_word' id='word_1_122' title='bbox 334 1134 415 1190; x_wconf 85' lang='lat' dir='ltr'><strong>etiam</strong></span> <span class='ocrx_word' id='word_1_123' title='bbox 431 1149 516 1205; x_wconf 88' lang='lat' dir='ltr'><strong>supra</strong></span> <span class='ocrx_word' id='word_1_124' title='bbox 533 1133 623 1202; x_wconf 87' lang='lat' dir='ltr'><strong>capita</strong></span> <span class='ocrx_word' id='word_1_125' title='bbox 634 1134 659 1190; x_wconf 92' lang='lat'><strong>8.</strong></span> <span class='ocrx_word' id='word_1_126' title='bbox 679 1133 841 1190; x_wconf 77' lang='lat' dir='ltr'><strong>disturbavit</strong></span> <span class='ocrx_word' id='word_1_127' title='bbox 858 1135 1094 1202; x_wconf 78' lang='lat' dir='ltr'><strong>comparationem,</strong></span> <span class='ocrx_word' id='word_1_128' title='bbox 1114 1151 1151 1191; x_wconf 92' lang='lat' dir='ltr'><strong>sc.</strong></span> <span class='ocrx_word' id='word_1_129' title='bbox 1166 1137 1190 1188; x_wconf 92' lang='grc' dir='ltr'>Γ</span> <span class='ocrx_word' id='word_1_130' title='bbox 1206 1142 1233 1189; x_wconf 86' lang='grc' dir='ltr'><strong>ιι</strong></span> <span class='ocrx_word' id='word_1_131' title='bbox 1249 1153 1275 1207; x_wconf 76' lang='lat' dir='ltr'><strong>p,</strong></span> <span class='ocrx_word' id='word_1_132' title='bbox 1295 1135 1349 1206; x_wconf 81' lang='lat' dir='ltr'><strong>duo</strong></span> <span class='ocrx_word' id='word_1_133' title='bbox 1367 1136 1427 1190; x_wconf 89' lang='lat' dir='ltr'><strong>soni</strong></span> <span class='ocrx_word' id='word_1_134' title='bbox 1445 1149 1494 1203; x_wconf 90' lang='lat' dir='ltr'><strong>per</strong></span> <span class='ocrx_word' id='word_1_135' title='bbox 1511 1127 1681 1204; x_wconf 74' lang='lat' dir='ltr'><strong>disdiapason</strong></span> 
     </span>
     <span class='ocr_line' id='line_1_11' title="bbox 332 1212 1681 1284; baseline -0.001 -17"><span class='ocrx_word' id='word_1_136' title='bbox 332 1212 481 1280; x_wconf 84' lang='lat' dir='ltr'><strong>distantes,</strong></span> <span class='ocrx_word' id='word_1_137' title='bbox 509 1212 611 1267; x_wconf 88' lang='lat' dir='ltr'><strong>cadunt</strong></span> <span class='ocrx_word' id='word_1_138' title='bbox 636 1213 663 1267; x_wconf 91' lang='lat' dir='ltr'><strong>in</strong></span> <span class='ocrx_word' id='word_1_139' title='bbox 689 1213 760 1268; x_wconf 91' lang='lat' dir='ltr'><strong>idem</strong></span> <span class='ocrx_word' id='word_1_140' title='bbox 789 1221 920 1282; x_wconf 87' lang='lat' dir='ltr'><strong>puuctum</strong></span> <span class='ocrx_word' id='word_1_141' title='bbox 945 1213 1039 1280; x_wconf 85' lang='lat' dir='ltr'><strong>circuli</strong></span> <span class='ocrx_word' id='word_1_142' title='bbox 1067 1213 1276 1282; x_wconf 86' lang='lat' dir='ltr'><strong>apparitionum.</strong></span> <span class='ocrx_word' id='word_1_143' title='bbox 1313 1213 1410 1284; x_wconf 82' lang='lat' dir='ltr'><strong>Itaque</strong></span> <span class='ocrx_word' id='word_1_144' title='bbox 1436 1214 1480 1269; x_wconf 84' lang='lat' dir='ltr'><strong>rel</strong></span> <span class='ocrx_word' id='word_1_145' title='bbox 1503 1229 1537 1274; x_wconf 76' lang='lat' dir='ltr'><strong>ea</strong></span> <span class='ocrx_word' id='word_1_146' title='bbox 1555 1215 1609 1270; x_wconf 88' lang='lat' dir='ltr'><strong>hoc</strong></span> <span class='ocrx_word' id='word_1_147' title='bbox 1626 1213 1681 1270; x_wconf 89' lang='lat' dir='ltr'><strong>solo</strong></span> 
     </span>
    </p>
   </div>
   <div class='ocr_carea' id='block_1_3' title="bbox 251 1291 935 1362">
    <p class='ocr_par' dir='ltr' id='par_1_3' title="bbox 251 1291 935 1362">
     <span class='ocr_line' id='line_1_12' title="bbox 251 1291 935 1362; baseline 0.001 -17"><span class='ocrx_word' id='word_1_148' title='bbox 251 1307 255 1316; x_wconf 86' lang='lat'><strong>·</strong></span> <span class='ocrx_word' id='word_1_149' title='bbox 332 1298 461 1362; x_wconf 87' lang='lat' dir='ltr'><strong>apparet,</strong></span> <span class='ocrx_word' id='word_1_150' title='bbox 480 1297 602 1345; x_wconf 83' lang='grc' dir='ltr'>ιιιιιιιι</span> <span class='ocrx_word' id='word_1_151' title='bbox 620 1307 681 1346; x_wconf 85' lang='lat' dir='ltr'><strong>esse</strong></span> <span class='ocrx_word' id='word_1_152' title='bbox 699 1291 935 1360; x_wconf 86' lang='lat' dir='ltr'><strong>comparationem.</strong></span> 
     </span>
    </p>
   </div>
   <div class='ocr_carea' id='block_1_4' title="bbox 331 1377 1681 1528">
    <p class='ocr_par' dir='ltr' id='par_1_4' title="bbox 331 1377 1681 1528">
     <span class='ocr_line' id='line_1_13' title="bbox 417 1377 1681 1448; baseline 0 -14"><span class='ocrx_word' id='word_1_153' title='bbox 417 1377 491 1434; x_wconf 81' lang='lat' dir='ltr'><strong>Nota</strong></span> <span class='ocrx_word' id='word_1_154' title='bbox 507 1377 540 1433; x_wconf 85' lang='lat' dir='ltr'><strong>V.</strong></span> <span class='ocrx_word' id='word_1_155' title='bbox 578 1379 638 1434; x_wconf 84' lang='lat' dir='ltr'><strong>Vox</strong></span> <span class='ocrx_word' id='word_1_156' title='bbox 658 1395 796 1434; x_wconf 83' lang='lat' dir='ltr'><strong>‹rursum›</strong></span> <span class='ocrx_word' id='word_1_157' title='bbox 817 1378 913 1434; x_wconf 88' lang='lat' dir='ltr'><strong>alludit</strong></span> <span class='ocrx_word' id='word_1_158' title='bbox 931 1379 965 1432; x_wconf 90' lang='lat' dir='ltr'><strong>ad</strong></span> <span class='ocrx_word' id='word_1_159' title='bbox 984 1395 1042 1447; x_wconf 93' lang='lat' dir='ltr'><strong>cap.</strong></span> <span class='ocrx_word' id='word_1_160' title='bbox 1065 1379 1105 1447; x_wconf 78' lang='lat' dir='ltr'><strong>ill,</strong></span> <span class='ocrx_word' id='word_1_161' title='bbox 1124 1378 1189 1448; x_wconf 88' lang='lat' dir='ltr'><strong>qaia</strong></span> <span class='ocrx_word' id='word_1_162' title='bbox 1206 1379 1288 1432; x_wconf 87' lang='lat' dir='ltr'><strong>etiam</strong></span> <span class='ocrx_word' id='word_1_163' title='bbox 1305 1378 1343 1432; x_wconf 93' lang='lat' dir='ltr'><strong>ibi</strong></span> <span class='ocrx_word' id='word_1_164' title='bbox 1361 1385 1438 1433; x_wconf 82' lang='grc' dir='ltr'>ιιιιιι</span> <span class='ocrx_word' id='word_1_165' title='bbox 1457 1391 1521 1442; x_wconf 85' lang='grc' dir='ltr'>(ιιι</span> <span class='ocrx_word' id='word_1_166' title='bbox 1539 1390 1570 1436; x_wconf 88' lang='grc' dir='ltr'><strong>ιι</strong></span> <span class='ocrx_word' id='word_1_167' title='bbox 1588 1381 1632 1436; x_wconf 92' lang='lat' dir='ltr'><strong>hic</strong></span> <span class='ocrx_word' id='word_1_168' title='bbox 1649 1397 1681 1434; x_wconf 81' lang='lat' dir='ltr'><strong>er</strong></span> 
     </span>
     <span class='ocr_line' id='line_1_14' title="bbox 331 1456 1574 1528; baseline 0.001 -17"><span class='ocrx_word' id='word_1_169' title='bbox 331 1456 414 1512; x_wconf 89' lang='lat' dir='ltr'><strong>radiis</strong></span> <span class='ocrx_word' id='word_1_170' title='bbox 432 1457 511 1526; x_wconf 86' lang='lat' dir='ltr'><strong>Solis,</strong></span> <span class='ocrx_word' id='word_1_171' title='bbox 528 1457 577 1512; x_wconf 90' lang='lat' dir='ltr'><strong>sad</strong></span> <span class='ocrx_word' id='word_1_172' title='bbox 595 1473 628 1512; x_wconf 81' lang='lat' dir='ltr'><strong>ea</strong></span> <span class='ocrx_word' id='word_1_173' title='bbox 646 1457 785 1512; x_wconf 84' lang='lat' dir='ltr'><strong>horizonte</strong></span> <span class='ocrx_word' id='word_1_174' title='bbox 803 1457 949 1525; x_wconf 81' lang='lat' dir='ltr'><strong>mundano)</strong></span> <span class='ocrx_word' id='word_1_175' title='bbox 969 1456 1177 1528; x_wconf 80' lang='lat' dir='ltr'><strong>comparabatur</strong></span> <span class='ocrx_word' id='word_1_176' title='bbox 1195 1473 1265 1512; x_wconf 90' lang='grc' dir='ltr'>ιοιι</span> <span class='ocrx_word' id='word_1_177' title='bbox 1282 1457 1337 1510; x_wconf 90' lang='lat' dir='ltr'><strong>imo</strong></span> <span class='ocrx_word' id='word_1_178' title='bbox 1356 1464 1384 1517; x_wconf 86' lang='lat' dir='ltr'><strong>et</strong></span> <span class='ocrx_word' id='word_1_179' title='bbox 1402 1457 1574 1526; x_wconf 73' lang='lat' dir='ltr'><strong>gravissima</strong></span> 
     </span>
    </p>
   </div>
   <div class='ocr_carea' id='block_1_5' title="bbox 313 1545 1682 2014">
    <p class='ocr_par' dir='ltr' id='par_1_5' title="bbox 330 1545 1682 1856">
     <span class='ocr_line' id='line_1_15' title="bbox 418 1545 1682 1618; baseline -0.002 -15"><span class='ocrx_word' id='word_1_180' title='bbox 418 1549 491 1603; x_wconf 86' lang='lat' dir='ltr'><strong>Nota</strong></span> <span class='ocrx_word' id='word_1_181' title='bbox 508 1549 554 1604; x_wconf 80' lang='lat' dir='ltr'><strong>vi.</strong></span> <span class='ocrx_word' id='word_1_182' title='bbox 589 1547 644 1602; x_wconf 86' lang='lat' dir='ltr'><strong>Pro</strong></span> <span class='ocrx_word' id='word_1_183' title='bbox 662 1547 741 1602; x_wconf 77' lang='lat' dir='ltr'><strong>nium</strong></span> <span class='ocrx_word' id='word_1_184' title='bbox 768 1549 939 1616; x_wconf 85' lang='lat' dir='ltr'><strong>superiorum</strong></span> <span class='ocrx_word' id='word_1_185' title='bbox 965 1553 993 1601; x_wconf 91' lang='lat' dir='ltr'><strong>et</strong></span> <span class='ocrx_word' id='word_1_186' title='bbox 1012 1547 1107 1601; x_wconf 91' lang='lat' dir='ltr'><strong>Lunae</strong></span> <span class='ocrx_word' id='word_1_187' title='bbox 1125 1545 1352 1603; x_wconf 87' lang='lat' dir='ltr'><strong>occultationibus</strong></span> <span class='ocrx_word' id='word_1_188' title='bbox 1370 1545 1484 1618; x_wconf 77' lang='lat' dir='ltr'><strong>singulis</strong></span> <span class='ocrx_word' id='word_1_189' title='bbox 1504 1555 1568 1603; x_wconf 91' lang='lat' dir='ltr'><strong>sunt</strong></span> <span class='ocrx_word' id='word_1_190' title='bbox 1585 1547 1682 1603; x_wconf 87' lang='lat' dir='ltr'><strong>Venari</strong></span> 
     </span>
     <span class='ocr_line' id='line_1_16' title="bbox 332 1625 1681 1698; baseline -0.001 -14"><span class='ocrx_word' id='word_1_191' title='bbox 332 1636 361 1684; x_wconf 90' lang='lat' dir='ltr'><strong>at</strong></span> <span class='ocrx_word' id='word_1_192' title='bbox 377 1627 512 1683; x_wconf 80' lang='lat' dir='ltr'><strong>Mercurio</strong></span> <span class='ocrx_word' id='word_1_193' title='bbox 530 1627 619 1694; x_wconf 88' lang='lat' dir='ltr'><strong>binae,</strong></span> <span class='ocrx_word' id='word_1_194' title='bbox 639 1643 709 1695; x_wconf 89' lang='lat' dir='ltr'><strong>quae</strong></span> <span class='ocrx_word' id='word_1_195' title='bbox 728 1627 781 1682; x_wconf 88' lang='lat' dir='ltr'><strong>situ</strong></span> <span class='ocrx_word' id='word_1_196' title='bbox 799 1626 969 1695; x_wconf 89' lang='lat' dir='ltr'><strong>planetarum</strong></span> <span class='ocrx_word' id='word_1_197' title='bbox 987 1627 1015 1681; x_wconf 88' lang='lat' dir='ltr'><strong>iu</strong></span> <span class='ocrx_word' id='word_1_198' title='bbox 1033 1627 1190 1682; x_wconf 82' lang='lat' dir='ltr'><strong>summarel</strong></span> <span class='ocrx_word' id='word_1_199' title='bbox 1208 1628 1263 1682; x_wconf 91' lang='lat' dir='ltr'><strong>ima</strong></span> <span class='ocrx_word' id='word_1_200' title='bbox 1281 1626 1377 1696; x_wconf 88' lang='lat' dir='ltr'><strong>apside</strong></span> <span class='ocrx_word' id='word_1_201' title='bbox 1389 1627 1594 1698; x_wconf 75' lang='lat' dir='ltr'><strong>distinguuntur</strong></span> <span class='ocrx_word' id='word_1_202' title='bbox 1611 1625 1681 1683; x_wconf 90' lang='lat' dir='ltr'><strong>inde·</strong></span> 
     </span>
     <span class='ocr_line' id='line_1_17' title="bbox 332 1705 1681 1784; baseline -0.001 -21"><span class='ocrx_word' id='word_1_203' title='bbox 332 1711 386 1776; x_wconf 84' lang='lat' dir='ltr'><strong>que</strong></span> <span class='ocrx_word' id='word_1_204' title='bbox 404 1706 619 1781; x_wconf 85' lang='lat' dir='ltr'><strong>denominantur.</strong></span> <span class='ocrx_word' id='word_1_205' title='bbox 656 1705 762 1784; x_wconf 71' lang='lat' dir='ltr'><strong>Dicitur</strong></span> <span class='ocrx_word' id='word_1_206' title='bbox 789 1720 853 1775; x_wconf 74' lang='lat' dir='ltr'><strong>ergo</strong></span> <span class='ocrx_word' id='word_1_207' title='bbox 882 1705 1001 1762; x_wconf 84' lang='lat' dir='ltr'><strong>secunda</strong></span> <span class='ocrx_word' id='word_1_208' title='bbox 1019 1706 1164 1763; x_wconf 85' lang='lat' dir='ltr'><strong>occultatio</strong></span> <span class='ocrx_word' id='word_1_209' title='bbox 1191 1707 1293 1776; x_wconf 79' lang='lat' dir='ltr'><strong>primae</strong></span> <span class='ocrx_word' id='word_1_210' title='bbox 1322 1707 1479 1778; x_wconf 81' lang='lat' dir='ltr'><strong>‹opposita›</strong></span> <span class='ocrx_word' id='word_1_211' title='bbox 1499 1723 1554 1761; x_wconf 92' lang='lat' dir='ltr'><strong>nou</strong></span> <span class='ocrx_word' id='word_1_212' title='bbox 1580 1715 1681 1778; x_wconf 67' lang='grc' dir='ltr'>ιιιζιιιι</span> 
     </span>
     <span class='ocr_line' id='line_1_18' title="bbox 330 1784 1681 1856; baseline -0.001 -14"><span class='ocrx_word' id='word_1_213' title='bbox 330 1793 442 1855; x_wconf 86' lang='lat' dir='ltr'><strong>propter</strong></span> <span class='ocrx_word' id='word_1_214' title='bbox 460 1784 540 1840; x_wconf 91' lang='lat' dir='ltr'><strong>situm</strong></span> <span class='ocrx_word' id='word_1_215' title='bbox 557 1785 631 1840; x_wconf 88' lang='lat' dir='ltr'><strong>huuc</strong></span> <span class='ocrx_word' id='word_1_216' title='bbox 648 1784 744 1840; x_wconf 90' lang='lat' dir='ltr'><strong>sideris</strong></span> <span class='ocrx_word' id='word_1_217' title='bbox 762 1784 789 1840; x_wconf 90' lang='lat' dir='ltr'><strong>in</strong></span> <span class='ocrx_word' id='word_1_218' title='bbox 818 1785 944 1855; x_wconf 86' lang='lat' dir='ltr'><strong>opposita</strong></span> <span class='ocrx_word' id='word_1_219' title='bbox 962 1785 1055 1842; x_wconf 89' lang='lat' dir='ltr'><strong>circuli</strong></span> <span class='ocrx_word' id='word_1_220' title='bbox 1073 1793 1165 1854; x_wconf 88' lang='lat' dir='ltr'><strong>parte,</strong></span> <span class='ocrx_word' id='word_1_221' title='bbox 1193 1785 1242 1841; x_wconf 89' lang='lat' dir='ltr'><strong>sed</strong></span> <span class='ocrx_word' id='word_1_222' title='bbox 1259 1785 1344 1840; x_wconf 90' lang='lat' dir='ltr'><strong>multo</strong></span> <span class='ocrx_word' id='word_1_223' title='bbox 1363 1786 1448 1856; x_wconf 79' lang='lat' dir='ltr'><strong>magis</strong></span> <span class='ocrx_word' id='word_1_224' title='bbox 1465 1795 1580 1855; x_wconf 85' lang='lat' dir='ltr'><strong>propter</strong></span> <span class='ocrx_word' id='word_1_225' title='bbox 1597 1787 1681 1856; x_wconf 89' lang='lat' dir='ltr'><strong>ipsam</strong></span> 
     </span>
    </p>

    <p class='ocr_par' dir='ltr' id='par_1_6' title="bbox 313 1863 1680 2014">
     <span class='ocr_line' id='line_1_19' title="bbox 313 1863 1680 1936; baseline -0.001 -18"><span class='ocrx_word' id='word_1_226' title='bbox 313 1885 315 1893; x_wconf 93' lang='lat'>·</span> <span class='ocrx_word' id='word_1_227' title='bbox 330 1863 513 1919; x_wconf 89' lang='lat' dir='ltr'><strong>conditionem</strong></span> <span class='ocrx_word' id='word_1_228' title='bbox 532 1863 730 1919; x_wconf 82' lang='lat' dir='ltr'><strong>occultationis.</strong></span> <span class='ocrx_word' id='word_1_229' title='bbox 766 1865 836 1920; x_wconf 89' lang='lat' dir='ltr'><strong>Nem</strong></span> <span class='ocrx_word' id='word_1_230' title='bbox 853 1867 883 1921; x_wconf 92' lang='lat' dir='ltr'><strong>iu</strong></span> <span class='ocrx_word' id='word_1_231' title='bbox 900 1868 987 1936; x_wconf 89' lang='lat' dir='ltr'><strong>prima</strong></span> <span class='ocrx_word' id='word_1_232' title='bbox 1006 1864 1177 1921; x_wconf 88' lang='lat' dir='ltr'><strong>occultantur</strong></span> <span class='ocrx_word' id='word_1_233' title='bbox 1203 1865 1340 1928; x_wconf 88' lang='lat' dir='ltr'><strong>matutini,</strong></span> <span class='ocrx_word' id='word_1_234' title='bbox 1368 1872 1509 1933; x_wconf 71' lang='lat' dir='ltr'><strong>emergunt</strong></span> <span class='ocrx_word' id='word_1_235' title='bbox 1527 1865 1680 1934; x_wconf 79' lang='lat' dir='ltr'><strong>vespertini,</strong></span> 
     </span>
     <span class='ocr_line' id='line_1_20' title="bbox 330 1943 1680 2014; baseline -0.001 -16"><span class='ocrx_word' id='word_1_236' title='bbox 330 1949 362 1998; x_wconf 85' lang='lat' dir='ltr'><strong>m</strong></span> <span class='ocrx_word' id='word_1_237' title='bbox 377 1943 468 2013; x_wconf 75' lang='lat' dir='ltr'><strong>Luna,</strong></span> <span class='ocrx_word' id='word_1_238' title='bbox 486 1945 516 1998; x_wconf 91' lang='lat' dir='ltr'><strong>in</strong></span> <span class='ocrx_word' id='word_1_239' title='bbox 527 1944 647 2000; x_wconf 88' lang='lat' dir='ltr'><strong>secunda</strong></span> <span class='ocrx_word' id='word_1_240' title='bbox 658 1959 721 1998; x_wconf 84' lang='lat' dir='ltr'><strong>raro</strong></span> <span class='ocrx_word' id='word_1_241' title='bbox 740 1944 912 2002; x_wconf 86' lang='lat' dir='ltr'><strong>occultantur</strong></span> <span class='ocrx_word' id='word_1_242' title='bbox 924 1943 1077 2014; x_wconf 83' lang='lat' dir='ltr'><strong>vespertini,</strong></span> <span class='ocrx_word' id='word_1_243' title='bbox 1096 1952 1237 2014; x_wconf 84' lang='lat' dir='ltr'><strong>emergunt</strong></span> <span class='ocrx_word' id='word_1_244' title='bbox 1249 1945 1384 2014; x_wconf 88' lang='lat' dir='ltr'><strong>matutini,</strong></span> <span class='ocrx_word' id='word_1_245' title='bbox 1403 1951 1434 1998; x_wconf 90' lang='lat' dir='ltr'><strong>ut</strong></span> <span class='ocrx_word' id='word_1_246' title='bbox 1445 1951 1501 2000; x_wconf 89' lang='lat' dir='ltr'><strong>tres</strong></span> <span class='ocrx_word' id='word_1_247' title='bbox 1519 1943 1680 2012; x_wconf 77' lang='lat' dir='ltr'><strong>superiores.</strong></span> 
     </span>
    </p>
   </div>
   <div class='ocr_carea' id='block_1_6' title="bbox 324 2030 1679 2822">
    <p class='ocr_par' dir='ltr' id='par_1_7' title="bbox 324 2030 1679 2822">
     <span class='ocr_line' id='line_1_21' title="bbox 324 2030 1678 2110; baseline 0 -16"><span class='ocrx_word' id='word_1_248' title='bbox 324 2030 327 2041; x_wconf 83' lang='lat'>&#39;</span> <span class='ocrx_word' id='word_1_249' title='bbox 416 2041 490 2096; x_wconf 86' lang='lat' dir='ltr'><strong>Nota</strong></span> <span class='ocrx_word' id='word_1_250' title='bbox 508 2040 566 2095; x_wconf 90' lang='lat' dir='ltr'><strong>Vll.</strong></span> <span class='ocrx_word' id='word_1_251' title='bbox 604 2040 807 2096; x_wconf 89' lang='lat' dir='ltr'><strong>Dubitaticnem</strong></span> <span class='ocrx_word' id='word_1_252' title='bbox 830 2041 928 2109; x_wconf 87' lang='lat' dir='ltr'><strong>habet,</strong></span> <span class='ocrx_word' id='word_1_253' title='bbox 955 2057 1009 2110; x_wconf 89' lang='lat' dir='ltr'><strong>qua</strong></span> <span class='ocrx_word' id='word_1_254' title='bbox 1035 2057 1065 2094; x_wconf 91' lang='lat' dir='ltr'><strong>re</strong></span> <span class='ocrx_word' id='word_1_255' title='bbox 1096 2043 1222 2096; x_wconf 86' lang='lat' dir='ltr'><strong>metiatur</strong></span> <span class='ocrx_word' id='word_1_256' title='bbox 1244 2039 1413 2095; x_wconf 89' lang='lat' dir='ltr'><strong>latitudinem</strong></span> <span class='ocrx_word' id='word_1_257' title='bbox 1437 2041 1505 2094; x_wconf 89' lang='lat' dir='ltr'><strong>situs</strong></span> <span class='ocrx_word' id='word_1_258' title='bbox 1523 2040 1678 2110; x_wconf 70' lang='lat' dir='ltr'><strong>acronyohi:</strong></span> 
     </span>
     <span class='ocr_line' id='line_1_22' title="bbox 330 2118 1677 2190; baseline -0.003 -15"><span class='ocrx_word' id='word_1_259' title='bbox 330 2135 393 2175; x_wconf 89' lang='lat' dir='ltr'><strong>nem</strong></span> <span class='ocrx_word' id='word_1_260' title='bbox 411 2119 519 2176; x_wconf 80' lang='lat' dir='ltr'><strong>uidetur</strong></span> <span class='ocrx_word' id='word_1_261' title='bbox 535 2120 645 2190; x_wconf 88' lang='lat' dir='ltr'><strong>planeta</strong></span> <span class='ocrx_word' id='word_1_262' title='bbox 662 2137 717 2175; x_wconf 90' lang='lat' dir='ltr'><strong>una</strong></span> <span class='ocrx_word' id='word_1_263' title='bbox 734 2126 762 2174; x_wconf 92' lang='lat' dir='ltr'><strong>et</strong></span> <span class='ocrx_word' id='word_1_264' title='bbox 780 2118 873 2173; x_wconf 87' lang='lat' dir='ltr'><strong>eadem</strong></span> <span class='ocrx_word' id='word_1_265' title='bbox 893 2119 937 2174; x_wconf 91' lang='lat' dir='ltr'><strong>die</strong></span> <span class='ocrx_word' id='word_1_266' title='bbox 955 2119 990 2184; x_wconf 76' lang='lat' dir='ltr'><strong>(si</strong></span> <span class='ocrx_word' id='word_1_267' title='bbox 1007 2118 1153 2178; x_wconf 89' lang='lat' dir='ltr'><strong>latitudine</strong></span> <span class='ocrx_word' id='word_1_268' title='bbox 1171 2122 1253 2186; x_wconf 75' lang='lat' dir='ltr'><strong>caret)</strong></span> <span class='ocrx_word' id='word_1_269' title='bbox 1281 2127 1309 2174; x_wconf 90' lang='lat' dir='ltr'><strong>et</strong></span> <span class='ocrx_word' id='word_1_270' title='bbox 1326 2120 1391 2175; x_wconf 89' lang='lat' dir='ltr'><strong>oriri</strong></span> <span class='ocrx_word' id='word_1_271' title='bbox 1407 2120 1435 2174; x_wconf 92' lang='lat' dir='ltr'><strong>in</strong></span> <span class='ocrx_word' id='word_1_272' title='bbox 1454 2137 1507 2174; x_wconf 91' lang='lat' dir='ltr'><strong>uno</strong></span> <span class='ocrx_word' id='word_1_273' title='bbox 1526 2119 1616 2175; x_wconf 90' lang='lat' dir='ltr'><strong>noctis</strong></span> <span class='ocrx_word' id='word_1_274' title='bbox 1635 2134 1677 2172; x_wconf 81' lang='lat' dir='ltr'><strong>ex·</strong></span> 
     </span>
     <span class='ocr_line' id='line_1_23' title="bbox 330 2197 1679 2268; baseline -0.001 -15"><span class='ocrx_word' id='word_1_275' title='bbox 330 2207 425 2268; x_wconf 88' lang='lat' dir='ltr'><strong>tremo,</strong></span> <span class='ocrx_word' id='word_1_276' title='bbox 443 2215 481 2254; x_wconf 91' lang='lat' dir='ltr'><strong>sc.</strong></span> <span class='ocrx_word' id='word_1_277' title='bbox 499 2197 529 2252; x_wconf 93' lang='lat' dir='ltr'><strong>iu</strong></span> <span class='ocrx_word' id='word_1_278' title='bbox 548 2198 607 2266; x_wconf 86' lang='lat' dir='ltr'><strong>ejus</strong></span> <span class='ocrx_word' id='word_1_279' title='bbox 625 2197 765 2268; x_wconf 89' lang='lat' dir='ltr'><strong>principio,</strong></span> <span class='ocrx_word' id='word_1_280' title='bbox 784 2205 812 2250; x_wconf 88' lang='lat' dir='ltr'><strong>et</strong></span> <span class='ocrx_word' id='word_1_281' title='bbox 830 2198 954 2253; x_wconf 91' lang='lat' dir='ltr'><strong>occidere</strong></span> <span class='ocrx_word' id='word_1_282' title='bbox 972 2197 1000 2252; x_wconf 90' lang='lat' dir='ltr'><strong>iu</strong></span> <span class='ocrx_word' id='word_1_283' title='bbox 1019 2197 1140 2265; x_wconf 77' lang='lat' dir='ltr'><strong>eJusdem</strong></span> <span class='ocrx_word' id='word_1_284' title='bbox 1158 2197 1212 2252; x_wconf 89' lang='lat' dir='ltr'><strong>fine</strong></span> <span class='ocrx_word' id='word_1_285' title='bbox 1232 2213 1280 2252; x_wconf 91' lang='lat' dir='ltr'><strong>seu</strong></span> <span class='ocrx_word' id='word_1_286' title='bbox 1299 2205 1419 2254; x_wconf 86' lang='lat' dir='ltr'><strong>extremo</strong></span> <span class='ocrx_word' id='word_1_287' title='bbox 1438 2200 1536 2254; x_wconf 89' lang='lat' dir='ltr'><strong>altero.</strong></span> <span class='ocrx_word' id='word_1_288' title='bbox 1563 2199 1603 2252; x_wconf 83' lang='lat' dir='ltr'><strong>At</strong></span> <span class='ocrx_word' id='word_1_289' title='bbox 1620 2197 1679 2251; x_wconf 83' lang='lat' dir='ltr'><strong>Pto</strong></span> 
     </span>
     <span class='ocr_line' id='line_1_24' title="bbox 330 2276 1678 2347; baseline -0.001 -16"><span class='ocrx_word' id='word_1_290' title='bbox 330 2276 449 2333; x_wconf 89' lang='lat' dir='ltr'><strong>lemaeua</strong></span> <span class='ocrx_word' id='word_1_291' title='bbox 468 2277 639 2332; x_wconf 84' lang='lat' dir='ltr'><strong>interuallum</strong></span> <span class='ocrx_word' id='word_1_292' title='bbox 657 2277 735 2345; x_wconf 91' lang='lat' dir='ltr'><strong>ponit</strong></span> <span class='ocrx_word' id='word_1_293' title='bbox 746 2279 928 2346; x_wconf 78' lang='lat' dir='ltr'><strong>avespertino</strong></span> <span class='ocrx_word' id='word_1_294' title='bbox 947 2285 1008 2331; x_wconf 89' lang='lat' dir='ltr'><strong>ortu</strong></span> <span class='ocrx_word' id='word_1_295' title='bbox 1026 2293 1112 2345; x_wconf 88' lang='lat' dir='ltr'><strong>usque</strong></span> <span class='ocrx_word' id='word_1_296' title='bbox 1130 2277 1164 2331; x_wconf 91' lang='lat' dir='ltr'><strong>ad</strong></span> <span class='ocrx_word' id='word_1_297' title='bbox 1183 2276 1344 2332; x_wconf 85' lang='lat' dir='ltr'><strong>matutinum</strong></span> <span class='ocrx_word' id='word_1_298' title='bbox 1358 2277 1518 2333; x_wconf 90' lang='lat' dir='ltr'><strong>occubitum</strong></span> <span class='ocrx_word' id='word_1_299' title='bbox 1539 2276 1678 2347; x_wconf 80' lang='lat' dir='ltr'><strong>Quomodo</strong></span> 
     </span>
     <span class='ocr_line' id='line_1_25' title="bbox 328 2353 1679 2424; baseline -0.001 -13"><span class='ocrx_word' id='word_1_300' title='bbox 328 2363 419 2411; x_wconf 86' lang='lat' dir='ltr'><strong>autem</strong></span> <span class='ocrx_word' id='word_1_301' title='bbox 437 2355 533 2409; x_wconf 89' lang='lat' dir='ltr'><strong>horum</strong></span> <span class='ocrx_word' id='word_1_302' title='bbox 551 2353 661 2424; x_wconf 86' lang='lat' dir='ltr'><strong>aliquod</strong></span> <span class='ocrx_word' id='word_1_303' title='bbox 680 2363 723 2409; x_wconf 91' lang='lat' dir='ltr'><strong>est</strong></span> <span class='ocrx_word' id='word_1_304' title='bbox 747 2355 939 2413; x_wconf 80' lang='lat' dir='ltr'><strong>interuallum?</strong></span> <span class='ocrx_word' id='word_1_305' title='bbox 974 2357 1106 2412; x_wconf 83' lang='lat' dir='ltr'><strong>Nimirum</strong></span> <span class='ocrx_word' id='word_1_306' title='bbox 1134 2356 1240 2424; x_wconf 81' lang='lat' dir='ltr'><strong>vesperi</strong></span> <span class='ocrx_word' id='word_1_307' title='bbox 1267 2363 1332 2410; x_wconf 89' lang='lat' dir='ltr'><strong>tuuc</strong></span> <span class='ocrx_word' id='word_1_308' title='bbox 1359 2356 1510 2411; x_wconf 89' lang='lat' dir='ltr'><strong>censendus</strong></span> <span class='ocrx_word' id='word_1_309' title='bbox 1538 2362 1581 2410; x_wconf 89' lang='lat' dir='ltr'><strong>est</strong></span> <span class='ocrx_word' id='word_1_310' title='bbox 1609 2355 1679 2421; x_wconf 89' lang='lat' dir='ltr'><strong>oriri,</strong></span> 
     </span>
     <span class='ocr_line' id='line_1_26' title="bbox 329 2433 1679 2505; baseline -0.001 -14"><span class='ocrx_word' id='word_1_311' title='bbox 329 2453 390 2491; x_wconf 89' lang='lat' dir='ltr'><strong>cum</strong></span> <span class='ocrx_word' id='word_1_312' title='bbox 409 2434 455 2489; x_wconf 88' lang='lat' dir='ltr'><strong>Sol</strong></span> <span class='ocrx_word' id='word_1_313' title='bbox 473 2440 580 2490; x_wconf 88' lang='lat' dir='ltr'><strong>tantum</strong></span> <span class='ocrx_word' id='word_1_314' title='bbox 595 2433 652 2503; x_wconf 88' lang='lat' dir='ltr'><strong>jam</strong></span> <span class='ocrx_word' id='word_1_315' title='bbox 671 2433 810 2488; x_wconf 89' lang='lat' dir='ltr'><strong>demersus</strong></span> <span class='ocrx_word' id='word_1_316' title='bbox 830 2442 880 2503; x_wconf 89' lang='lat' dir='ltr'><strong>est,</strong></span> <span class='ocrx_word' id='word_1_317' title='bbox 900 2443 930 2490; x_wconf 93' lang='grc' dir='ltr'><strong>ιι</strong></span> <span class='ocrx_word' id='word_1_318' title='bbox 949 2437 1039 2490; x_wconf 84' lang='grc' dir='ltr'>ιιίιιι</span> <span class='ocrx_word' id='word_1_319' title='bbox 1056 2435 1168 2504; x_wconf 90' lang='lat' dir='ltr'><strong>planeta</strong></span> <span class='ocrx_word' id='word_1_320' title='bbox 1187 2435 1277 2490; x_wconf 89' lang='lat' dir='ltr'><strong>statim</strong></span> <span class='ocrx_word' id='word_1_321' title='bbox 1295 2435 1326 2490; x_wconf 91' lang='lat' dir='ltr'><strong>in</strong></span> <span class='ocrx_word' id='word_1_322' title='bbox 1342 2435 1402 2504; x_wconf 94' lang='lat' dir='ltr'><strong>ipso</strong></span> <span class='ocrx_word' id='word_1_323' title='bbox 1415 2444 1477 2492; x_wconf 88' lang='lat' dir='ltr'><strong>ortu</strong></span> <span class='ocrx_word' id='word_1_324' title='bbox 1494 2437 1568 2491; x_wconf 84' lang='lat' dir='ltr'><strong>cerni</strong></span> <span class='ocrx_word' id='word_1_325' title='bbox 1585 2437 1679 2505; x_wconf 78' lang='lat' dir='ltr'><strong>possit,</strong></span> 
     </span>
     <span class='ocr_line' id='line_1_27' title="bbox 330 2513 1678 2586; baseline -0.001 -17"><span class='ocrx_word' id='word_1_326' title='bbox 330 2513 402 2584; x_wconf 91' lang='lat' dir='ltr'><strong>quod</strong></span> <span class='ocrx_word' id='word_1_327' title='bbox 420 2513 452 2568; x_wconf 90' lang='lat' dir='ltr'><strong>iit</strong></span> <span class='ocrx_word' id='word_1_328' title='bbox 469 2518 532 2568; x_wconf 85' lang='lat' dir='ltr'><strong>ante</strong></span> <span class='ocrx_word' id='word_1_329' title='bbox 549 2521 704 2568; x_wconf 86' lang='lat' dir='ltr'><strong>accuratam</strong></span> <span class='ocrx_word' id='word_1_330' title='bbox 723 2513 938 2583; x_wconf 87' lang='lat' dir='ltr'><strong>oppositionem,</strong></span> <span class='ocrx_word' id='word_1_331' title='bbox 966 2513 1077 2583; x_wconf 87' lang='lat' dir='ltr'><strong>planeta</strong></span> <span class='ocrx_word' id='word_1_332' title='bbox 1095 2521 1170 2568; x_wconf 86' lang='lat' dir='ltr'><strong>motu</strong></span> <span class='ocrx_word' id='word_1_333' title='bbox 1197 2515 1354 2582; x_wconf 77' lang='lat' dir='ltr'><strong>retrogrado</strong></span> <span class='ocrx_word' id='word_1_334' title='bbox 1372 2514 1461 2570; x_wconf 86' lang='lat' dir='ltr'><strong>adhuc</strong></span> <span class='ocrx_word' id='word_1_335' title='bbox 1480 2516 1553 2570; x_wconf 88' lang='lat' dir='ltr'><strong>ultra</strong></span> <span class='ocrx_word' id='word_1_336' title='bbox 1570 2515 1678 2586; x_wconf 91' lang='lat' dir='ltr'><strong>opposi-</strong></span> 
     </span>
     <span class='ocr_line' id='line_1_28' title="bbox 327 2591 1677 2664; baseline 0.003 -16"><span class='ocrx_word' id='word_1_337' title='bbox 327 2593 430 2648; x_wconf 88' lang='lat' dir='ltr'><strong>tionem</strong></span> <span class='ocrx_word' id='word_1_338' title='bbox 446 2591 475 2645; x_wconf 92' lang='lat' dir='ltr'><strong>iu</strong></span> <span class='ocrx_word' id='word_1_339' title='bbox 493 2591 722 2661; x_wconf 90' lang='lat' dir='ltr'><strong>consequentibus</strong></span> <span class='ocrx_word' id='word_1_340' title='bbox 740 2599 874 2648; x_wconf 81' lang='lat' dir='ltr'><strong>versante.</strong></span> <span class='ocrx_word' id='word_1_341' title='bbox 893 2591 1036 2649; x_wconf 87' lang='lat' dir='ltr'><strong>·Vieissim</strong></span> <span class='ocrx_word' id='word_1_342' title='bbox 1054 2603 1120 2648; x_wconf 90' lang='grc' dir='ltr'>ιιιι</span> <span class='ocrx_word' id='word_1_343' title='bbox 1138 2609 1216 2648; x_wconf 89' lang='lat' dir='ltr'><strong>mane</strong></span> <span class='ocrx_word' id='word_1_344' title='bbox 1235 2593 1387 2648; x_wconf 90' lang='lat' dir='ltr'><strong>censendus</strong></span> <span class='ocrx_word' id='word_1_345' title='bbox 1406 2599 1448 2648; x_wconf 89' lang='lat' dir='ltr'><strong>est</strong></span> <span class='ocrx_word' id='word_1_346' title='bbox 1466 2593 1599 2664; x_wconf 87' lang='lat' dir='ltr'><strong>occidere,</strong></span> <span class='ocrx_word' id='word_1_347' title='bbox 1619 2612 1677 2653; x_wconf 87' lang='lat' dir='ltr'><strong>cum</strong></span> 
     </span>
     <span class='ocr_line' id='line_1_29' title="bbox 329 2670 1678 2743; baseline 0.001 -17"><span class='ocrx_word' id='word_1_348' title='bbox 329 2671 376 2726; x_wconf 84' lang='lat' dir='ltr'><strong>Sol</strong></span> <span class='ocrx_word' id='word_1_349' title='bbox 394 2670 482 2726; x_wconf 90' lang='lat' dir='ltr'><strong>adhuc</strong></span> <span class='ocrx_word' id='word_1_350' title='bbox 500 2677 578 2726; x_wconf 88' lang='lat' dir='ltr'><strong>tauto</strong></span> <span class='ocrx_word' id='word_1_351' title='bbox 597 2673 685 2741; x_wconf 89' lang='lat' dir='ltr'><strong>spatio</strong></span> <span class='ocrx_word' id='word_1_352' title='bbox 704 2671 754 2727; x_wconf 90' lang='lat' dir='ltr'><strong>sub</strong></span> <span class='ocrx_word' id='word_1_353' title='bbox 773 2672 940 2728; x_wconf 85' lang='lat' dir='ltr'><strong>horizontem</strong></span> <span class='ocrx_word' id='word_1_354' title='bbox 959 2672 1098 2728; x_wconf 85' lang='lat' dir='ltr'><strong>demersus</strong></span> <span class='ocrx_word' id='word_1_355' title='bbox 1118 2681 1175 2738; x_wconf 89' lang='lat' dir='ltr'><strong>est,</strong></span> <span class='ocrx_word' id='word_1_356' title='bbox 1204 2679 1234 2726; x_wconf 89' lang='lat' dir='ltr'><strong>ut</strong></span> <span class='ocrx_word' id='word_1_357' title='bbox 1252 2671 1363 2740; x_wconf 85' lang='lat' dir='ltr'><strong>planeta</strong></span> <span class='ocrx_word' id='word_1_358' title='bbox 1379 2673 1408 2727; x_wconf 93' lang='lat' dir='ltr'><strong>iu</strong></span> <span class='ocrx_word' id='word_1_359' title='bbox 1426 2673 1561 2743; x_wconf 88' lang='lat' dir='ltr'><strong>ipsissimo</strong></span> <span class='ocrx_word' id='word_1_360' title='bbox 1582 2691 1678 2732; x_wconf 85' lang='lat' dir='ltr'><strong>occasu</strong></span> 
     </span>
     <span class='ocr_line' id='line_1_30' title="bbox 328 2749 1679 2822; baseline 0.001 -16"><span class='ocrx_word' id='word_1_361' title='bbox 328 2749 491 2806; x_wconf 85' lang='lat' dir='ltr'><strong>constitutus</strong></span> <span class='ocrx_word' id='word_1_362' title='bbox 510 2751 584 2805; x_wconf 90' lang='lat' dir='ltr'><strong>cerni</strong></span> <span class='ocrx_word' id='word_1_363' title='bbox 602 2749 701 2819; x_wconf 84' lang='lat' dir='ltr'><strong>possit,</strong></span> <span class='ocrx_word' id='word_1_364' title='bbox 728 2751 800 2819; x_wconf 90' lang='lat' dir='ltr'><strong>quod</strong></span> <span class='ocrx_word' id='word_1_365' title='bbox 818 2751 850 2806; x_wconf 89' lang='lat' dir='ltr'><strong>fit</strong></span> <span class='ocrx_word' id='word_1_366' title='bbox 867 2759 930 2822; x_wconf 89' lang='lat' dir='ltr'><strong>post</strong></span> <span class='ocrx_word' id='word_1_367' title='bbox 948 2757 1101 2806; x_wconf 86' lang='lat' dir='ltr'><strong>accuratam</strong></span> <span class='ocrx_word' id='word_1_368' title='bbox 1120 2750 1335 2819; x_wconf 89' lang='lat' dir='ltr'><strong>oppositionem,</strong></span> <span class='ocrx_word' id='word_1_369' title='bbox 1364 2751 1481 2821; x_wconf 89' lang='lat' dir='ltr'><strong>planetis</strong></span> <span class='ocrx_word' id='word_1_370' title='bbox 1500 2761 1576 2810; x_wconf 90' lang='lat' dir='ltr'><strong>motu</strong></span> <span class='ocrx_word' id='word_1_371' title='bbox 1596 2763 1679 2810; x_wconf 87' lang='lat' dir='ltr'><strong>retro·</strong></span> 
     </span>
    </p>
   </div>
   <div class='ocr_carea' id='block_1_7' title="bbox 238 2827 1678 2900">
    <p class='ocr_par' dir='ltr' id='par_1_8' title="bbox 238 2827 1678 2900">
     <span class='ocr_line' id='line_1_31' title="bbox 238 2827 1678 2900; baseline 0.004 -19"><span class='ocrx_word' id='word_1_372' title='bbox 238 2869 242 2876; x_wconf 81' lang='grc'><em>,</em></span> <span class='ocrx_word' id='word_1_373' title='bbox 327 2827 411 2897; x_wconf 76' lang='lat' dir='ltr'><strong>grado</strong></span> <span class='ocrx_word' id='word_1_374' title='bbox 434 2828 492 2896; x_wconf 84' lang='lat' dir='ltr'><strong>jam</strong></span> <span class='ocrx_word' id='word_1_375' title='bbox 510 2837 573 2884; x_wconf 89' lang='lat' dir='ltr'><strong>aute</strong></span> <span class='ocrx_word' id='word_1_376' title='bbox 591 2829 662 2884; x_wconf 85' lang='lat' dir='ltr'><strong>Solis</strong></span> <span class='ocrx_word' id='word_1_377' title='bbox 683 2829 838 2900; x_wconf 91' lang='lat' dir='ltr'><strong>oppositum</strong></span> <span class='ocrx_word' id='word_1_378' title='bbox 857 2831 963 2886; x_wconf 88' lang='lat' dir='ltr'><strong>delatis.</strong></span> <span class='ocrx_word' id='word_1_379' title='bbox 999 2831 1083 2886; x_wconf 82' lang='lat' dir='ltr'><strong>Notat</strong></span> <span class='ocrx_word' id='word_1_380' title='bbox 1101 2845 1163 2884; x_wconf 82' lang='lat' dir='ltr'><strong>vero</strong></span> <span class='ocrx_word' id='word_1_381' title='bbox 1191 2829 1280 2886; x_wconf 86' lang='lat' dir='ltr'><strong>iocum</strong></span> <span class='ocrx_word' id='word_1_382' title='bbox 1303 2831 1375 2887; x_wconf 90' lang='lat' dir='ltr'><strong>hunc</strong></span> <span class='ocrx_word' id='word_1_383' title='bbox 1393 2848 1427 2886; x_wconf 85' lang='lat' dir='ltr'><strong>ex</strong></span> <span class='ocrx_word' id='word_1_384' title='bbox 1445 2831 1604 2890; x_wconf 85' lang='lat' dir='ltr'><strong>Ptolemaeo</strong></span> <span class='ocrx_word' id='word_1_385' title='bbox 1624 2841 1678 2888; x_wconf 87' lang='lat' dir='ltr'><strong>stu·</strong></span> 
     </span>
    </p>
   </div>
   <div class='ocr_carea' id='block_1_8' title="bbox 327 2905 1678 3308">
    <p class='ocr_par' dir='ltr' id='par_1_9' title="bbox 327 2905 1678 3308">
     <span class='ocr_line' id='line_1_32' title="bbox 328 2905 1676 2979; baseline 0.003 -17"><span class='ocrx_word' id='word_1_386' title='bbox 328 2905 421 2962; x_wconf 85' lang='lat' dir='ltr'><strong>diosus</strong></span> <span class='ocrx_word' id='word_1_387' title='bbox 448 2909 628 2962; x_wconf 89' lang='lat' dir='ltr'><strong>astronomiae</strong></span> <span class='ocrx_word' id='word_1_388' title='bbox 656 2909 832 2978; x_wconf 75' lang='lat' dir='ltr'><strong>conteratque</strong></span> <span class='ocrx_word' id='word_1_389' title='bbox 860 2928 919 2964; x_wconf 90' lang='lat' dir='ltr'><strong>cum</strong></span> <span class='ocrx_word' id='word_1_390' title='bbox 947 2912 996 2976; x_wconf 89' lang='lat' dir='ltr'><strong>iis,</strong></span> <span class='ocrx_word' id='word_1_391' title='bbox 1021 2925 1092 2979; x_wconf 88' lang='lat' dir='ltr'><strong>quae</strong></span> <span class='ocrx_word' id='word_1_392' title='bbox 1117 2909 1146 2963; x_wconf 90' lang='lat' dir='ltr'><strong>in</strong></span> <span class='ocrx_word' id='word_1_393' title='bbox 1163 2910 1305 2979; x_wconf 84' lang='lat' dir='ltr'><strong>Epitomes</strong></span> <span class='ocrx_word' id='word_1_394' title='bbox 1324 2913 1513 2967; x_wconf 73' lang='lat' dir='ltr'><strong>astronomiae</strong></span> <span class='ocrx_word' id='word_1_395' title='bbox 1539 2912 1611 2968; x_wconf 91' lang='lat' dir='ltr'><strong>libro</strong></span> <span class='ocrx_word' id='word_1_396' title='bbox 1630 2911 1676 2966; x_wconf 92' lang='lat' dir='ltr'><strong>lll.</strong></span> 
     </span>
     <span class='ocr_line' id='line_1_33' title="bbox 328 2987 1678 3060; baseline 0.001 -18"><span class='ocrx_word' id='word_1_397' title='bbox 328 2994 423 3042; x_wconf 89' lang='lat' dir='ltr'><strong>contra</strong></span> <span class='ocrx_word' id='word_1_398' title='bbox 440 2987 577 3056; x_wconf 80' lang='lat' dir='ltr'><strong>uulgarem</strong></span> <span class='ocrx_word' id='word_1_399' title='bbox 594 2989 763 3044; x_wconf 82' lang='lat' dir='ltr'><strong>usumvocis</strong></span> <span class='ocrx_word' id='word_1_400' title='bbox 781 2991 948 3060; x_wconf 84' lang='lat' dir='ltr'><strong>acronychos</strong></span> <span class='ocrx_word' id='word_1_401' title='bbox 967 2989 1115 3058; x_wconf 84' lang='lat' dir='ltr'><strong>disputari:</strong></span> <span class='ocrx_word' id='word_1_402' title='bbox 1134 2989 1243 3057; x_wconf 86' lang='lat' dir='ltr'><strong>videbit,</strong></span> <span class='ocrx_word' id='word_1_403' title='bbox 1262 2991 1296 3045; x_wconf 90' lang='lat' dir='ltr'><strong>ad</strong></span> <span class='ocrx_word' id='word_1_404' title='bbox 1311 2998 1429 3046; x_wconf 87' lang='lat' dir='ltr'><strong>mentem</strong></span> <span class='ocrx_word' id='word_1_405' title='bbox 1449 2991 1601 3047; x_wconf 86' lang='lat' dir='ltr'><strong>Ptolemaei</strong></span> <span class='ocrx_word' id='word_1_406' title='bbox 1619 3005 1678 3046; x_wconf 89' lang='lat' dir='ltr'><strong>esse</strong></span> 
     </span>
     <span class='ocr_line' id='line_1_34' title="bbox 328 3066 1678 3139; baseline 0.001 -19"><span class='ocrx_word' id='word_1_407' title='bbox 328 3066 426 3132; x_wconf 77' lang='lat' dir='ltr'><strong>omnia.</strong></span> <span class='ocrx_word' id='word_1_408' title='bbox 461 3067 602 3124; x_wconf 85' lang='lat' dir='ltr'><strong>Potuisset</strong></span> <span class='ocrx_word' id='word_1_409' title='bbox 618 3067 700 3124; x_wconf 87' lang='lat' dir='ltr'><strong>etiam</strong></span> <span class='ocrx_word' id='word_1_410' title='bbox 718 3067 770 3122; x_wconf 91' lang='lat' dir='ltr'><strong>hoc</strong></span> <span class='ocrx_word' id='word_1_411' title='bbox 789 3071 921 3139; x_wconf 89' lang='lat' dir='ltr'><strong>spatium,</strong></span> <span class='ocrx_word' id='word_1_412' title='bbox 940 3069 1013 3139; x_wconf 90' lang='lat' dir='ltr'><strong>qnod</strong></span> <span class='ocrx_word' id='word_1_413' title='bbox 1030 3075 1095 3122; x_wconf 90' lang='grc' dir='ltr'>ιιιι</span> <span class='ocrx_word' id='word_1_414' title='bbox 1115 3067 1276 3136; x_wconf 78' lang='lat' dir='ltr'><strong>disJunetivo</strong></span> <span class='ocrx_word' id='word_1_415' title='bbox 1295 3068 1427 3139; x_wconf 81' lang='lat' dir='ltr'><strong>vindicat,</strong></span> <span class='ocrx_word' id='word_1_416' title='bbox 1447 3069 1534 3124; x_wconf 88' lang='lat' dir='ltr'><strong>metiri</strong></span> <span class='ocrx_word' id='word_1_417' title='bbox 1554 3085 1621 3126; x_wconf 90' lang='lat' dir='ltr'><strong>areu</strong></span> <span class='ocrx_word' id='word_1_418' title='bbox 1638 3085 1678 3125; x_wconf 88' lang='lat' dir='ltr'><strong>re·</strong></span> 
     </span>
     <span class='ocr_line' id='line_1_35' title="bbox 327 3147 1676 3220; baseline 0.003 -19"><span class='ocrx_word' id='word_1_419' title='bbox 327 3147 549 3216; x_wconf 62' lang='lat' dir='ltr'><strong>degradationis,</strong></span> <span class='ocrx_word' id='word_1_420' title='bbox 576 3147 628 3204; x_wconf 87' lang='lat' dir='ltr'><strong>nisi</strong></span> <span class='ocrx_word' id='word_1_421' title='bbox 646 3148 690 3204; x_wconf 91' lang='lat' dir='ltr'><strong>hlc</strong></span> <span class='ocrx_word' id='word_1_422' title='bbox 708 3148 821 3203; x_wconf 68' lang='lat' dir='ltr'><strong>&amp;versis</strong></span> <span class='ocrx_word' id='word_1_423' title='bbox 848 3147 966 3217; x_wconf 92' lang='lat' dir='ltr'><strong>planetis</strong></span> <span class='ocrx_word' id='word_1_424' title='bbox 986 3147 1107 3202; x_wconf 76' lang='lat' dir='ltr'><strong>diversus</strong></span> <span class='ocrx_word' id='word_1_425' title='bbox 1135 3155 1208 3201; x_wconf 89' lang='lat' dir='ltr'><strong>esset</strong></span> <span class='ocrx_word' id='word_1_426' title='bbox 1235 3155 1262 3201; x_wconf 92' lang='grc' dir='ltr'><strong>ιι</strong></span> <span class='ocrx_word' id='word_1_427' title='bbox 1279 3148 1332 3203; x_wconf 91' lang='lat' dir='ltr'><strong>nisi</strong></span> <span class='ocrx_word' id='word_1_428' title='bbox 1349 3150 1442 3204; x_wconf 85' lang='lat' dir='ltr'><strong>Venus</strong></span> <span class='ocrx_word' id='word_1_429' title='bbox 1460 3152 1676 3220; x_wconf 81' lang='lat' dir='ltr'><strong>Mercuriusque,</strong></span> 
     </span>
     <span class='ocr_line' id='line_1_36' title="bbox 328 3226 1543 3308; baseline 0.002 -26"><span class='ocrx_word' id='word_1_430' title='bbox 328 3227 609 3308; x_wconf 79' lang='lat' dir='ltr'><strong>praeterquamquod</strong></span> <span class='ocrx_word' id='word_1_431' title='bbox 628 3235 693 3284; x_wconf 88' lang='lat' dir='ltr'><strong>sunt</strong></span> <span class='ocrx_word' id='word_1_432' title='bbox 710 3228 868 3298; x_wconf 78' lang='lat' dir='ltr'><strong>retrogradi,</strong></span> <span class='ocrx_word' id='word_1_433' title='bbox 888 3227 941 3283; x_wconf 91' lang='lat' dir='ltr'><strong>hoc</strong></span> <span class='ocrx_word' id='word_1_434' title='bbox 958 3226 1076 3296; x_wconf 86' lang='lat' dir='ltr'><strong>spatium</strong></span> <span class='ocrx_word' id='word_1_435' title='bbox 1096 3227 1176 3281; x_wconf 88' lang='lat' dir='ltr'><strong>etism</strong></span> <span class='ocrx_word' id='word_1_436' title='bbox 1195 3227 1377 3284; x_wconf 87' lang='lat' dir='ltr'><strong>occultatione</strong></span> <span class='ocrx_word' id='word_1_437' title='bbox 1394 3229 1543 3298; x_wconf 78' lang='lat' dir='ltr'><strong>signarent.</strong></span> 
     </span>
    </p>
   </div>
   <div class='ocr_carea' id='block_1_9' title="bbox 295 3315 1678 3866">
    <p class='ocr_par' dir='ltr' id='par_1_10' title="bbox 295 3315 1678 3866">
     <span class='ocr_line' id='line_1_37' title="bbox 414 3315 1678 3392; baseline 0 -22"><span class='ocrx_word' id='word_1_438' title='bbox 414 3317 487 3371; x_wconf 88' lang='lat' dir='ltr'><strong>Nota</strong></span> <span class='ocrx_word' id='word_1_439' title='bbox 499 3316 577 3392; x_wconf 72' lang='lat' dir='ltr'><strong>uin.</strong></span> <span class='ocrx_word' id='word_1_440' title='bbox 603 3317 719 3372; x_wconf 87' lang='lat' dir='ltr'><strong>Pulchre</strong></span> <span class='ocrx_word' id='word_1_441' title='bbox 737 3318 781 3373; x_wconf 86' lang='lat' dir='ltr'><strong>hic</strong></span> <span class='ocrx_word' id='word_1_442' title='bbox 798 3325 909 3386; x_wconf 69' lang='lat' dir='ltr'><strong>argentus</strong></span> <span class='ocrx_word' id='word_1_443' title='bbox 928 3321 978 3384; x_wconf 87' lang='lat' dir='ltr'><strong>est,</strong></span> <span class='ocrx_word' id='word_1_444' title='bbox 998 3315 1080 3384; x_wconf 90' lang='lat' dir='ltr'><strong>quod,</strong></span> <span class='ocrx_word' id='word_1_445' title='bbox 1099 3332 1160 3369; x_wconf 90' lang='lat' dir='ltr'><strong>cum</strong></span> <span class='ocrx_word' id='word_1_446' title='bbox 1171 3316 1264 3370; x_wconf 79' lang='lat' dir='ltr'><strong>Venus</strong></span> <span class='ocrx_word' id='word_1_447' title='bbox 1283 3321 1311 3371; x_wconf 91' lang='lat' dir='ltr'><strong>et</strong></span> <span class='ocrx_word' id='word_1_448' title='bbox 1322 3315 1474 3372; x_wconf 89' lang='lat' dir='ltr'><strong>Mercurius</strong></span> <span class='ocrx_word' id='word_1_449' title='bbox 1491 3317 1570 3372; x_wconf 90' lang='lat' dir='ltr'><strong>binas</strong></span> <span class='ocrx_word' id='word_1_450' title='bbox 1589 3315 1678 3374; x_wconf 86' lang='lat' dir='ltr'><strong>occul·</strong></span> 
     </span>
     <span class='ocr_line' id='line_1_38' title="bbox 326 3393 1676 3467; baseline 0.001 -17"><span class='ocrx_word' id='word_1_451' title='bbox 326 3396 444 3450; x_wconf 86' lang='lat' dir='ltr'><strong>tatioues</strong></span> <span class='ocrx_word' id='word_1_452' title='bbox 461 3395 594 3464; x_wconf 84' lang='lat' dir='ltr'><strong>habeant,</strong></span> <span class='ocrx_word' id='word_1_453' title='bbox 613 3395 709 3466; x_wconf 91' lang='lat' dir='ltr'><strong>reliqui</strong></span> <span class='ocrx_word' id='word_1_454' title='bbox 727 3404 831 3454; x_wconf 85' lang='lat' dir='ltr'><strong>tantum</strong></span> <span class='ocrx_word' id='word_1_455' title='bbox 850 3393 985 3467; x_wconf 73' lang='lat' dir='ltr'><strong>singulas,</strong></span> <span class='ocrx_word' id='word_1_456' title='bbox 1005 3395 1117 3450; x_wconf 88' lang='lat' dir='ltr'><strong>alterius</strong></span> <span class='ocrx_word' id='word_1_457' title='bbox 1136 3394 1194 3451; x_wconf 82' lang='lat' dir='ltr'><strong>vice</strong></span> <span class='ocrx_word' id='word_1_458' title='bbox 1214 3394 1241 3450; x_wconf 90' lang='lat' dir='ltr'><strong>in</strong></span> <span class='ocrx_word' id='word_1_459' title='bbox 1260 3396 1385 3460; x_wconf 86' lang='lat' dir='ltr'><strong>Saturno,</strong></span> <span class='ocrx_word' id='word_1_460' title='bbox 1402 3397 1479 3466; x_wconf 83' lang='lat' dir='ltr'><strong>Jove,</strong></span> <span class='ocrx_word' id='word_1_461' title='bbox 1499 3399 1588 3452; x_wconf 84' lang='lat' dir='ltr'><strong>Marte</strong></span> <span class='ocrx_word' id='word_1_462' title='bbox 1608 3398 1676 3452; x_wconf 88' lang='lat' dir='ltr'><strong>situs</strong></span> 
     </span>
     <span class='ocr_line' id='line_1_39' title="bbox 295 3472 1677 3546; baseline 0.001 -18"><span class='ocrx_word' id='word_1_463' title='bbox 295 3513 296 3516; x_wconf 21' lang='grc' dir='ltr'>ι</span> <span class='ocrx_word' id='word_1_464' title='bbox 326 3472 503 3543; x_wconf 79' lang='lat' dir='ltr'><strong>acronychios</strong></span> <span class='ocrx_word' id='word_1_465' title='bbox 520 3474 610 3543; x_wconf 85' lang='lat' dir='ltr'><strong>ponit,</strong></span> <span class='ocrx_word' id='word_1_466' title='bbox 637 3475 665 3530; x_wconf 89' lang='lat' dir='ltr'><strong>in</strong></span> <span class='ocrx_word' id='word_1_467' title='bbox 692 3476 772 3530; x_wconf 88' lang='lat' dir='ltr'><strong>Luna</strong></span> <span class='ocrx_word' id='word_1_468' title='bbox 796 3474 987 3546; x_wconf 74' lang='lat' dir='ltr'><strong>plenilunium,</strong></span> <span class='ocrx_word' id='word_1_469' title='bbox 1014 3473 1137 3528; x_wconf 90' lang='lat' dir='ltr'><strong>tribuens</strong></span> <span class='ocrx_word' id='word_1_470' title='bbox 1165 3473 1252 3528; x_wconf 90' lang='lat' dir='ltr'><strong>ethis</strong></span> <span class='ocrx_word' id='word_1_471' title='bbox 1275 3475 1488 3544; x_wconf 87' lang='lat' dir='ltr'><strong>apparitionibus</strong></span> <span class='ocrx_word' id='word_1_472' title='bbox 1508 3477 1588 3531; x_wconf 90' lang='lat' dir='ltr'><strong>unius</strong></span> <span class='ocrx_word' id='word_1_473' title='bbox 1608 3475 1677 3544; x_wconf 74' lang='lat' dir='ltr'><strong>sigui</strong></span> 
     </span>
     <span class='ocr_line' id='line_1_40' title="bbox 325 3551 1675 3623; baseline 0.001 -15"><span class='ocrx_word' id='word_1_474' title='bbox 325 3551 510 3622; x_wconf 89' lang='lat' dir='ltr'><strong>latitudinem,</strong></span> <span class='ocrx_word' id='word_1_475' title='bbox 529 3569 675 3622; x_wconf 85' lang='lat' dir='ltr'><strong>perquam</strong></span> <span class='ocrx_word' id='word_1_476' title='bbox 694 3553 851 3610; x_wconf 81' lang='lat' dir='ltr'><strong>indifferens</strong></span> <span class='ocrx_word' id='word_1_477' title='bbox 870 3562 960 3609; x_wconf 89' lang='lat' dir='ltr'><strong>manet</strong></span> <span class='ocrx_word' id='word_1_478' title='bbox 978 3554 1122 3623; x_wconf 89' lang='lat' dir='ltr'><strong>apparitio,</strong></span> <span class='ocrx_word' id='word_1_479' title='bbox 1141 3569 1190 3608; x_wconf 90' lang='lat' dir='ltr'><strong>uec</strong></span> <span class='ocrx_word' id='word_1_480' title='bbox 1209 3553 1339 3608; x_wconf 87' lang='lat' dir='ltr'><strong>intactum</strong></span> <span class='ocrx_word' id='word_1_481' title='bbox 1358 3570 1407 3608; x_wconf 90' lang='lat' dir='ltr'><strong>nec</strong></span> <span class='ocrx_word' id='word_1_482' title='bbox 1425 3553 1491 3610; x_wconf 91' lang='lat' dir='ltr'><strong>illud</strong></span> <span class='ocrx_word' id='word_1_483' title='bbox 1510 3554 1675 3623; x_wconf 87' lang='lat' dir='ltr'><strong>relinquens,</strong></span> 
     </span>
     <span class='ocr_line' id='line_1_41' title="bbox 325 3630 1677 3704; baseline 0.001 -18"><span class='ocrx_word' id='word_1_484' title='bbox 325 3630 398 3701; x_wconf 91' lang='lat' dir='ltr'><strong>qnod</strong></span> <span class='ocrx_word' id='word_1_485' title='bbox 409 3630 496 3702; x_wconf 83' lang='lat' dir='ltr'><strong>Luna,</strong></span> <span class='ocrx_word' id='word_1_486' title='bbox 515 3638 645 3700; x_wconf 87' lang='lat' dir='ltr'><strong>quantum</strong></span> <span class='ocrx_word' id='word_1_487' title='bbox 658 3635 780 3702; x_wconf 84' lang='lat' dir='ltr'><strong>acquirat</strong></span> <span class='ocrx_word' id='word_1_488' title='bbox 791 3635 899 3690; x_wconf 89' lang='lat' dir='ltr'><strong>luminis</strong></span> <span class='ocrx_word' id='word_1_489' title='bbox 917 3634 944 3687; x_wconf 94' lang='lat' dir='ltr'><strong>in</strong></span> <span class='ocrx_word' id='word_1_490' title='bbox 963 3632 1091 3690; x_wconf 89' lang='lat' dir='ltr'><strong>distantia</strong></span> <span class='ocrx_word' id='word_1_491' title='bbox 1109 3633 1189 3686; x_wconf 92' lang='lat' dir='ltr'><strong>unius</strong></span> <span class='ocrx_word' id='word_1_492' title='bbox 1208 3631 1277 3700; x_wconf 85' lang='lat' dir='ltr'><strong>signi</strong></span> <span class='ocrx_word' id='word_1_493' title='bbox 1296 3649 1311 3686; x_wconf 91' lang='lat' dir='ltr'><strong>a</strong></span> <span class='ocrx_word' id='word_1_494' title='bbox 1331 3633 1401 3701; x_wconf 89' lang='lat' dir='ltr'><strong>Sole,</strong></span> <span class='ocrx_word' id='word_1_495' title='bbox 1420 3637 1526 3688; x_wconf 86' lang='grc' dir='ltr'>ιιιιιιι</span> <span class='ocrx_word' id='word_1_496' title='bbox 1545 3633 1677 3704; x_wconf 86' lang='lat' dir='ltr'><strong>deperdat</strong></span> 
     </span>
     <span class='ocr_line' id='line_1_42' title="bbox 323 3709 1677 3783; baseline 0.004 -19"><span class='ocrx_word' id='word_1_497' title='bbox 323 3711 352 3764; x_wconf 91' lang='lat' dir='ltr'><strong>iu</strong></span> <span class='ocrx_word' id='word_1_498' title='bbox 370 3709 499 3768; x_wconf 87' lang='lat' dir='ltr'><strong>distantia</strong></span> <span class='ocrx_word' id='word_1_499' title='bbox 516 3713 595 3768; x_wconf 91' lang='lat' dir='ltr'><strong>unius</strong></span> <span class='ocrx_word' id='word_1_500' title='bbox 613 3713 682 3783; x_wconf 77' lang='lat' dir='ltr'><strong>signi</strong></span> <span class='ocrx_word' id='word_1_501' title='bbox 702 3730 718 3768; x_wconf 90' lang='lat' dir='ltr'><strong>a</strong></span> <span class='ocrx_word' id='word_1_502' title='bbox 738 3713 808 3768; x_wconf 87' lang='lat' dir='ltr'><strong>Solis</strong></span> <span class='ocrx_word' id='word_1_503' title='bbox 832 3714 971 3783; x_wconf 90' lang='lat' dir='ltr'><strong>opposito:</strong></span> <span class='ocrx_word' id='word_1_504' title='bbox 1001 3712 1074 3781; x_wconf 91' lang='lat' dir='ltr'><strong>quod</strong></span> <span class='ocrx_word' id='word_1_505' title='bbox 1100 3719 1239 3781; x_wconf 87' lang='lat' dir='ltr'><strong>comparat</strong></span> <span class='ocrx_word' id='word_1_506' title='bbox 1267 3727 1327 3766; x_wconf 92' lang='lat' dir='ltr'><strong>cum</strong></span> <span class='ocrx_word' id='word_1_507' title='bbox 1354 3711 1565 3766; x_wconf 87' lang='lat' dir='ltr'><strong>identisonantia</strong></span> <span class='ocrx_word' id='word_1_508' title='bbox 1591 3713 1677 3783; x_wconf 86' lang='lat' dir='ltr'><strong>ipsius</strong></span> 
     </span>
     <span class='ocr_line' id='line_1_43' title="bbox 324 3787 1553 3866; baseline 0.002 -24"><span class='ocrx_word' id='word_1_509' title='bbox 324 3787 463 3859; x_wconf 89' lang='lat' dir='ltr'><strong>diapason,</strong></span> <span class='ocrx_word' id='word_1_510' title='bbox 482 3791 558 3846; x_wconf 89' lang='lat' dir='ltr'><strong>utin</strong></span> <span class='ocrx_word' id='word_1_511' title='bbox 577 3808 630 3860; x_wconf 91' lang='lat' dir='ltr'><strong>qua</strong></span> <span class='ocrx_word' id='word_1_512' title='bbox 649 3800 691 3847; x_wconf 89' lang='grc' dir='ltr'><strong>ιιι</strong></span> <span class='ocrx_word' id='word_1_513' title='bbox 707 3793 789 3866; x_wconf 78' lang='lat' dir='ltr'><strong>etiam</strong></span> <span class='ocrx_word' id='word_1_514' title='bbox 806 3792 834 3846; x_wconf 94' lang='lat' dir='ltr'><strong>in</strong></span> <span class='ocrx_word' id='word_1_515' title='bbox 853 3792 985 3861; x_wconf 89' lang='lat' dir='ltr'><strong>oppositis</strong></span> <span class='ocrx_word' id='word_1_516' title='bbox 1004 3791 1117 3846; x_wconf 81' lang='lat' dir='ltr'><strong>uocibus</strong></span> <span class='ocrx_word' id='word_1_517' title='bbox 1135 3791 1268 3860; x_wconf 88' lang='lat' dir='ltr'><strong>quaedam</strong></span> <span class='ocrx_word' id='word_1_518' title='bbox 1287 3792 1384 3846; x_wconf 81' lang='lat' dir='ltr'><strong>unitas.</strong></span> <span class='ocrx_word' id='word_1_519' title='bbox 1542 3791 1553 3806; x_wconf 80' lang='grc'><strong>“</strong></span> 
     </span>
    </p>
   </div>
   <div class='ocr_carea' id='block_1_10' title="bbox 269 3885 1675 4352">
    <p class='ocr_par' dir='ltr' id='par_1_11' title="bbox 269 3885 1675 4352">
     <span class='ocr_line' id='line_1_44' title="bbox 410 3885 1674 3964; baseline 0.002 -24"><span class='ocrx_word' id='word_1_520' title='bbox 410 3885 484 3940; x_wconf 85' lang='lat' dir='ltr'><strong>Nota</strong></span> <span class='ocrx_word' id='word_1_521' title='bbox 500 3885 547 3940; x_wconf 87' lang='lat' dir='ltr'><strong>IX.</strong></span> <span class='ocrx_word' id='word_1_522' title='bbox 584 3885 763 3942; x_wconf 84' lang='lat' dir='ltr'><strong>Confitentem</strong></span> <span class='ocrx_word' id='word_1_523' title='bbox 780 3889 911 3944; x_wconf 90' lang='lat' dir='ltr'><strong>habemus</strong></span> <span class='ocrx_word' id='word_1_524' title='bbox 929 3887 1128 3955; x_wconf 84' lang='lat' dir='ltr'><strong>Ptolemaeum,</strong></span> <span class='ocrx_word' id='word_1_525' title='bbox 1156 3901 1186 3941; x_wconf 90' lang='lat' dir='ltr'><strong>se</strong></span> <span class='ocrx_word' id='word_1_526' title='bbox 1204 3887 1419 3964; x_wconf 75' lang='lat' dir='ltr'><strong>comparaticnes</strong></span> <span class='ocrx_word' id='word_1_527' title='bbox 1439 3885 1546 3942; x_wconf 89' lang='lat' dir='ltr'><strong>tradere</strong></span> <span class='ocrx_word' id='word_1_528' title='bbox 1564 3889 1674 3942; x_wconf 91' lang='lat' dir='ltr'><strong>minime</strong></span> 
     </span>
     <span class='ocr_line' id='line_1_45' title="bbox 324 3965 1675 4038; baseline 0 -17"><span class='ocrx_word' id='word_1_529' title='bbox 324 3972 479 4034; x_wconf 86' lang='lat' dir='ltr'><strong>accuratas,</strong></span> <span class='ocrx_word' id='word_1_530' title='bbox 507 3979 569 4020; x_wconf 90' lang='lat' dir='ltr'><strong>cum</strong></span> <span class='ocrx_word' id='word_1_531' title='bbox 588 3973 681 4020; x_wconf 87' lang='lat' dir='ltr'><strong>utatur</strong></span> <span class='ocrx_word' id='word_1_532' title='bbox 706 3983 772 4022; x_wconf 83' lang='lat' dir='ltr'><strong>voce</strong></span> <span class='ocrx_word' id='word_1_533' title='bbox 792 3968 1055 4038; x_wconf 73' lang='lat' dir='ltr'><strong>«quamproxime».</strong></span> <span class='ocrx_word' id='word_1_534' title='bbox 1092 3968 1130 4022; x_wconf 84' lang='lat' dir='ltr'><strong>Et</strong></span> <span class='ocrx_word' id='word_1_535' title='bbox 1155 3981 1200 4020; x_wconf 91' lang='lat' dir='ltr'><strong>res</strong></span> <span class='ocrx_word' id='word_1_536' title='bbox 1218 3965 1278 4034; x_wconf 88' lang='lat' dir='ltr'><strong>ipsa</strong></span> <span class='ocrx_word' id='word_1_537' title='bbox 1295 3965 1426 4036; x_wconf 85' lang='lat' dir='ltr'><strong>loquitur,</strong></span> <span class='ocrx_word' id='word_1_538' title='bbox 1455 3983 1516 4022; x_wconf 90' lang='lat' dir='ltr'><strong>cum</strong></span> <span class='ocrx_word' id='word_1_539' title='bbox 1535 3968 1590 4022; x_wconf 90' lang='lat' dir='ltr'><strong>sint</strong></span> <span class='ocrx_word' id='word_1_540' title='bbox 1607 3967 1675 4022; x_wconf 86' lang='lat' dir='ltr'><strong>haec</strong></span> 
     </span>
     <span class='ocr_line' id='line_1_46' title="bbox 324 4043 1674 4116; baseline 0.002 -18"><span class='ocrx_word' id='word_1_541' title='bbox 324 4044 535 4114; x_wconf 69' lang='lat' dir='ltr'><strong>occulmionum</strong></span> <span class='ocrx_word' id='word_1_542' title='bbox 552 4043 696 4101; x_wconf 79' lang='lat' dir='ltr'><strong>interualla</strong></span> <span class='ocrx_word' id='word_1_543' title='bbox 722 4047 750 4100; x_wconf 89' lang='lat' dir='ltr'><strong>iu</strong></span> <span class='ocrx_word' id='word_1_544' title='bbox 766 4046 879 4102; x_wconf 84' lang='lat' dir='ltr'><strong>diuersis</strong></span> <span class='ocrx_word' id='word_1_545' title='bbox 906 4047 1023 4115; x_wconf 90' lang='lat' dir='ltr'><strong>planetis</strong></span> <span class='ocrx_word' id='word_1_546' title='bbox 1041 4045 1238 4114; x_wconf 83' lang='lat' dir='ltr'><strong>diuersissima,</strong></span> <span class='ocrx_word' id='word_1_547' title='bbox 1263 4045 1413 4100; x_wconf 82' lang='lat' dir='ltr'><strong>invenere</strong></span> <span class='ocrx_word' id='word_1_548' title='bbox 1439 4044 1576 4100; x_wconf 88' lang='lat' dir='ltr'><strong>interdum</strong></span> <span class='ocrx_word' id='word_1_549' title='bbox 1594 4045 1674 4116; x_wconf 88' lang='lat' dir='ltr'><strong>plaue</strong></span> 
     </span>
     <span class='ocr_line' id='line_1_47' title="bbox 269 4123 1674 4195; baseline 0.001 -17"><span class='ocrx_word' id='word_1_550' title='bbox 269 4151 273 4163; x_wconf 89' lang='lat'><em>·</em></span> <span class='ocrx_word' id='word_1_551' title='bbox 323 4123 413 4192; x_wconf 90' lang='lat' dir='ltr'><strong>nulla,</strong></span> <span class='ocrx_word' id='word_1_552' title='bbox 432 4132 463 4179; x_wconf 93' lang='lat' dir='ltr'><strong>ut</strong></span> <span class='ocrx_word' id='word_1_553' title='bbox 480 4123 533 4178; x_wconf 91' lang='lat' dir='ltr'><strong>hoc</strong></span> <span class='ocrx_word' id='word_1_554' title='bbox 551 4140 622 4179; x_wconf 89' lang='lat' dir='ltr'><strong>auno</strong></span> <span class='ocrx_word' id='word_1_555' title='bbox 644 4126 719 4181; x_wconf 79' lang='lat'><strong>1619.</strong></span> <span class='ocrx_word' id='word_1_556' title='bbox 738 4125 900 4192; x_wconf 84' lang='lat' dir='ltr'><strong>Februario,</strong></span> <span class='ocrx_word' id='word_1_557' title='bbox 928 4141 990 4180; x_wconf 89' lang='lat' dir='ltr'><strong>cum</strong></span> <span class='ocrx_word' id='word_1_558' title='bbox 1007 4124 1082 4195; x_wconf 90' lang='lat' dir='ltr'><strong>prius</strong></span> <span class='ocrx_word' id='word_1_559' title='bbox 1101 4131 1144 4180; x_wconf 91' lang='lat' dir='ltr'><strong>est</strong></span> <span class='ocrx_word' id='word_1_560' title='bbox 1162 4131 1222 4180; x_wconf 89' lang='lat' dir='ltr'><strong>orta</strong></span> <span class='ocrx_word' id='word_1_561' title='bbox 1239 4139 1331 4192; x_wconf 86' lang='lat' dir='ltr'><strong>meuc,</strong></span> <span class='ocrx_word' id='word_1_562' title='bbox 1360 4139 1441 4191; x_wconf 88' lang='lat' dir='ltr'><strong>quam</strong></span> <span class='ocrx_word' id='word_1_563' title='bbox 1460 4123 1597 4180; x_wconf 87' lang='lat' dir='ltr'><strong>occideret</strong></span> <span class='ocrx_word' id='word_1_564' title='bbox 1616 4141 1674 4180; x_wconf 87' lang='lat' dir='ltr'><strong>ues-</strong></span> 
     </span>
     <span class='ocr_line' id='line_1_48' title="bbox 326 4201 1675 4273; baseline 0.001 -17"><span class='ocrx_word' id='word_1_565' title='bbox 326 4204 399 4272; x_wconf 90' lang='lat' dir='ltr'><strong>peri;</strong></span> <span class='ocrx_word' id='word_1_566' title='bbox 427 4201 510 4271; x_wconf 77' lang='lat' dir='ltr'><strong>igitur</strong></span> <span class='ocrx_word' id='word_1_567' title='bbox 537 4202 717 4258; x_wconf 88' lang='lat' dir='ltr'><strong>occultatione</strong></span> <span class='ocrx_word' id='word_1_568' title='bbox 743 4205 837 4260; x_wconf 90' lang='lat' dir='ltr'><strong>caruit.</strong></span> <span class='ocrx_word' id='word_1_569' title='bbox 875 4203 977 4273; x_wconf 74' lang='lat' dir='ltr'><strong>Quodsi</strong></span> <span class='ocrx_word' id='word_1_570' title='bbox 1001 4220 1077 4260; x_wconf 89' lang='lat' dir='ltr'><strong>meae</strong></span> <span class='ocrx_word' id='word_1_571' title='bbox 1095 4203 1309 4273; x_wconf 86' lang='lat' dir='ltr'><strong>comparationes</strong></span> <span class='ocrx_word' id='word_1_572' title='bbox 1329 4217 1414 4271; x_wconf 86' lang='lat' dir='ltr'><strong>aeque</strong></span> <span class='ocrx_word' id='word_1_573' title='bbox 1432 4203 1602 4273; x_wconf 77' lang='lat' dir='ltr'><strong>negligentes</strong></span> <span class='ocrx_word' id='word_1_574' title='bbox 1621 4205 1675 4260; x_wconf 91' lang='lat' dir='ltr'><strong>siut</strong></span> 
     </span>
     <span class='ocr_line' id='line_1_49' title="bbox 323 4281 1673 4352; baseline 0.003 -18"><span class='ocrx_word' id='word_1_575' title='bbox 323 4297 509 4338; x_wconf 89' lang='lat' dir='ltr'><strong>mensurarum</strong></span> <span class='ocrx_word' id='word_1_576' title='bbox 521 4283 689 4352; x_wconf 88' lang='lat' dir='ltr'><strong>quantitatis,</strong></span> <span class='ocrx_word' id='word_1_577' title='bbox 708 4298 761 4338; x_wconf 91' lang='lat' dir='ltr'><strong>nou</strong></span> <span class='ocrx_word' id='word_1_578' title='bbox 774 4298 867 4352; x_wconf 88' lang='lat' dir='ltr'><strong>renuo,</strong></span> <span class='ocrx_word' id='word_1_579' title='bbox 886 4281 951 4352; x_wconf 90' lang='lat' dir='ltr'><strong>quin</strong></span> <span class='ocrx_word' id='word_1_580' title='bbox 969 4282 1064 4338; x_wconf 90' lang='lat' dir='ltr'><strong>eodem</strong></span> <span class='ocrx_word' id='word_1_581' title='bbox 1076 4283 1136 4337; x_wconf 88' lang='lat' dir='ltr'><strong>loco</strong></span> <span class='ocrx_word' id='word_1_582' title='bbox 1154 4282 1313 4348; x_wconf 87' lang='lat' dir='ltr'><strong>habeantur,</strong></span> <span class='ocrx_word' id='word_1_583' title='bbox 1334 4299 1387 4351; x_wconf 90' lang='lat' dir='ltr'><strong>quo</strong></span> <span class='ocrx_word' id='word_1_584' title='bbox 1401 4283 1582 4338; x_wconf 85' lang='lat' dir='ltr'><strong>Ptolemaicae</strong></span> <span class='ocrx_word' id='word_1_585' title='bbox 1594 4284 1673 4338; x_wconf 87' lang='lat' dir='ltr'><strong>istae.</strong></span> 
     </span>
    </p>
   </div>
   <div class='ocr_carea' id='block_1_11' title="bbox 252 4376 1673 4687">
    <p class='ocr_par' dir='ltr' id='par_1_12' title="bbox 252 4376 1673 4687">
     <span class='ocr_line' id='line_1_50' title="bbox 410 4376 1673 4448; baseline 0.002 -16"><span class='ocrx_word' id='word_1_586' title='bbox 410 4377 482 4434; x_wconf 87' lang='lat' dir='ltr'><strong>Nota</strong></span> <span class='ocrx_word' id='word_1_587' title='bbox 499 4379 534 4435; x_wconf 89' lang='lat' dir='ltr'><strong>X.</strong></span> <span class='ocrx_word' id='word_1_588' title='bbox 569 4377 790 4436; x_wconf 75' lang='lat' dir='ltr'><strong>subaudiendum</strong></span> <span class='ocrx_word' id='word_1_589' title='bbox 816 4380 861 4434; x_wconf 92' lang='lat' dir='ltr'><strong>hic</strong></span> <span class='ocrx_word' id='word_1_590' title='bbox 888 4385 941 4433; x_wconf 86' lang='lat' dir='ltr'><strong>est:</strong></span> <span class='ocrx_word' id='word_1_591' title='bbox 969 4377 1196 4448; x_wconf 87' lang='lat' dir='ltr'><strong>quamadmodum</strong></span> <span class='ocrx_word' id='word_1_592' title='bbox 1221 4379 1312 4434; x_wconf 88' lang='lat' dir='ltr'><strong>tonica</strong></span> <span class='ocrx_word' id='word_1_593' title='bbox 1338 4376 1481 4434; x_wconf 77' lang='lat' dir='ltr'><strong>intervalla</strong></span> <span class='ocrx_word' id='word_1_594' title='bbox 1506 4378 1673 4448; x_wconf 90' lang='lat' dir='ltr'><strong>respondent</strong></span> 
     </span>
     <span class='ocr_line' id='line_1_51' title="bbox 324 4452 1673 4530; baseline 0.004 -22"><span class='ocrx_word' id='word_1_595' title='bbox 324 4452 498 4514; x_wconf 88' lang='lat' dir='ltr'><strong>duodecimae</strong></span> <span class='ocrx_word' id='word_1_596' title='bbox 517 4461 589 4527; x_wconf 89' lang='lat' dir='ltr'><strong>parti</strong></span> <span class='ocrx_word' id='word_1_597' title='bbox 606 4458 700 4513; x_wconf 91' lang='lat' dir='ltr'><strong>circuli</strong></span> <span class='ocrx_word' id='word_1_598' title='bbox 718 4466 746 4514; x_wconf 91' lang='lat' dir='ltr'><strong>et</strong></span> <span class='ocrx_word' id='word_1_599' title='bbox 763 4465 828 4514; x_wconf 88' lang='lat' dir='ltr'><strong>sunt</strong></span> <span class='ocrx_word' id='word_1_600' title='bbox 846 4455 1005 4514; x_wconf 88' lang='lat' dir='ltr'><strong>duodecima</strong></span> <span class='ocrx_word' id='word_1_601' title='bbox 1022 4473 1086 4526; x_wconf 92' lang='lat' dir='ltr'><strong>pars</strong></span> <span class='ocrx_word' id='word_1_602' title='bbox 1104 4458 1239 4515; x_wconf 84' lang='lat' dir='ltr'><strong>intervalli</strong></span> <span class='ocrx_word' id='word_1_603' title='bbox 1265 4459 1380 4530; x_wconf 82' lang='lat' dir='ltr'><strong>perfecti</strong></span> <span class='ocrx_word' id='word_1_604' title='bbox 1398 4460 1553 4530; x_wconf 81' lang='lat' dir='ltr'><strong>systematis</strong></span> <span class='ocrx_word' id='word_1_605' title='bbox 1571 4457 1673 4514; x_wconf 86' lang='lat' dir='ltr'><strong>disdia-</strong></span> 
     </span>
     <span class='ocr_line' id='line_1_52' title="bbox 252 4535 1671 4608; baseline 0.004 -23"><span class='ocrx_word' id='word_1_606' title='bbox 252 4569 260 4580; x_wconf 87' lang='lat'><strong>.</strong></span> <span class='ocrx_word' id='word_1_607' title='bbox 323 4547 423 4603; x_wconf 88' lang='lat' dir='ltr'><strong>pason;</strong></span> <span class='ocrx_word' id='word_1_608' title='bbox 442 4535 470 4590; x_wconf 87' lang='lat' dir='ltr'><strong>id</strong></span> <span class='ocrx_word' id='word_1_609' title='bbox 487 4537 558 4591; x_wconf 89' lang='lat' dir='ltr'><strong>euim</strong></span> <span class='ocrx_word' id='word_1_610' title='bbox 574 4536 686 4594; x_wconf 86' lang='lat' dir='ltr'><strong>tradidit</strong></span> <span class='ocrx_word' id='word_1_611' title='bbox 703 4537 749 4593; x_wconf 93' lang='lat' dir='ltr'><strong>ille</strong></span> <span class='ocrx_word' id='word_1_612' title='bbox 767 4538 856 4607; x_wconf 82' lang='lat' dir='ltr'><strong>capite</strong></span> <span class='ocrx_word' id='word_1_613' title='bbox 874 4539 899 4594; x_wconf 85' lang='grc'><strong>9.</strong></span> <span class='ocrx_word' id='word_1_614' title='bbox 919 4545 946 4592; x_wconf 89' lang='grc' dir='ltr'><strong>ιι</strong></span> <span class='ocrx_word' id='word_1_615' title='bbox 963 4553 1013 4592; x_wconf 86' lang='grc' dir='ltr'><strong>ιιι</strong></span> <span class='ocrx_word' id='word_1_616' title='bbox 1031 4538 1069 4592; x_wconf 92' lang='lat' dir='ltr'><strong>ibi</strong></span> <span class='ocrx_word' id='word_1_617' title='bbox 1087 4539 1307 4608; x_wconf 79' lang='lat' dir='ltr'><strong>examinavimus,</strong></span> <span class='ocrx_word' id='word_1_618' title='bbox 1320 4545 1443 4606; x_wconf 87' lang='lat' dir='ltr'><strong>ostenso,</strong></span> <span class='ocrx_word' id='word_1_619' title='bbox 1463 4538 1536 4607; x_wconf 89' lang='lat' dir='ltr'><strong>qaod</strong></span> <span class='ocrx_word' id='word_1_620' title='bbox 1556 4553 1671 4607; x_wconf 76' lang='lat' dir='ltr'><strong>proper</strong></span> 
     </span>
     <span class='ocr_line' id='line_1_53' title="bbox 258 4611 1672 4687; baseline 0.003 -22"><span class='ocrx_word' id='word_1_621' title='bbox 258 4667 276 4687; x_wconf 74' lang='lat'><strong>.·</strong></span> <span class='ocrx_word' id='word_1_622' title='bbox 323 4611 424 4666; x_wconf 87' lang='lat' dir='ltr'><strong>tionem</strong></span> <span class='ocrx_word' id='word_1_623' title='bbox 442 4613 552 4684; x_wconf 88' lang='lat' dir='ltr'><strong>duplam</strong></span> <span class='ocrx_word' id='word_1_624' title='bbox 569 4616 654 4685; x_wconf 90' lang='lat' dir='ltr'><strong>ipsius</strong></span> <span class='ocrx_word' id='word_1_625' title='bbox 673 4615 803 4686; x_wconf 88' lang='lat' dir='ltr'><strong>diapason</strong></span> <span class='ocrx_word' id='word_1_626' title='bbox 821 4633 876 4673; x_wconf 89' lang='grc' dir='ltr'><strong>ιιι</strong></span> <span class='ocrx_word' id='word_1_627' title='bbox 893 4618 999 4687; x_wconf 89' lang='lat' dir='ltr'><strong>possint</strong></span> <span class='ocrx_word' id='word_1_628' title='bbox 1022 4625 1118 4673; x_wconf 85' lang='lat' dir='ltr'><strong>exacte</strong></span> <span class='ocrx_word' id='word_1_629' title='bbox 1137 4619 1300 4674; x_wconf 89' lang='lat' dir='ltr'><strong>constituere</strong></span> <span class='ocrx_word' id='word_1_630' title='bbox 1318 4617 1524 4686; x_wconf 81' lang='lat' dir='ltr'><strong>sesquioctavae</strong></span> <span class='ocrx_word' id='word_1_631' title='bbox 1541 4618 1672 4685; x_wconf 71' lang='lat' dir='ltr'><strong>integrae.</strong></span> 
     </span>
    </p>
   </div>
   <div class='ocr_carea' id='block_1_12' title="bbox 323 4707 1674 4890">
    <p class='ocr_par' dir='ltr' id='par_1_13' title="bbox 323 4707 1674 4890">
     <span class='ocr_line' id='line_1_54' title="bbox 409 4707 1674 4784; baseline 0.004 -23"><span class='ocrx_word' id='word_1_632' title='bbox 409 4707 482 4763; x_wconf 82' lang='lat' dir='ltr'><strong>Nota</strong></span> <span class='ocrx_word' id='word_1_633' title='bbox 498 4709 546 4764; x_wconf 86' lang='lat' dir='ltr'><strong>XI.</strong></span> <span class='ocrx_word' id='word_1_634' title='bbox 583 4711 678 4781; x_wconf 83' lang='lat' dir='ltr'><strong>Capite</strong></span> <span class='ocrx_word' id='word_1_635' title='bbox 697 4713 722 4768; x_wconf 87' lang='grc'><strong>9.</strong></span> <span class='ocrx_word' id='word_1_636' title='bbox 740 4720 891 4784; x_wconf 77' lang='lat' dir='ltr'><strong>tetragono,</strong></span> <span class='ocrx_word' id='word_1_637' title='bbox 911 4720 941 4768; x_wconf 89' lang='lat' dir='ltr'><strong>ut</strong></span> <span class='ocrx_word' id='word_1_638' title='bbox 959 4714 1091 4782; x_wconf 88' lang='lat' dir='ltr'><strong>aspectui,</strong></span> <span class='ocrx_word' id='word_1_639' title='bbox 1111 4714 1163 4769; x_wconf 86' lang='lat' dir='ltr'><strong>tria</strong></span> <span class='ocrx_word' id='word_1_640' title='bbox 1180 4715 1287 4784; x_wconf 74' lang='lat' dir='ltr'><strong>integra</strong></span> <span class='ocrx_word' id='word_1_641' title='bbox 1299 4715 1375 4783; x_wconf 75' lang='lat' dir='ltr'><strong>sigua</strong></span> <span class='ocrx_word' id='word_1_642' title='bbox 1387 4714 1609 4784; x_wconf 85' lang='lat' dir='ltr'><strong>accersebantur,</strong></span> <span class='ocrx_word' id='word_1_643' title='bbox 1628 4712 1674 4766; x_wconf 91' lang='lat' dir='ltr'><strong>hic</strong></span> 
     </span>
     <span class='ocr_line' id='line_1_55' title="bbox 323 4784 1671 4890; baseline 0.008 -51"><span class='ocrx_word' id='word_1_644' title='bbox 323 4784 418 4856; x_wconf 87' lang='lat' dir='ltr'><strong>sidem,</strong></span> <span class='ocrx_word' id='word_1_645' title='bbox 435 4795 467 4844; x_wconf 89' lang='lat' dir='ltr'><strong>ut</strong></span> <span class='ocrx_word' id='word_1_646' title='bbox 483 4787 571 4860; x_wconf 82' lang='lat' dir='ltr'><strong>phari,</strong></span> <span class='ocrx_word' id='word_1_647' title='bbox 589 4791 817 4890; x_wconf 25' lang='lat' dir='ltr'><strong>semissetminus,</strong></span> <span class='ocrx_word' id='word_1_648' title='bbox 835 4793 863 4848; x_wconf 92' lang='lat' dir='ltr'><strong>id</strong></span> <span class='ocrx_word' id='word_1_649' title='bbox 880 4809 944 4849; x_wconf 82' lang='lat' dir='ltr'><strong>uero</strong></span> <span class='ocrx_word' id='word_1_650' title='bbox 963 4791 1090 4850; x_wconf 80' lang='lat' dir='ltr'><strong>affectato</strong></span> <span class='ocrx_word' id='word_1_651' title='bbox 1108 4793 1142 4849; x_wconf 94' lang='lat' dir='ltr'><strong>ob</strong></span> <span class='ocrx_word' id='word_1_652' title='bbox 1161 4793 1338 4861; x_wconf 90' lang='lat' dir='ltr'><strong>diatessaron,</strong></span> <span class='ocrx_word' id='word_1_653' title='bbox 1355 4794 1384 4850; x_wconf 89' lang='lat' dir='ltr'><strong>in</strong></span> <span class='ocrx_word' id='word_1_654' title='bbox 1402 4809 1457 4864; x_wconf 85' lang='lat' dir='ltr'><strong>quo</strong></span> <span class='ocrx_word' id='word_1_655' title='bbox 1474 4800 1555 4872; x_wconf 88' lang='lat' dir='ltr'><strong>tonus</strong></span> <span class='ocrx_word' id='word_1_656' title='bbox 1573 4791 1671 4864; x_wconf 87' lang='lat' dir='ltr'><strong>major,</strong></span> 
     </span>
    </p>
   </div>
   <div class='ocr_carea' id='block_1_13' title="bbox 0 0 1870 5528">
    <p class='ocr_par' dir='ltr' id='par_1_14' title="bbox 0 0 1870 5528">
     <span class='ocr_line' id='line_1_56' title="bbox 0 0 1870 5528; baseline 0 0"><span class='ocrx_word' id='word_1_657' title='bbox 0 0 1870 5528; x_wconf 95' lang='lat' dir='ltr'><strong> </strong></span> 
     </span>
    </p>
   </div>
  </div>
 </body>
</html>
