3564 5540
648 365 839 441 emperantia.
875 363 959 424 biber
974 365 1011 424 11.
1445 371 1508 434 12¹1

150 561 256 624 gonm.
287 548 316 610 t.
331 543 424 608 serta
435 531 511 624 ejus.
543 547 573 608 8.
587 545 786 626 Pentagonos.
815 549 845 610 9.
860 545 955 610 Stella
969 547 1043 630 ejus.
1076 548 1125 610 10.
1140 547 1327 626 Decagonus.
1352 547 1402 607 11.
1416 545 1510 610 Stella

154 632 229 710 ejus.
262 635 312 693 li.
327 631 508 711 looslgonus.

239 717 349 782 Omnes
370 719 446 782 allae
468 720 580 799 dgnras
608 727 677 782 sunt
702 723 896 800 incongruae,
927 721 1077 800 proximus
1108 728 1205 784 tamen
1234 724 1441 799 congruentiae
1464 727 1511 783 est

150 807 479 888 pentekaedaoagonus‚
508 811 579 887 quis
607 811 710 886 incipit
736 826 895 886 congruere
925 827 991 870 curn
1013 809 1080 871 aliis
1102 813 1132 868 in
1157 811 1261 888 plano:
1288 815 1320 870 at
1347 808 1510 870 excluditur

150 911 204 974 per
227 897 278 956 23.
302 912 361 974 quo
388 898 483 956 minus
505 902 539 957 ut
560 899 729 974 icosigonns
752 898 828 974 cingi
850 895 979 974 undique
1002 897 1164 975 aequaliter
1185 900 1287 976 possit.
1332 895 1405 957 Post
1426 896 1510 956 illum

152 990 197 1044 est
219 981 314 1060 ligura
338 985 376 1045 16
398 983 523 1044 laterum
544 992 575 1046 et
596 983 725 1063 similes,
755 1001 830 1061 quae
852 983 939 1063 plane
967 1001 1026 1046 non
1057 994 1220 1062 congruunt
1241 1003 1307 1046 cum
1328 983 1509 1062 regularibus

151 1070 229 1146 allis,
251 1069 428 1151 impediente
449 1072 650 1150 magnitudine
673 1073 856 1150 angulorum.
885 1071 926 1131 rit
947 1071 1133 1152 heptagonus
1156 1079 1186 1134 et
1207 1071 1318 1133 similes
1340 1072 1427 1149 longe
1450 1071 1510 1132 alia

151 1159 266 1220 ratione
287 1165 357 1219 sunt
378 1161 555 1238 incongruae
577 1160 701 1237 figurae,
732 1163 802 1236 quia
830 1176 884 1220 nec
914 1161 968 1220 toti
999 1161 1101 1238 anguli
1127 1176 1181 1220 nec
1208 1167 1306 1238 partes
1336 1161 1509 1237 angulorum

152 1243 314 1323 aliquotae,
337 1248 471 1326 propriae
493 1246 659 1325 figurarum.
683 1263 749 1308 curn
771 1246 838 1308 aliis
859 1248 1043 1324 regularibus
1065 1255 1237 1325 congruunt.

239 1331 287 1394 Ita
308 1334 338 1392 in
360 1335 453 1394 tribus
476 1351 527 1413 per
540 1352 572 1396 se
587 1333 855 1396 demonstrabilium
871 1334 1014 1395 classibus
1029 1334 1137 1396 desinit
1151 1334 1350 1414 congruentia,
1373 1335 1403 1392 in
1426 1343 1509 1396 coto-

152 1435 249 1498 gono,
278 1419 487 1499 dodecagono,
517 1425 686 1502 icosigono‚
718 1425 748 1482 in
783 1429 887 1499 quarto
918 1425 1017 1500 spurio
1049 1439 1087 1484 ne
1122 1425 1230 1510 incepit
1257 1420 1383 1500 quidem.
1428 1421 1511 1483 Haeo

151 1507 228 1569 libro
250 1506 304 1567 IV.
328 1509 358 1567 in
380 1507 495 1570 delectu
517 1517 689 1588 aspectuum
711 1527 797 1570 suum
819 1527 903 1569 usum
926 1510 1043 1571 habent

241 1593 352 1656 XXX.
374 1595 677 1658 consectarium.
721 1597 765 1657 ldx
787 1598 833 1658 bis
854 1599 1013 1674 genuinum
1035 1597 1189 1658 discrimen
1217 1603 1339 1678 apparet
1361 1598 1436 1658 inter
1458 1595 1511 1658 de-

153 1685 395 1745 monstrationem
418 1691 448 1745 et
468 1689 687 1762 congruentiam
709 1685 866 1762 figurarum
889 1701 979 1745 causa
1000 1684 1172 1746 latitudinis.

239 1769 315 1831 llam
347 1773 374 1831 l.
405 1769 661 1834 demonstrationis
689 1775 823 1852 propriae
852 1772 960 1850 gradus
990 1772 1066 1833 ultra
1095 1777 1288 1849 octogonum,
1318 1767 1510 1848 decagonnm,

154 1854 375 1936 dodeoagonnm
397 1861 427 1916 in
448 1855 557 1937 figuras
580 1858 734 1939 duplorum
755 1860 879 1920 laterum
901 1863 930 1918 in
953 1860 1097 1919 infinitum
1118 1865 1288 1933 exeurmnt3
1320 1860 1510 1934 congruentia

154 1947 182 2002 in
205 1951 368 2023 octogono,
390 1947 559 2024 icosigono,
588 1946 778 2026 dodeoagono
800 1948 942 2008 subsistit.
988 1950 1017 2007 i.
1040 1946 1229 2024 Pentagonus
1251 1963 1317 2006 cum
1340 1946 1426 2006 stella
1447 1963 1510 2022 sua,

154 2048 245 2092 eausa
265 2031 520 2095 demonstrationis
542 2041 573 2096 et
593 2037 749 2107 scientiae,
778 2041 824 2095 est
846 2034 1003 2111 ignobilior
1033 2034 1239 2112 dodeoagono:
1271 2050 1362 2093 causa
1384 2050 1511 2111 congru-

155 2121 253 2181 entiae
284 2123 314 2180 in
336 2120 432 2181 solido
460 2128 506 2182 est
535 2122 628 2182 multo
655 2123 790 2183 nobilior.
836 2124 862 2181 3.
896 2119 1066 2198 Octogonus
1088 2123 1129 2182 ibi
1150 2123 1282 2198 sequitur
1304 2127 1512 2202 pentagonum,

154 2206 203 2267 bic
224 2207 381 2268 antecedit
426 2209 455 2268 4.
478 2207 772 2288 Heliaedecagonus
795 2209 835 2269 ibi
857 2217 920 2271 arat
940 2211 1054 2288 potiore
1076 2208 1152 2286 loeo,
1176 2209 1460 2286 quamicosigonue:
1484 2217 1513 2268 et

154 2302 252 2355 temen
275 2293 328 2356 illa
350 2302 394 2356 est
415 2294 510 2374 figura
532 2299 705 2376 incongrua,
736 2298 808 2358 haec
838 2314 966 2373 congrua
995 2297 1217 2375 quadamtenus.
1265 2296 1293 2356 5.
1324 2294 1372 2355 At
1385 2297 1416 2355 in
1438 2314 1513 2376 peu·

154 2381 395 2461 telaedecagono
418 2383 541 2462 pulchra
562 2391 607 2445 est
628 2387 670 2445 rei
692 2384 844 2462 utriusque
866 2386 1080 2459 convenientia,
1104 2382 1272 2461 analogiam
1295 2401 1416 2444 servans
1440 2401 1513 2444 een-

155 2468 235 2545 dem,
265 2473 337 2548 quia
364 2473 439 2531 inter
468 2470 727 2533 demonstrationes
757 2471 849 2532 nulla
867 2472 910 2531 illi
934 2472 1055 2532 obvenit
1079 2475 1211 2552 propria,
1243 2471 1295 2532 sed
1318 2471 1512 2532 accidentaria

154 2557 275 2633 saltem;
299 2560 373 2619 inter
395 2573 465 2619 vero
488 2563 692 2637 congruentias
714 2561 797 2620 nulla
818 2567 1029 2639 consummata,
1050 2559 1102 2621 sed
1125 2559 1226 2636 aliqua
1248 2559 1354 2620 saltam
1375 2557 1514 2619 inchoata

154 2653 324 2706 nectutem
352 2645 476 2722 figurem
504 2664 659 2725 occupans.
707 2647 791 2708 llaec
819 2649 893 2710 intra
915 2647 989 2710 libro
1011 2646 1066 2711 111.
1096 2649 1125 2706 in
1149 2653 1214 2708 ortu
1238 2655 1266 2708 et
1288 2665 1345 2706 usu
1367 2647 1512 2707 semitonii

153 2738 223 2792 sunt
243 2732 383 2793 notanda.
414 2785 421 2800 ,
1155 2743 1159 2750 “

684 3033 792 3096 Finis
821 3033 914 3094 libri
946 3033 986 3094 11.
