3698 5534
313 177 324 210 b

761 227 844 326 Libet
860 269 893 324 V.
913 270 1001 338 caput
1017 269 1067 326 ΙΙΙ,
1362 233 1365 243 ¹
1521 280 1583 342 279

239 464 275 508 ex
297 445 377 517 Sole,
400 448 453 508 sed
476 465 512 510 ex
535 447 625 508 Terra
647 446 863 524 spectantibus,
896 445 931 506 de
954 447 1061 524 quibus
1084 449 1146 523 agit
1168 448 1218 508 lib.
1243 449 1295 508 VI.
1318 449 1372 526 Ep,
1395 452 1474 512 Astr.
1500 452 1583 532 Cap,

234 536 259 593 is
281 535 372 606 sciat,
405 553 504 596 eorum
528 538 670 616 rationem
700 537 727 592 ln
757 535 813 594 boe
836 537 966 610 negotio⁸
984 533 1071 610 plane
1100 535 1210 594 nullam
1228 536 1354 613 ’haberi5
1386 555 1457 598 sane
1488 559 1583 618 neque

234 621 337 695 debet,
370 640 436 682 curn
459 623 549 683 Terra
571 640 629 680 non
653 623 691 681 sit
714 623 777 680 ione
801 630 898 680 motus
921 625 1063 698 ipsorum,
1095 639 1189 699 neque
1212 633 1325 700 potest,
1354 641 1419 684 cum
1442 636 1538 687 motus
1561 631 1583 687 ii

235 726 293 769 non
316 717 428 769 tanturn
453 713 481 768 in
505 729 614 770 meram
638 712 765 786 quietem
788 727 840 769 seu
863 712 1018 767 stationem
1043 719 1239 787 apparentem,
1263 711 1314 770 sed
1334 711 1422 789 plane
1445 717 1472 771 iu
1489 723 1583 776 retro-

233 797 444 874 gradationeru,
469 807 611 874 quantum
634 795 671 854 ad
694 795 826 855 fallacem
843 801 1052 874 apparentiam,
1078 796 1262 872 degenerent,
1286 817 1345 874 qua
1362 803 1472 860 ratione
1489 805 1582 864 omnis

233 888 455 962 proportionum
477 885 605 944 infinitas
628 883 763 944 omnibus
787 885 911 961 planetis
934 885 1020 942 simul
1044 892 1073 943 et
1096 901 1132 943 ex
1155 902 1250 962 aequo
1273 887 1417 946 tribuitur.
1464 887 1502 949 Ut
1524 893 1583 967 tgr·
1692 957 1697 966 ι

233 983 279 1032 tur
301 977 411 1032 c'ertum
434 974 611 1044 habeamus,
642 970 744 1046 quales
766 972 970 1049 proportiones
999 973 1131 1050 proprias
1160 976 1339 1032 constituant
1367 975 1460 1033 diurni
1484 987 1580 1038 motus

232 1061 411 1136 singularum
435 1078 570 1120 verarum
593 1060 750 1118 orbitarum
774 1061 998 1118 eccentricarum
1022 1054 1107 1140 (lieet
1140 1069 1169 1119 et
1196 1063 1252 1139 ipsi
1283 1059 1378 1120 adhuc
1408 1075 1582 1140 apparentes
1622 1059 1625 1074 '

232 1151 301 1227 sint,
324 1147 422 1206 veluti
439 1149 583 1226 spectanti
606 1165 639 1206 ex
664 1145 742 1220 Sole,
766 1147 846 1205 ionte
869 1142 999 1227 motus),
1027 1147 1205 1206 removenda
1227 1151 1307 1228 prius
1331 1151 1434 1209 catab
1458 1153 1493 1208 ils
1516 1169 1581 1212 mo-

232 1237 311 1295 tibus
333 1239 458 1312 propriis
481 1237 554 1295 baec
576 1235 915 1312 phantasiacommunis
938 1235 1072 1292 omnibus
1095 1238 1223 1310 quinque
1245 1245 1341 1295 motus
1357 1239 1446 1294 annui
1468 1239 1581 1299 adven-

234 1326 300 1394 titii,
324 1327 388 1383 eive
411 1323 461 1384 illa
484 1341 518 1382 ex
543 1325 635 1401 ipsius
658 1320 784 1381 Telluris
807 1329 889 1380 motu
912 1325 1022 1380 oriatur
1044 1322 1205 1380 secundum
1230 1323 1437 1400 Coporuicum,
1460 1327 1523 1386 siro
1546 1345 1581 1388 ex

233 1419 314 1470 motu
336 1413 504 1488 systematis
528 1413 618 1469 totius
647 1425 744 1468 annuo
767 1409 927 1468 secundum
951 1408 1121 1487 Typhonem
1145 1409 1256 1484 Brabe,
1290 1420 1445 1487 motusque
1476 1416 1581 1490 cuique

235 1499 373 1576 planetae
394 1501 504 1577 proprii
530 1497 674 1558 enucleati
698 1495 752 1554 sub
768 1503 962 1577 ¹conspectum
986 1497 1160 1572 subjiciendi
1185 1507 1261 1556 sunt.

325 1583 450 1648 Octavo.
494 1585 647 1646 Hactenus
670 1586 781 1658 egimus
805 1582 840 1644 dc
865 1582 988 1642 diversis
1011 1587 1100 1643 moris
1124 1584 1170 1644 rel
1189 1587 1316 1646 arcubus
1339 1588 1426 1645 unius
1449 1589 1583 1664 atejus·

234 1674 299 1734 dem
321 1673 466 1750 planetae.
512 1673 582 1733 Jam
605 1673 692 1732 etiam
717 1670 752 1730 dc
775 1672 907 1730 binorum
930 1671 1114 1747 planetarum
1130 1673 1258 1732 motibus
1281 1675 1355 1732 inter
1373 1690 1405 1732 sa
1428 1691 1583 1753 eompara-

233 1763 271 1820 tis
294 1761 449 1840 agendum.
495 1759 553 1820 Ubi
576 1767 646 1826 ncta
669 1757 866 1818 definitionem
889 1761 1086 1834 terminorum,
1110 1765 1159 1837 qtri
1174 1769 1242 1819 sunt
1259 1761 1345 1820 nobis
1366 1761 1455 1820 loturi
1478 1781 1582 1823 neces·

234 1851 311 1908 sarit.
357 1848 525 1926 apsidas
556 1847 745 1925 proximas
776 1845 898 1904 duorum
927 1846 1111 1923 planetarum
1137 1849 1266 1907 dicemus
1294 1848 1471 1926 peribelinm
1491 1867 1609 1930 supe-·

233 1939 316 1995 rioris
339 1943 369 1996 et
391 1936 539 2013 apbelium
563 1935 713 2006 inferioris,
738 1950 795 1991 non
813 1935 958 2006 obstante,
983 1936 1060 2010 quod
1077 1935 1145 1994 illae
1162 1943 1286 2011 vergunt
1302 1939 1330 1993 in
1347 1935 1465 2012 plagam
1482 1937 1581 1998 muudi

233 2041 290 2083 uon
314 2023 453 2096 eandem,
482 2024 532 2083 ssd
557 2023 688 2084 diversas
710 2029 739 2080 et
760 2021 834 2080 roae
858 2023 1025 2080 contrarias.
1070 2019 1196 2082 Motus
1228 2031 1420 2084 extremos
1451 2026 1581 2103 intellige

233 2111 427 2172 tardissimum
451 2119 480 2171 et
504 2111 718 2171 velocissimum
741 2111 832 2167 totius
856 2109 994 2170 circuitus
1020 2109 1193 2186 planetarii;
1222 2120 1493 2186 conserpentes
1522 2131 1581 2173 ex-

129 2221 133 2230 ¹
232 2206 365 2258 tremos
387 2217 454 2258 seu
477 2213 702 2267 conversos,
735 2197 785 2271 qui
808 2204 876 2254 sunt
898 2197 927 2252 ln
953 2195 1085 2255 binorum
1107 2198 1258 2274 opsidibus
1280 2201 1438 2274 proximis,
1467 2200 1581 2262 scilieet

235 2289 263 2344 in
286 2287 428 2363 peribclio
456 2288 612 2363 superioris
645 2292 674 2344 et
696 2283 812 2361 apbelio
840 2284 996 2356 interioris,
1030 2283 1268 2362 divergentes
1302 2283 1362 2344 vel
1393 2286 1579 2364 diversos,

233 2377 283 2450 qut
313 2377 341 2431 in
371 2373 521 2451 opsidibus
553 2374 708 2450 oppositis,
740 2371 865 2430 scilicet·
882 2370 1000 2446 aphelio
1023 2374 1180 2449 superioris
1211 2384 1240 2432 et
1262 2371 1404 2449 peribolio
1427 2374 1579 2436 inferioris.

230 2461 356 2520 Rursum
386 2463 474 2536 igitur
504 2462 552 2521 hic
579 2461 677 2535 aliqua
707 2475 775 2534 pars
807 2461 863 2518 mei
894 2457 1028 2534 Mysterii
1052 2459 1307 2537 cosmographici,
1337 2478 1481 2538 suspensa
1510 2473 1579 2524 ante

232 2552 271 2606 22
296 2554 400 2622 annos,
422 2551 491 2625 quia
513 2548 641 2608 nondum
665 2545 812 2621 liquebat,
836 2545 1020 2604 absolvenda
1042 2554 1071 2606 et
1093 2547 1152 2607 buc
1174 2547 1324 2607 inlereuda
1346 2557 1400 2607 est.
1445 2549 1578 2611 Inventis

230 2639 306 2696 enirn
329 2640 405 2696 veris
430 2637 542 2695 orbium
564 2633 726 2695 intervallis
750 2649 800 2711 por
823 2635 1043 2694 observationes
1062 2634 1165 2695 Brabei
1190 2637 1307 2712 plurimi
1323 2639 1461 2712 temporis
1478 2637 1578 2700 labore

230 2727 375 2798 continuo,
398 2725 526 2797 tandem,
552 2723 668 2783 tandem
691 2723 819 2796 genuina
847 2723 995 2799 proportio
1019 2730 1181 2797 temporum
1209 2721 1423 2800 periodicorum
1444 2724 1483 2784 od
1505 2741 1576 2803 pro·

228 2815 389 2888 portionem
414 2813 526 2872 orbium
574 2845 611 2857 -
658 2841 698 2852 -
753 2825 821 2867 ocra
844 2808 964 2885 quidem
986 2815 1114 2884 respexit
1138 2815 1279 2885 ineram,

481 2897 618 2975 Respexit
639 2904 743 2956 tomen
764 2902 792 2953 at
813 2897 902 2972 lonpo
921 2903 991 2972 port
1013 2905 1144 2972 tempore
1168 2903 1265 2974 vertit;

228 3003 331 3060 osone,
354 2989 378 3045 sl
401 2989 539 3062 temporis
563 2983 701 3045 articulos
723 2985 808 3060 petis,
834 2985 861 3042 8.
886 2983 970 3044 Mart.
994 2983 1081 3059 bujos
1103 2987 1172 3045 enti
1202 2985 1348 3045 millesimi
1371 2988 1575 3046 sexcentesimi

228 3073 331 3132 decimi
355 3077 463 3133 octavix
484 3077 582 3134 animo
611 3079 769 3146 concepta,
799 3071 851 3129 sed
883 3070 1036 3130 infeliciter
1065 3072 1102 3130 ad
1126 3073 1254 3133 calculos
1277 3080 1384 3132 vocata
1407 3089 1500 3148 eoque
1524 3092 1576 3152 pro

227 3161 303 3219 laisa
325 3161 443 3237 rejecta,
468 3160 593 3235 denique
621 3163 667 3221 to.
690 3157 768 3232 Mnji·
786 3175 912 3230 reversa,
936 3175 1014 3216 noro
1039 3169 1124 3238 capto
1142 3163 1250 3238 impetu
1275 3163 1576 3237 expugnaritmentis

230 3267 313 3330 rpeae
336 3245 480 3316 tenebras,
505 3256 587 3308 tauta
610 3246 847 3324 comprobatione
870 3255 900 3306 ot
922 3245 1029 3304 laboris
1050 3251 1107 3307 mei
1130 3247 1399 3325 septendeoennalis
1419 3250 1449 3305 iu
1473 3248 1575 3308 obser·
1617 3265 1622 3278 ¹

230 3337 398 3396 rationibus
422 3335 584 3396 Brabeanis
614 3343 643 3394 et
665 3333 865 3393 meditationis
887 3333 974 3410 hujus
1004 3336 1032 3390 in
1056 3351 1143 3393 unum
1167 3338 1408 3413 conspirantium,
1440 3343 1472 3394 ut
1493 3353 1575 3394 som·

229 3427 309 3482 niara
331 3439 377 3482 me
402 3431 430 3482 et
453 3432 636 3500 praesumere
659 3422 822 3497 quaesitum
853 3424 926 3480 inter
952 3423 1095 3497 principia
1125 3425 1216 3500 primo
1247 3424 1402 3483 crederem.
1448 3421 1506 3481 Sed
1529 3439 1574 3482 res

230 3519 273 3570 eat
289 3513 450 3572 certissima
464 3513 719 3584 exactissimaque,
744 3509 822 3583 quod
846 3511 1060 3584 proportio,
1086 3527 1177 3583 quae
1200 3520 1255 3572 est
1277 3511 1377 3568 inter
1401 3509 1575 3570 binorum

229 3615 539 3674 quorumcunque
572 3598 810 3675 planetarum
850 3603 1026 3671 tempora
1063 3597 1271 3672 periodica,
1312 3598 1363 3655 sit
1401 3599 1574 3672 praecise

228 3687 482 3760 sesquialtera
511 3683 779 3762 proportionis
807 3683 1004 3742 mediarum
1036 3681 1324 3754 distantiarum,
1356 3682 1393 3741 id
1425 3692 1485 3742 est
1517 3699 1574 3742 or·
1639 3743 1641 3748 ,

228 3775 326 3833 bium
350 3775 534 3849 ipsorum3
558 3781 671 3833 attento
694 3777 789 3830 tamen
806 3770 871 3842 boo,
895 3769 974 3844 quod
998 3770 1125 3830 medium
1147 3775 1360 3833 arithmeticum
1375 3773 1448 3829 iuter
1462 3779 1573 3830 utram·

231 3879 287 3936 que
311 3860 483 3921 diametrum
506 3860 652 3936 elltpticae
675 3859 787 3916 orbitae
816 3861 855 3915 sit
876 3857 1083 3940 paulominus
1113 3859 1244 3936 longiore
1273 3859 1424 3920 diametro.
1468 3857 1572 3933 ltaque

207 3939 252 4006 'ai
276 3950 341 4023 quis
364 3965 399 4008 ax
423 3947 551 4024 periodo,
577 3947 658 4007 verbi
682 3963 772 4005 causa
794 3945 930 4023 Telluris,
953 3963 1028 4020 quae
1051 3953 1096 4006 est
1117 3966 1211 4008 atinus
1235 3967 1317 4022 unos,
1342 3958 1373 4008 et
1395 3964 1428 4006 aa
1452 3943 1572 4022 periodo

226 4036 343 4096 Saturni
365 4038 484 4106 tripinta
507 4052 648 4108 annorum
671 4033 807 4104 sumserit
829 4037 945 4092 tertiam
968 4037 1162 4110 proportionis
1185 4045 1306 4113 partem,
1340 4035 1368 4093 id
1392 4042 1437 4093 est
1459 4031 1572 4092 radices

227 4125 355 4195 cubicas,
379 4132 409 4182 et
430 4123 518 4199 hujus
539 4123 734 4198 proportionis
758 4119 878 4196 duplum
901 4121 1010 4195 iecerit,
1035 4121 1182 4182 radicibus
1205 4125 1346 4201 quadrata
1362 4119 1571 4196 multiplicatis,

226 4201 252 4268 is
274 4211 364 4271 babet
385 4213 414 4268 in
437 4208 648 4286 prodeuntibus
670 4211 795 4266 numeris
820 4207 1038 4268 intervallorum
1063 4208 1169 4270 Terrae
1193 4221 1223 4271 et
1245 4211 1361 4272 Saturni
1385 4208 1486 4270 aScie
1508 4225 1572 4266 me-

226 4298 338 4358 diorum
362 4300 579 4374 proportionem
598 4287 838 4372 justissimam.*)
882 4295 956 4354 Nam
980 4298 1083 4356 cubica
1106 4298 1187 4356 radix
1203 4299 1270 4357 del
1298 4307 1342 4357 est
1362 4301 1386 4370 l,
1410 4296 1474 4372 ejus
1496 4313 1571 4371 qua

225 4385 338 4446 drotum
354 4389 397 4460 »13
429 4393 460 4445 et
482 4386 586 4444 cubica
608 4382 690 4442 radix
714 4383 749 4442 de
775 4384 815 4442 30
838 4392 884 4445 est
905 4383 998 4456 major
1020 4401 1107 4459 quam
1132 4387 1167 4458 3,
1200 4387 1263 4461 ejus
1287 4388 1374 4461 igitur
1396 4383 1571 4461 quadratum

226 4473 321 4549 majus
351 4491 438 4549 quam
463 4475 491 4532 9.
536 4471 574 4532 Et
597 4471 751 4542 Saturnus,
784 4469 966 4528 mediocriter
997 4469 1109 4530 distans
1138 4473 1263 4548 asota,
1294 4471 1382 4550 paulo
1411 4473 1497 4532 altior
1526 4481 1570 4532 cst
1628 4547 1631 4562 Ι

303 4711 329 4759 ⁴)
343 4711 397 4751 Itoni
411 4713 433 4751 io
442 4711 609 4753 commentariis
623 4713 701 4753 Mortis
716 4722 756 4761 esp
773 4711 875 4752 XLVIII.
890 4709 930 4751 tol.
939 4711 984 4752 Μ.
1000 4711 1054 4756 tun.
1064 4709 1115 4762 353)
1130 4713 1229 4765 probast,
1243 4717 1337 4758 medinm
1350 4715 1392 4757 boo
1405 4717 1568 4768 arithmeticum

226 4764 264 4804 rol
277 4763 348 4813 ipsam
363 4775 415 4806 esse
429 4765 559 4808 diametrum
572 4767 659 4816 abonii,
674 4767 712 4817 qai
726 4765 866 4818 longitudino
878 4769 960 4816 nouat
973 4765 1095 4817 eillptlosro
1109 4767 1210 4820 orbitam,
1229 4771 1267 4812 val
1280 4781 1307 4814 os
1319 4773 1419 4822 proximo
1432 4774 1514 4822 want.
