3564 5540
787 1205 852 1286 so.
878 1160 1117 1284 an'rrnnnr

570 1367 877 1484 iiintittii
912 1367 1064 1484 lllllllll
1098 1363 1246 1482 iiiii
1280 1367 1332 1482 ii.

436 1679 439 1687 ι
503 1572 554 1646 [te
590 1573 825 1664 congruentia
862 1569 1066 1664 Figuratum
1101 1571 1396 1645 Harmonioarum.

788 2005 1109 2094 inutilium.
1219 2023 1221 2035 '

362 2189 529 2250 Essentiam
543 2186 722 2266 singularum
736 2185 894 2264 figurarum
909 2185 1089 2266 regularium
1107 2183 1266 2249 mantalam
1289 2203 1342 2248 seu
1363 2207 1466 2266 vespm
1485 2183 1628 2274 ligatam

241 2300 245 2316 ,
279 2276 442 2354 explicari:
465 2278 597 2354 sequitur
619 2293 717 2336 earum
735 2273 904 2353 junctarum
918 2277 1092 2354 proprietas,
1114 2283 1145 2336 et
1166 2271 1258 2335 veluti
1274 2273 1393 2335 enecas
1408 2274 1485 2334 intra
1507 2290 1629 2351 geome-

279 2365 373 2439 triam,
397 2367 447 2442 qui
472 2373 516 2423 ert
539 2367 729 2440 congruentia
751 2360 800 2422 rel
822 2363 1046 2425 insociabiliter.
1089 2361 1157 2423 lion
1178 2369 1248 2422 sunt
1269 2363 1348 2422 enim
1370 2359 1503 2438 ejusdem
1523 2359 1627 2422 latitu-

279 2449 355 2511 dinis
385 2451 652 2512 demonstrabilitas
681 2459 711 2512 et
742 2453 944 2528 congruentia,
971 2467 1038 2512 eum
1066 2449 1119 2511 illa
1145 2449 1326 2527 singularum
1355 2449 1395 2509 sit
1423 2456 1453 2510 et
1475 2465 1543 2509 cum
1565 2450 1629 2525 ipsa

238 2533 242 2544 “
280 2537 479 2617 duplicatione
502 2540 640 2598 continua
662 2537 786 2599 laterum
816 2540 903 2598 unius
932 2538 1042 2617 figurae
1069 2539 1100 2596 in
1122 2537 1266 2598 inlinitum
1288 2543 1436 2612 excurrat,
1465 2537 1523 2597 ista
1546 2537 1631 2597 certia

280 2634 412 2687 coartata
432 2626 564 2704 legibus,
589 2626 696 2702 quibus
719 2626 817 2702 plures
840 2625 950 2704 figurae
973 2627 1003 2685 in
1025 2643 1114 2686 unam
1135 2627 1307 2687 societatem
1330 2632 1485 2698 vocantur,
1515 2624 1554 2684 ob
1577 2640 1630 2683 au·

279 2714 415 2790 gaiorum
437 2715 615 2773 incrementa
636 2730 669 2774 se
691 2715 785 2789 ipsam
807 2713 1008 2790 praepediens,
1033 2713 1091 2775 cito
1115 2711 1239 2776 desinat
1283 2713 1322 2774 Et
1344 2711 1479 2790 quamvis
1502 2709 1630 2772 delectus

280 2803 320 2861 sit
340 2799 484 2877 graduum
506 2801 645 2861 scientiae
668 2799 981 2879 demonstrationisqua
1003 2808 1033 2862 et
1053 2795 1208 2878 plurimum
1224 2799 1358 2861 amarant
1378 2799 1532 2860 mobilitate
1553 2795 1631 2872 illae,

282 2904 356 2966 quas
380 2906 434 2948 nos
456 2887 678 2965 explicavimus,
694 2889 792 2962 abiis,
816 2905 890 2966 quas
905 2888 1066 2949 dimisimus
1088 2891 1152 2950 sine
1174 2891 1306 2950 nominer
1328 2894 1499 2948 nontamen
1513 2903 1552 2946 ne
1567 2902 1631 2945 eum

283 2975 340 3034 hac
362 2975 481 3052 quidem
504 2974 761 3036 demonstrationis
782 2976 936 3037 nobilitate
958 2980 1150 3054 congruentia
1178 2975 1266 3055 plane
1287 2978 1352 3053 pari
1373 2991 1464 3053 passu
1486 2973 1631 3048 ambulat,

283 3061 419 3139 adeoque
441 3081 531 3123 unum
554 3063 676 3124 alteriue
698 3081 788 3124 caum
809 3081 867 3124 non
883 3071 938 3140 est,
960 3063 1013 3125 sed
1027 3072 1183 3142 utrumque
1204 3081 1241 3125 ex
1256 3063 1360 3124 eadem
1383 3064 1529 3124 communi
1544 3077 1633 3121 musa

283 3145 376 3234 (quae
398 3157 444 3211 est
466 3151 640 3229 angulorum
661 3151 772 3228 figurae
787 3147 945 3235 aptitudo),
969 3150 1107 3230 quodque
1127 3159 1225 3212 tamen
1248 3153 1310 3212 suis
1332 3151 1457 3228 legibus,
1479 3147 1633 3228 dependet
1767 3143 1768 3146 ’

169 3257 172 3268 ’
284 3235 472 3316 Quantopere
495 3255 565 3300 vero
588 3242 754 3300 necessaria
775 3241 815 3300 sit
835 3240 922 3301 nobis
943 3239 1017 3301 haec
1039 3257 1157 3319 quoque
1179 3235 1387 3318 speculationis
1408 3255 1487 3318 para,
1510 3255 1546 3298 ex
1570 3238 1631 3316 ipso

285 3327 376 3399 totius
398 3328 496 3402 operis
517 3327 651 3388 instituto
673 3326 775 3387 nidere
797 3335 851 3388 eat.
886 3327 963 3388 Cum
981 3329 1060 3388 enim
1074 3331 1216 3405 originem
1237 3327 1420 3388 harmonicen
1442 3325 1568 3403 ejtuqua
1589 3325 1632 3385 ei-

283 3413 379 3474 iectus
402 3417 431 3471 in
462 3421 525 3474 toto
548 3412 657 3476 mundo
686 3417 953 3492 praestantissimos
980 3414 1169 3494 explicandos
1191 3416 1398 3490 sumserimus,
1426 3410 1576 3493 quomodo
1598 3411 1633 3472 dc

284 3502 473 3577 congruentia
503 3502 679 3579 figurarum,
714 3519 790 3580 quae
820 3509 888 3562 sunt
916 3505 1139 3581 proportionum
1165 3502 1400 3564 harmonicamm
1429 3502 1632 3580 scatumginea,
1766 3527 1767 3556 ;

283 3589 375 3648 rerba
395 3588 478 3649 nulla
499 3589 664 3650 iaciamus?
686 3605 753 3650 enm
774 3587 853 3650 idem
866 3598 952 3651 sonet
967 3587 1080 3651 Latinis
1102 3607 1261 3668 congruere
1276 3597 1307 3651 et
1324 3591 1534 3668 congruentia,
1554 3585 1633 3666 quod

261 3673 406 3736 ‘Graecis
427 3671 582 3754 ἁρμοττιιν
603 3684 633 3738 et
653 3671 796 3754 cloptona,
830 3695 896 3738 cum
924 3677 974 3738 hic
1002 3677 1160 3757 figurarum
1189 3677 1310 3738 allectus
1339 3679 1415 3737 intra
1443 3677 1634 3756 geometriam

284 3765 418 3841 maeque
440 3763 679 3825 architectonicas
701 3772 814 3842 partem
828 3764 919 3841 iilam,
941 3782 1017 3844 qnae
1033 3769 1111 3827 cuca
1124 3764 1300 3844 archetypos
1314 3771 1456 3840 vereatur,
1479 3767 1519 3826 sit
1540 3781 1634 3843 quae-

284 3848 351 3912 dam
373 3851 456 3912 velut
477 3852 577 3928 imago
605 3858 635 3912 et
656 3851 840 3929 praeludium
863 3848 1021 3913 effectuum
1049 3860 1132 3914 extra
1153 3855 1344 3931 geometriam
1366 3859 1506 3932 extraque
1529 3851 1634 3914 mentis

283 3945 441 4015 conceptus
463 3939 493 3997 in
517 3939 588 4016 ipsis
609 3939 697 4000 rebus
721 3939 905 4001 naturalibus
927 3948 957 4002 et
978 3941 1171 4016 coelestibus,
1193 3957 1260 4000 eum
1280 3941 1444 4018 proprietas
1465 3941 1541 4004 haec
1563 3956 1634 4002 oon·

283 4029 443 4104 gruentiae,
467 4043 544 4104 quaa
568 4029 596 4084 in
619 4033 795 4093 structuram
818 4035 848 4090 ct
868 4030 1102 4106 corporationem
1123 4027 1252 4107 aliquam
1275 4029 1347 4102 exit,
1371 4027 1439 4088 talia
1461 4029 1509 4104 sit,
1532 4035 1567 4089 ut
1589 4024 1636 4090 rel

285 4115 350 4190 ipsa
371 4122 498 4176 mentem
520 4114 743 4191 speculatricem
765 4117 872 4176 inritet
893 4115 931 4177 ad
953 4113 1066 4192 aliquid
1083 4118 1172 4177 etiam
1187 4114 1444 4191 semisauciam,
1468 4115 1633 4191 erundum,

284 4201 511 4278 corporandum,
540 4209 632 4278 utque
658 4201 754 4263 latens
782 4201 849 4263 inda
880 4203 918 4264 ab
949 4211 1070 4264 aeterno
1098 4205 1129 4263 tn
1150 4201 1394 4280 superbenedicta
1414 4211 1512 4264 monte
1534 4203 1636 4264 divina

284 4304 337 4363 per
357 4287 488 4352 idearum
511 4288 628 4350 ordines
651 4295 793 4369 tanquam
815 4290 926 4351 bonnm
946 4307 1101 4367 summum,
1123 4285 1171 4353 sui
1185 4293 1470 4367 communicativum,
1494 4293 1635 4352 contineri

284 4374 314 4432 in
337 4391 392 4435 sua
413 4377 609 4439 abstractione
630 4393 690 4438 non
712 4379 858 4455 potnerit,
880 4381 951 4456 quin
974 4380 1003 4437 in
1027 4379 1182 4440 creationis
1204 4395 1279 4456 opus
1299 4386 1501 4457 prorumperet
1521 4379 1636 4439 Deum·
1764 4415 1765 4420 κ

285 4477 342 4538 que
372 4471 529 4525 creatorem
559 4464 685 4526 efficeret
717 4482 869 4544 corporum
898 4467 954 4527 snb
981 4457 1086 4528 lisdem
1119 4467 1221 4546 liguria
1247 4465 1460 4528 conclusorum.
1505 4465 1551 4528 De
1581 4465 1635 4528 lrac

284 4548 375 4626 igitur
395 4548 552 4628 Γιςιιηωω
573 4557 763 4631 congruentia
786 4555 889 4631 paucis
911 4571 1015 4632 agam,
1047 4573 1113 4617 cnm
1140 4549 1404 4617 demonstrationes
1427 4552 1560 4615 difficiles
1582 4570 1635 4614 na·

284 4651 433 4714 ququam
454 4639 522 4714 sint,
544 4657 600 4702 nec
621 4641 681 4703 alio
702 4657 777 4719 pana
801 4649 953 4721 apparatu,
977 4661 1066 4724 quam
1080 4645 1146 4722 ipsa
1161 4641 1319 4722 figurarum
1341 4643 1455 4722 pictura
1473 4639 1633 4723 indigeant.
