3732 5528
724 299 807 360 liber
824 301 872 361 llI.
892 301 981 372 caput
997 296 1070 358 xm.
1263 377 1270 384 ⁶
1294 327 1299 332 ·
1506 304 1581 368 885¹

309 476 384 532 Haec
411 477 447 532 ad
463 475 647 534 Ptolemaicae
672 474 862 546 philosophiae
889 474 963 530 ilum
991 475 1103 543 educta,
1130 481 1266 546 uteunque
1288 475 1412 544 iucunda
1435 481 1464 530 ct
1481 473 1573 530 ioman

225 555 304 610 etiam
331 557 405 612 utilis
431 557 458 612 iu
486 556 634 626 astrologia
660 555 858 634 consideratio,
880 556 947 612 nihil
965 563 1057 612 tamen
1080 554 1208 610 attineret
1224 554 1466 612 conformationem
1483 554 1570 625 ipsius
1630 569 1634 572 ·

224 633 359 764 puiversi,
388 632 437 690 sed
463 632 660 704 intelligeretur
685 641 791 690 tantum
818 635 1019 706 comparatione
1045 634 1150 692 zodiaci
1177 634 1333 706 apparentis
1357 639 1385 688 et
1403 649 1494 692 rerum
1512 631 1574 690 snb·

237 727 367 767 ultanum.

311 809 384 863 licta
401 807 451 864 ill.
487 809 590 878 Negat,
618 809 778 864 transitione
805 813 839 869 ds
866 818 932 866 tono
959 811 987 866 in
1010 818 1104 866 tonum
1129 810 1238 866 manniri
1255 809 1290 867 de
1315 825 1415 880 genere
1431 811 1461 866 iu
1478 825 1575 880 genus.

225 887 293 944 ttiht
311 894 407 942 cautus
425 887 478 943 ista
497 905 597 960 genera
616 895 680 944 sunt
698 887 865 946 differentiae
883 897 1024 960 tonorum,
1043 889 1135 958 itaque
1153 887 1219 944 mihi
1236 889 1370 946 interdum
1387 889 1500 946 mutatio
1518 890 1576 946 toni

225 973 313 1021 mutat
332 983 426 1038 genua,
446 975 475 1024 ut
493 983 576 1039 supra
594 969 730 1024 annotavi.

199 1101 201 1108 ,
313 1063 385 1117 Nota
402 1061 449 1118 Ν.
486 1061 565 1132 Quod
584 1071 676 1133 negat,
703 1067 808 1135 percipi
827 1066 982 1123 sensibilem
1008 1051 1228 1138 inaequalitatem
1254 1081 1381 1122 cursuum
1404 1071 1516 1134 propter
1534 1079 1575 1120 se·

225 1140 363 1196 cessiones
382 1141 409 1195 in
426 1139 523 1203 latum.
541 1142 569 1198 id
588 1142 723 1212 duplicem
739 1151 832 1214 potest
849 1146 951 1207 habere
969 1163 1087 1202 seusam.
1123 1145 1202 1201 Prior
1219 1143 1263 1200 hic
1281 1151 1338 1212 est,
1358 1141 1431 1197 verbi
1449 1157 1532 1197 causa
1549 1142 1577 1196 in

225 1221 318 1284 Luna,
337 1221 415 1290 cujus
434 1221 557 1292 evagatio
573 1217 603 1276 'in
621 1223 706 1278 latum
722 1230 765 1279 est
782 1225 833 1294 5⁰;
861 1231 974 1296 propter
991 1225 1063 1282 hanc
1080 1224 1126 1295 lit,
1154 1229 1185 1278 nt
1202 1223 1284 1279 certis
1302 1221 1370 1278 locis
1388 1221 1466 1276 locus
1483 1219 1577 1275 Lunae

224 1301 244 1355 7
252 1305 259 1330 ⁴
274 1301 303 1355 in
322 1301 447 1371 ecliptica
473 1304 509 1358 sit
534 1301 685 1374 promotior
711 1291 752 1358 ve'l
778 1304 905 1360 anterior.
942 1307 993 1361 Hic
1011 1321 1067 1360 non
1085 1310 1127 1360 est
1144 1309 1225 1372 aptus
1239 1301 1303 1356 huic
1320 1300 1381 1356 loco
1401 1313 1506 1367 sensus,
1524 1313 1579 1352 non

224 1379 284 1448 agit
300 1395 397 1451 nempe
415 1383 459 1438 hic
478 1383 512 1438 de
529 1391 604 1438 motu
623 1383 773 1462 latitudinis
792 1384 960 1452 singulorum
977 1384 1099 1455 proprio,
1117 1382 1167 1438 sed
1185 1381 1220 1437 de
1239 1379 1390 1436 deflexione
1408 1377 1526 1433 omnium
1544 1377 1578 1431 ab

224 1468 385 1531 separatore,
405 1469 433 1516 et
451 1479 547 1520 sensus
565 1470 608 1519 est
625 1463 724 1533 verior,
752 1464 824 1520 iuter
841 1465 922 1520 unius
940 1464 1069 1535 planetae
1086 1460 1201 1519 circulos
1219 1458 1367 1529 paralleloe
1385 1457 1500 1513 duorum
1517 1471 1579 1526 pro·

225 1537 369 1611 timorum,
389 1557 459 1612 quos
476 1543 580 1600 habent
595 1543 636 1600 illi
653 1543 681 1598 in
698 1543 786 1612 primo
803 1550 892 1612 motu,
912 1559 966 1599 non
985 1556 1046 1599 esse
1064 1555 1149 1598 sensu
1164 1537 1370 1611 perceptibilem
1387 1535 1578 1592 diversitatem.

315 1637 388 1693 Nota
405 1639 437 1694 V.
473 1640 647 1695 Ptolemaeus
666 1655 701 1695 us
717 1641 868 1696 sodiaoam
879 1640 989 1710 quidem
1012 1640 1058 1695 hie
1074 1639 1209 1706 intuetur,
1236 1633 1310 1706 quod
1335 1639 1427 1688 tamen
1445 1637 1473 1685 at
1489 1629 1579 1698 ipsun

226 1713 307 1769 vilius
326 1722 408 1784 esset,
427 1716 475 1774 sad
493 1717 546 1774 hoc
563 1718 645 1774 etiam
662 1719 753 1788 capite
770 1719 806 1774 ad
824 1725 928 1774 motum
946 1720 1062 1788 primum
1079 1717 1152 1774 redit
1169 1713 1349 1781 adsciscitque
1366 1709 1534 1766 horizontem
1551 1715 1581 1766 et

224 1793 308 1862 polos
326 1793 427 1865 muudi,
447 1796 624 1868 conspicuum
643 1798 752 1868 quidem
770 1801 923 1856 attribuens
941 1798 1019 1856 tonis
1032 1797 1131 1866 acutis,
1149 1795 1185 1852 ad
1202 1807 1323 1848 normam
1341 1788 1440 1859 cepitis
1460 1790 1503 1852 1⁰5
1518 1805 1579 1858 8¹⁸·

226 1872 307 1928 vibus
326 1873 411 1930 latera
428 1877 485 1944 poli
501 1877 671 1948 inconspicui
689 1884 716 1933 et
734 1881 786 1934 sub
804 1879 971 1936 horizontem
989 1876 1122 1949 demersi3
1141 1871 1286 1942 cumquei
1304 1876 1385 1924 tonos
1402 1865 1536 1922 invenerit
1552 1867 1581 1922 in
1621 1926 1623 1934 .

226 1949 282 2006 hoc
301 1968 399 2022 opere,
426 1954 493 2014 virs
512 1953 660 2025 parallelos
678 1973 727 2026 per
744 1957 820 2012 initia
838 1957 975 2026 signorum
995 1957 1092 2012 ductos
1110 1949 1296 2010 accommodat
1313 1966 1368 2008 non
1386 1947 1469 2020 paulo
1487 1947 1582 2017 pulch·

226 2030 294 2086 riori
312 2049 453 2106 successu,
482 2051 562 2104 quam
581 2035 656 2105 prius
673 2042 729 2092 tres
747 2035 950 2094 intervallorum
968 2033 1074 2107 species
1097 2033 1184 2090 trihus
1203 2038 1299 2088 cantus
1316 2028 1468 2099 generibus.
1506 2027 1583 2096 Quae

228 2110 321 2164 omnia
339 2111 446 2181 sic-ego
464 2115 606 2184 praedico,
634 2121 665 2169 nt
683 2115 745 2188 plus
763 2115 826 2171 inde
844 2115 966 2172 videatur
984 2112 1113 2171 accedere
1132 2109 1282 2168 nobilitatis
1300 2107 1407 2176 iugenio
1426 2105 1583 2174 Ptolemaei,

226 2185 299 2243 haec
317 2197 372 2243 tam
390 2201 454 2262 apte
472 2193 698 2250 comminiscentis
718 2201 745 2249 et
764 2210 797 2248 ex
817 2209 862 2266 eo,
891 2193 965 2265 quod
983 2193 1050 2249 nihil
1069 2195 1127 2261 est,
1147 2187 1250 2259 aliquid
1267 2185 1418 2254 efficientis,
1438 2199 1519 2258 quam
1537 2199 1583 2240 na·

228 2275 309 2322 turae
328 2269 412 2338 coeli,
438 2273 482 2327 cui
500 2273 568 2328 haec
586 2283 660 2329 certe
679 2273 855 2344 congruentia
873 2275 916 2328 ast
933 2271 1055 2328 fortuita.
1091 2272 1214 2341 Apparet
1233 2282 1298 2323 sane
1317 2280 1351 2319 ex
1370 2262 1493 2319 omnibus
1512 2279 1584 2321 com·

227 2347 432 2420 paratioribus,
450 2349 608 2408 Ptolemaeo
626 2352 762 2423 placuisse
780 2367 921 2423 numeros,
940 2351 1096 2424 ubicunque
1113 2347 1223 2403 eosdem
1240 2345 1368 2414 utrinque
1385 2342 1476 2412 potuit
1493 2349 1584 2399 osten·

228 2421 303 2478 ders.
339 2427 375 2483 st
392 2429 512 2484 absurda
537 2437 581 2486 est
604 2447 777 2488 numerorum
797 2433 826 2487 ia
844 2432 1043 2501 quantitatibus
1068 2427 1248 2498 comparatio,
1276 2425 1300 2479 si
1318 2423 1452 2478 unitatum
1469 2437 1525 2477 non
1543 2425 1585 2476 est

229 2503 327 2560 mm
346 2507 490 2578 utrobique
508 2511 591 2580 ratio,
619 2513 714 2568 eadem
731 2512 878 2568 msfinctio.
914 2512 976 2566 Jam
1002 2525 1066 2566 vero
1090 2506 1261 2576 septenarius
1283 2511 1411 2562 tonorum
1429 2501 1517 2560 oritur
1533 2505 1584 2558 al

229 2585 370 2642 consuetis
388 2587 538 2644 intervallis
557 2589 638 2646 unias
657 2598 782 2662 octavae,
801 2600 831 2646 at
848 2590 1019 2660 septenarius
1036 2587 1228 2659 parallelorum
1245 2583 1367 2640 oritura
1384 2581 1418 2636 12
1436 2580 1521 2650 Quis
1539 2595 1584 2636 ao·
1641 2621 1646 2642 t

230 2662 303 2718 ‹liaci
320 2673 416 2734 estque
434 2675 571 2737 potestate
589 2671 773 2728 duodenarius
789 2669 889 2741 potius.
924 2669 1079 2737 Praeterea,
1098 2666 1164 2736 quid
1182 2659 1270 2722 simile
1288 2667 1330 2718 est
1347 2658 1449 2730 speciei
1465 2659 1532 2730 toni,
1550 2675 1585 2750 ⁸¹.

230 2740 314 2796 variis
331 2743 478 2802 intervallis
497 2747 591 2804 ordina
609 2758 684 2806 certo
712 2747 862 2820 compositi.
882 2764 943 2804 cnm
963 2747 1095 2819 parallelo
1123 2745 1193 2802 coeli
1217 2741 1432 2812 simplicissimo,
1461 2744 1510 2797 ant
1527 2743 1585 2794 tom

231 2819 368 2876 altitudini
388 2840 449 2879 cum
467 2826 608 2884 altitudine
627 2830 750 2900 paralleli
767 2828 876 2900 generis
894 2827 1078 2898 ffirembmmi,
1097 2833 1125 2883 at
1142 2825 1260 2896 positive
1276 2828 1382 2878 tantum
1401 2817 1586 2887 0101111ὶὶ188

229 2897 353 2956 locorum
371 2905 501 2962 varietate
519 2910 612 2964 varia?
648 2911 719 2965 Dato
738 2924 815 2976 varo,
841 2905 1001 2976 quadratio
1021 2903 1264 2976 comparandorum
1283 2898 1410 2970 utriuque
1428 2896 1464 2952 sit
1482 2894 1585 2964 eadem,

231 2977 258 3032 si
277 2985 366 3035 tamon
385 2983 413 3038 id
431 2993 474 3042 est
491 2985 560 3040 citra
577 3005 675 3044 causae
695 2995 722 3044 et
740 2987 853 3044 effectus
872 2986 1082 3054 connexionem,
1109 2992 1140 3041 ut
1157 2989 1231 3040 certe
1249 2988 1292 3037 est
1309 2979 1361 3034 hoc
1379 2977 1454 3046 loca,
1477 2993 1585 3047 compa-

231 3059 304 3114 ratio
323 3060 403 3130 vulgo
421 3063 513 3131 potius
530 3069 706 3123 accomodata
724 3073 767 3122 est
784 3065 957 3120 fortuitorum
976 3061 1118 3133 captatori,
1137 3079 1218 3132 quam
1236 3057 1409 3131 philosopho.

323 3141 417 3212 Longe
435 3158 487 3212 ego
504 3146 728 3214 praestantiorem
739 3145 846 3201 invenio
857 3152 985 3200 tonorum
998 3141 1200 3213 expressionem
1220 3157 1268 3196 seu
1279 3135 1463 3224 imitationem¹
1472 3133 1501 3188 in
1519 3134 1586 3205 ipsis

232 3216 404 3286 planetarum
422 3225 592 3292 superiorum
611 3225 691 3278 trium
710 3224 828 3280 motibus
855 3223 986 3294 propriis,
1014 3229 1045 3278 ut
1063 3223 1082 3276 ii
1100 3237 1135 3277 ex
1153 3220 1217 3278 Sole
1244 3219 1389 3288 apparent,
1418 3213 1465 3266 uhr
1491 3227 1587 3304 Quas

232 3297 293 3350 toni
311 3297 345 3352 ab
363 3297 514 3369 hypodorio
532 3319 582 3373 per
600 3303 787 3360 Saturniorum
805 3312 927 3360 motuum
944 3300 1117 3358 intervallum
1136 3296 1323 3356 harmonicum
1340 3299 1368 3348 et
1386 3307 1436 3362 per
1454 3305 1587 3382 cqncmna

233 3371 424 3433 intercidentia
442 3387 636 3448 monstrantur,
656 3381 748 3437 dorius
769 3389 797 3438 at
816 3383 1025 3438 circumstantes
1043 3395 1092 3450 per
1111 3379 1215 3446 Jovios,
1233 3371 1396 3442 mixolydius
1415 3370 1588 3460 accessimus

235 3469 254 3509 a
271 3455 377 3510 Martiis
394 3459 520 3515 motibus.
555 3462 625 3516 Nam
644 3461 667 3516 si
686 3459 796 3516 Saturni
813 3465 903 3514 motus
922 3458 1047 3528 aphelius
1071 3457 1136 3512 iacit
1152 3456 1233 3512 basin
1254 3449 1409 3522 systematis
1428 3447 1587 3503 umversalu

131 3553 134 3560 ·
236 3543 266 3590 et
283 3537 366 3590 imam
384 3536 513 3607 diapason
533 3540 650 3594 sonitum
669 3545 864 3610 repraesentat,
883 3539 959 3594 Jovis
978 3545 1067 3590 motus
1086 3535 1211 3605 ephelius
1224 3548 1241 3588 a
1253 3545 1320 3588 sono
1337 3548 1363 3602 p,
1381 3527 1479 3586 Martis
1491 3538 1508 3579 a
1520 3541 1587 3582 sono

233 3615 256 3684 s,
275 3624 387 3671 ocmvae
405 3633 542 3688 supremo,
562 3621 710 3688 consurgit.
747 3620 842 3688 itaque
860 3617 1049 3685 Ptolemaeus,
1068 3615 1190 3686 allegans
1208 3619 1312 3668 motum
1330 3610 1459 3679 primum,
1476 3606 1588 3698 terrico:

235 3691 323 3747 tarum
342 3696 527 3768 phantasiam,
555 3699 723 3754 Terrestrem
750 3699 838 3755 solum
865 3697 949 3754 tradit
966 3695 1110 3762 musicam,
1137 3709 1190 3765 ego
1207 3692 1342 3748 Solarsm:
1367 3685 1414 3779 ille
1433 3684 1589 3740 necessitatr

234 3774 430 3841 quantitativae
448 3777 592 3833 continuae
610 3780 778 3848 immersam,
806 3793 855 3847 ego
874 3781 1047 3847 procuratam
1066 3791 1082 3830 a
1100 3779 1222 3829 creatore
1240 3777 1268 3825 et
1285 3767 1458 3824 distinctrone
1479 3777 1588 3843 separa·

233 3855 366 3924 tioneque
384 3858 538 3913 omnimoda
553 3859 582 3913 in
600 3857 661 3915 luce
679 3857 803 3914 locatam.
840 3855 911 3912 Vide
926 3853 979 3926 mai
995 3853 1056 3909 lrhri
1074 3853 1106 3910 V.
1126 3867 1184 3922 cap.
1204 3853 1228 3907 6.

794 4081 936 4153 curor
963 4037 1044 4150 xirr.

255 4227 304 4284 De
321 4229 563 4299 proportione,
575 4244 668 4297 quam
686 4220 1210 4363 Μῦειιιωίιιὲθέοειοθξῗιηοὴο111
1227 4227 1261 4274 et
1278 4214 1572 4288 configurationes

328 4441 460 4504 Besidua
483 4441 635 4520 dispositio
658 4441 908 4504 tetrachordorum
932 4447 962 4500 et
983 4448 1119 4500 tonorum
1141 4439 1170 4496 in
1192 4441 1352 4514 systemate
1366 4432 1495 4511 perlecto
1517 4431 1591 4491 resi-

240 4529 319 4590 duae
342 4549 459 4607 quoque
483 4531 667 4608 dispositioni
691 4529 954 4606 configurationem
977 4544 1042 4586 eum
1057 4525 1126 4586 Sole
1149 4523 1252 4586 similis
1275 4521 1428 4601 apparebit
1440 4517 1483 4600 11).
1514 4517 1591 4580 Nam

239 4619 305 4676 toni
328 4618 498 4694 disjunctivi
520 4617 664 4695 quadrant
686 4617 725 4678 ad
747 4619 820 4676 situs
842 4615 969 4675 siderum
992 4616 1030 4674 ab
1054 4609 1299 4673 occultationihus
1321 4627 1414 4686 usque
1436 4608 1474 4669 ad
1496 4624 1592 4684 appe-

239 4706 365 4766 titiones
378 4701 441 4784 111),
474 4713 506 4766 at
537 4706 623 4781 soni,
657 4706 708 4783 qui
736 4711 912 4766 connectunt
944 4701 1017 4762 duas
1041 4697 1290 4762 tetrachordorum
1313 4696 1449 4778 copulae,
1480 4693 1593 4758 scilicet

298 4813 480 4867 narseum
494 4816 520 4858 v.
1324 4793 1326 4800 ’
1394 4803 1435 4864 25
