3732 5528
315 349 378 408 3ιο
829 341 978 400 Ptolemaei
995 335 1148 402 namma

199 561 202 569 ι
313 529 441 580 tamtum.
476 521 529 577 list
550 533 618 576 sane
635 521 784 577 communis
808 521 937 591 utrinque
954 527 1056 590 motus,
1079 523 1128 578 sed
1151 521 1179 578 id
1197 523 1251 579 boc
1268 521 1433 595 ιιιιιιιιιιιιο,
1459 534 1491 583 ut
1507 527 1554 584 vlle
1571 530 1597 584 in
1615 545 1661 585 ex·

313 601 461 674 palmandis
483 597 618 656 acolabus
641 600 749 655 incedat
772 600 923 660 saltuatim,
948 601 975 654 in
994 601 1129 658 sideribus
1151 604 1187 658 sit
1205 603 1357 660 continuus.
1394 604 1482 661 Multo
1501 607 1582 678 igitur
1598 623 1660 664 con-

312 681 419 737 cinaius
437 681 633 748 comportentur
650 685 746 734 cantus
764 693 825 734 cum
843 679 952 735 incessu
969 680 1087 736 humano
1106 679 1257 750 gmduarlo,
1277 697 1357 751 quam
1376 699 1437 738 cum
1456 691 1530 740 motu
1548 685 1660 757 alicujus

313 761 417 818 m'deria
453 756 532 827 Quod
551 777 613 816 vcro
633 757 805 813 Ptolemaeus
824 775 858 814 er
876 773 908 814 eo
928 758 980 812 vim
999 759 1126 826 intendit,
1152 759 1224 830 quod
1242 770 1331 818 motus
1348 762 1444 819 localis
1466 765 1609 834 utrobique
1628 769 1661 821 sit

312 841 395 910 solus,
413 839 441 895 id
458 851 566 898 rursum
584 841 664 907 longe
682 835 795 906 petitum
814 838 956 906 minusque
975 837 1102 907 generale
1119 843 1161 894 est
1179 847 1366 908 argumentum
1384 843 1593 913 comparationis
1613 859 1662 900 nec

312 920 365 976 ιιιι
384 919 466 976 ιιιιιιιι
484 919 575 974 habet.
612 917 680 972 Nam
699 923 748 970 aut
765 931 819 970 non
839 923 883 971 est
900 915 1025 973 absolute
1042 931 1135 973 verum
1157 916 1192 972 de
1209 917 1366 976 harmonico
1389 930 1476 990 motu,
1504 929 1552 977 aut
1569 925 1596 978 in
1614 916 1662 979 illo

239 1051 241 1060 ,
312 999 370 1055 solo
386 997 440 1055 bon
453 1005 503 1068 est,
523 1014 572 1053 nec
584 1009 635 1066 pro
647 1009 677 1050 rc
690 993 800 1050 coelesti
818 995 911 1050 haberi
931 997 1020 1065 debet,
1039 1013 1099 1052 eum
1117 997 1153 1053 sit
1172 997 1282 1069 vulgare
1299 997 1334 1054 de
1351 1000 1444 1055 multis
1461 1001 1593 1058 localibus
1606 1019 1662 1058 mo·

310 1079 391 1137 tibus.
428 1077 498 1146 Qut
516 1077 589 1147 qnod
608 1089 696 1144 neque
715 1074 748 1130 de
766 1074 844 1129 coelo
862 1083 965 1131 certum
984 1084 1035 1146 est,
1053 1082 1143 1131 motus
1156 1075 1275 1132 siderum
1292 1076 1395 1134 locales
1413 1077 1516 1134 nullam
1533 1081 1662 1151 consequi

311 1155 525 1212 alterationem'
544 1155 622 1210 Certe
641 1159 743 1210 motum
762 1152 843 1208 unius
861 1153 971 1222 sideris,
989 1161 1020 1210 ιιι
1038 1155 1188 1228 Cuper'uioo
1207 1155 1310 1225 placet,
1329 1157 1447 1213 Telluris
1465 1173 1576 1228 nempe,
1600 1176 1662 1215 con·

311 1235 433 1305 sequbnr
450 1233 609 1292 vicissitudo
628 1235 742 1288 assistis
761 1237 788 1286 et
805 1231 910 1288 hiemis.
947 1233 1018 1288 Esse
1037 1241 1063 1289 et
1081 1234 1108 1288 iu
1127 1233 1232 1303 reliquo
1250 1235 1326 1291 coelo
1345 1235 1528 1308 alterationes,
1546 1246 1663 1307 arguunt

311 1312 433 1370 maculae
450 1309 535 1380 Solis,
562 1313 682 1368 cometae
707 1317 736 1365 et
757 1309 824 1380 alia,
849 1310 995 1380 incamum',
1021 1327 1055 1368 ao
1080 1327 1115 1367 ex
1134 1321 1212 1381 parte
1233 1313 1275 1368 vel
1300 1319 1358 1370 toto
1381 1315 1444 1370 illae
1462 1326 1611 1386 sequentur
1625 1331 1663 1371 er

212 1455 215 1464 ¹
310 1391 429 1448 motibus
447 1389 588 1446 localibus.
626 1391 672 1447 Sin
691 1389 725 1445 de
743 1405 776 1445 eo
793 1389 936 1460 loquimur,
956 1391 1028 1461 quod
1047 1399 1168 1446 veterum
1187 1391 1357 1461 planetarum
1376 1393 1466 1450 nullus
1478 1394 1559 1464 perit,
1574 1388 1664 1452 'novus

311 1469 403 1526 nullus
421 1470 555 1540 uasmtnr,
578 1469 650 1525 idem
669 1467 748 1524 etde
766 1467 852 1523 Terra
870 1460 961 1524 ιιιιιιιιΙ
981 1479 1030 1526 est.
1066 1472 1160 1527 Posito
1179 1487 1242 1526 vero
1266 1469 1317 1526 hoc
1339 1472 1493 1527 discrimine
1515 1473 1586 1526 inter
1604 1487 1662 1528 coe·

309 1550 394 1608 lestss
419 1556 598 1619 terrenosque
625 1555 727 1616 motus,
755 1564 810 1603 non
832 1546 893 1603 ideo
920 1549 1064 1618 quicquam
1090 1557 1264 1619 promovetur
1286 1548 1434 1604 similitudo
1458 1550 1663 1619 proportionum

310 1627 469 1684 coelestium
487 1645 547 1684 cunr
565 1628 737 1692 harmonicis,
756 1643 807 1682 nec
824 1627 942 1684 mcissim
951 1629 1156 1699 impedirentur,
1174 1629 1225 1685 etsi
1243 1627 1270 1681 in
1284 1627 1361 1684 coelo
1374 1638 1467 1685 essent
1479 1629 1663 1702 alterationes,

310 1721 364 1761 non
382 1709 469 1778 magis
487 1723 567 1776 quam
593 1712 707 1762 ecantu
732 1707 850 1762 humano
873 1707 978 1762 tollitur
1003 1709 1156 1778 proportio,
1182 1707 1205 1761 si
1224 1723 1276 1761 vox
1302 1707 1372 1763 inter
1389 1707 1541 1763 canendum
1567 1708 1664 1765 debilis

309 1783 446 1841 reddatur.
482 1786 544 1855 lpse
562 1801 612 1854 per
630 1800 659 1840 se
682 1791 772 1840 motus
792 1784 892 1857 localis,
910 1785 995 1840 trahit
1013 1799 1103 1842 secum
1123 1784 1243 1840 rationes
1261 1799 1338 1854 suas,
1362 1785 1489 1856 quicquid
1511 1787 1570 1856 jam
1588 1803 1664 1858 prae·

308 1871 385 1920 terea
402 1863 517 1921 accidat.
611 1877 629 1898 ν·
1481 1887 1483 1892 ·
1692 1869 1696 1876 “

321 1955 326 1966 ·
379 1943 535 1999 Secundum
558 1949 761 2013 argumentum,
789 1961 843 2016 qna
865 1942 893 1998 in
912 1951 991 2012 parte
1009 1933 1126 2000 deliciet
1136 1945 1323 2012 Ptolemaeus,
1347 1945 1406 2016 ipse
1429 1957 1479 2014 per
1503 1943 1664 2015 objectionis

285 2045 290 2052 ·
309 2022 429 2094 speciem
447 2023 563 2093 detexit3
588 2022 692 2078 valeret
709 2031 802 2080 tamen
820 2025 854 2080 ad
871 2021 1092 2094 probabilitatem
1110 2021 1302 2080 adstruendam
1322 2022 1519 2085 accidentarlae
1541 2023 1662 2094 ejusdem

308 2101 499 2165 similitudinis¹
511 2103 548 2172 (in
564 2117 647 2171 quam
665 2101 791 2160 rhetoras
808 2103 909 2172 potins,
928 2117 1009 2170 quam
1029 2099 1207 2174 philosophos
1224 2100 1381 2159 incumbere
1398 2117 1448 2170 par
1465 2104 1545 2172 erat),
1568 2103 1592 2158 si
1611 2120 1662 2159 non

308 2185 394 2256 magis
412 2185 447 2240 ad
465 2191 548 2254 caput
566 2197 683 2251 sequeus
702 2185 857 2254 pertineret.
894 2179 981 2236 lbmis
999 2182 1069 2237 euim
1088 2181 1191 2237 recedit
1209 2181 1380 2239 Ptolemaeus
1399 2183 1426 2235 in
1445 2189 1563 2252 auoque
1582 2199 1659 2254 argn-

308 2271 401 2321 meuto
423 2281 441 2320 a
462 2265 603 2334 proposito
625 2261 748 2330 ruffiaco,
774 2261 905 2318 delabens
931 2259 1087 2317 admotum
1114 2263 1232 2318 siderum
1254 2264 1306 2318 snb
1324 2277 1369 2331 eo,
1395 2261 1428 2316 de
1446 2280 1500 2332 quo
1523 2273 1605 2319 erunt
1623 2281 1663 2320 se·

309 2347 421 2416 quenda
438 2344 537 2414 capita.
574 2340 647 2397 illud
673 2355 707 2396 ue
726 2341 899 2405 obliviscare,
926 2339 999 2408 quod
1018 2342 1136 2398 reversio
1156 2341 1306 2412 specierum
1328 2339 1408 2396 nnius
1432 2341 1564 2412 diapason
1590 2341 1663 2398 nullo

309 2425 389 2482 modo
408 2439 519 2483 causam
536 2421 638 2477 babeat
655 2435 744 2491 neque
762 2419 940 2490 orcbctpp'um
957 2419 1126 2476 identitatem
1149 2421 1276 2491 principii
1294 2419 1410 2489 finisque
1429 2437 1478 2476 seu
1497 2424 1524 2477 iu
1542 2421 1662 2490 zodiaco,

312 2519 362 2560 sen
378 2505 406 2560 in
424 2501 589 2560 motionibus
608 2500 660 2556 snb
679 2517 725 2566 eo,
745 2516 807 2556 uam
826 2500 878 2554 hoc
896 2507 1003 2554 tantum
1022 2499 1108 2568 abest,
1128 2507 1159 2554 nt
1176 2501 1200 2554 si
1217 2499 1247 2554 in
1265 2498 1368 2555 chorda
1386 2501 1425 2554 sic
1436 2498 1599 2570 principium
1617 2499 1664 2556 fini

311 2599 464 2640 connexum
483 2588 565 2649 esset,
590 2580 742 2649 specierum
761 2578 899 2634 distinctio
924 2575 999 2630 nulla
1023 2577 1116 2632 lutura
1132 2577 1214 2634 fuerit
1240 2581 1325 2649 ipsius
1346 2580 1485 2649 diapason.
1521 2579 1662 2649 Quomodo

254 2685 256 2692 ·
308 2677 372 2717 vero
390 2659 559 2716 instituenda
577 2659 612 2712 sit
624 2658 699 2713 'haec
717 2657 896 2726 comparatio,
922 2663 953 2708 ut
971 2665 998 2711 et
1017 2655 1170 2733 articulatio
1189 2657 1224 2712 sit
1249 2666 1278 2712 et
1294 2657 1329 2713 ad
1347 2673 1447 2713 musae
1471 2661 1662 2716 necessitatem

308 2739 422 2810 propius
446 2737 610 2806 adducatur,
636 2738 723 2793 dicam
748 2740 773 2792 iu
799 2737 871 2792 uotis
894 2735 928 2790 ad
955 2739 1038 2804 caput
1060 2742 1187 2803 sequeus.
1223 2734 1302 2806 Quod
1329 2736 1392 2793 item
1418 2737 1501 2792 etde
1525 2741 1609 2794 tertio
1636 2747 1661 2792 et

251 2875 255 2882 ,
309 2825 408 2891 quarto
426 2823 586 2886 argumento
604 2817 760 2884 dicendum,
786 2829 857 2886 quae
879 2815 952 2869 baud
971 2810 1053 2884 paolo
1077 2820 1141 2869 aunt
1158 2815 1270 2870 meliora
1295 2816 1445 2884 prioribus,
1471 2833 1532 2871 curn
1552 2827 1662 2875 naturae

309 2895 460 2970 penetralia
477 2895 611 2964 referant,
637 2896 671 2950 ad
691 2909 809 2966 sequeus
828 2894 899 2948 euim
919 2901 1003 2962 caput
1026 2901 1055 2948 et
1078 2893 1140 2962 ipsa
1164 2895 1311 2964 pertinent.
1347 2895 1405 2949 Nec
1422 2895 1493 2949 enim
1518 2896 1582 2952 ideo
1608 2896 1660 2951 dia·

278 3009 281 3032 .
309 2985 396 3048 phaon
415 2977 592 3031 consonantia
610 2975 758 3044 respondet
775 2973 826 3044 ipsi
845 2970 997 3028 diametrali
1016 2971 1236 3040 configuratioui,
1256 2973 1320 3042 quie
1337 2991 1369 3026 ex
1389 2979 1536 3044 systemate
1555 2973 1661 3044 quidam

242 3097 249 3112 .
309 3053 382 3111 velut
405 3055 532 3110 zodiacus
556 3053 674 3110 efficitur
699 3051 808 3122 (suddit
826 3053 879 3106 boc
898 3049 937 3104 illi
956 3050 1100 3120 aptationi,
1128 3060 1158 3106 ut
1176 3052 1293 3106 chordae
1319 3054 1449 3122 diapason
1474 3053 1607 3111 facientes
1624 3055 1661 3110 in·

311 3135 404 3192 cidant
421 3134 448 3189 in
468 3133 528 3189 loca
546 3131 640 3188 circuli
659 3131 804 3202 opposita),
822 3131 870 3186 sed
889 3131 916 3185 ιιι
935 3143 1042 3200 genere,
1062 3129 1124 3198 quia
1144 3137 1171 3183 et
1190 3129 1237 3186 illa
1255 3131 1433 3186 consonantia
1451 3139 1493 3186 est
1511 3133 1618 3204 aliqua,
1636 3141 1661 3188 et

307 3211 377 3268 haec
395 3219 524 3283 aspectus
548 3210 653 3281 aliquis.
691 3209 798 3266 Accidit
819 3207 885 3265 illud
905 3209 1014 3278 quidem
1033 3209 1172 3276 systemati
1190 3208 1312 3278 perfecto
1338 3208 1461 3278 pulchre;
1486 3219 1514 3265 at
1541 3213 1594 3266 hoc
1620 3227 1660 3266 ac·

206 3291 209 3298 “
308 3291 374 3348 uidit
391 3289 471 3346 mmul
489 3288 599 3345 minime
616 3289 740 3360 pulchre,
759 3297 790 3344 ut
809 3289 880 3344 dirae
898 3289 1016 3352 chordae
1035 3285 1155 3341 incidant
1173 3287 1200 3341 iu
1219 3286 1289 3342 idem
1308 3295 1447 3358 punctum,
1466 3305 1537 3360 quae
1549 3291 1620 3346 inter
1631 3303 1659 3343 sc

308 3367 485 3440 disdiapason
501 3368 613 3438 iaciunt,
633 3383 694 3423 cum
707 3369 915 3439 configurationi
927 3363 1069 3437 corporali,
1088 3363 1114 3418 id
1129 3373 1171 3418 eat
1183 3365 1376 3434 conjunctioni,
1395 3369 1485 3436 potius
1497 3365 1660 3438 respondeat

309 3447 448 3518 unisonus,
468 3447 599 3518 diapason
618 3463 681 3501 varo
699 3447 865 3516 respondeat
884 3445 1092 3514 configurationi
1110 3443 1335 3516 quadrangulari,
1354 3453 1386 3501 ut
1397 3445 1556 3503 audiemur.

395 3524 474 3596 Quod
493 3527 648 3595 oppositum
667 3535 808 3596 aspectum
827 3527 945 3582 siderum
965 3531 992 3578 et
1010 3523 1214 3578 consonantiam
1239 3523 1370 3594 diapason
1389 3523 1592 3582 efficacissimos
1615 3543 1658 3596 ap·

308 3599 408 3676 pellat,
433 3605 461 3661 id
480 3605 533 3660 boc
551 3621 633 3660 seusu
653 3622 744 3661 verum
764 3620 825 3662 esse
839 3604 949 3674 judico,
971 3603 994 3659 si
1012 3603 1070 3673 pari
1088 3611 1233 3672 utrumque
1251 3619 1335 3673 passu
1355 3605 1390 3658 sit
1409 3603 1519 3674 efficax,
1539 3605 1659 3668 ιιιιιιιιι

307 3685 413 3740 seilicet
430 3699 484 3738 uon
503 3685 605 3754 activa,
632 3684 680 3739 sed
700 3684 850 3752 objectiva,
870 3685 896 3740 id
916 3694 971 3753 est,
997 3701 1067 3753 quac
1089 3699 1144 3738 uon
1162 3685 1315 3752 mammam,
1340 3683 1387 3738 sed
1412 3685 1526 3739 animam
1544 3685 1658 3753 aliquam

307 3769 428 3832 moveat,
452 3769 483 3816 ιιι
501 3761 609 3828 objecta
627 3771 737 3818 movent
754 3773 859 3819 sensus.
898 3765 949 3817 Est
968 3763 1039 3817 enim
1058 3761 1330 3831 subintelligendum,
1356 3763 1459 3818 animas
1477 3764 1552 3832 ipsas
1571 3765 1659 3836 potius

305 3843 480 3911 perceptione
498 3840 594 3896 harum
613 3843 835 3912 proportionum,
854 3847 909 3895 tam
930 3841 1069 3912 vocalium,
1090 3851 1170 3912 quam
1191 3838 1355 3911 sideralium,
1374 3842 1446 3898 circa
1459 3843 1529 3899 hanc
1547 3847 1575 3902 in
1589 3852 1658 3900 ιιιιο-

307 3937 361 3991 qne
379 3935 479 3992 genere
496 3919 608 3990 duplam
626 3921 830 3990 proportionem
849 3921 1055 3990 operosissimas
1074 3939 1148 3992 ease,
1174 3923 1214 3976 vel
1234 3923 1282 3978 illa
1299 3921 1532 3978 vehementissime
1555 3921 1656 3980 iracitari

307 3997 341 4054 sd
360 4013 445 4069 opera
462 4013 519 4054 sua
557 4001 618 4068 Qua
633 4000 669 4054 de
688 4017 716 4052 rc
735 3999 804 4054 infra
821 4001 908 4070 plura.

395 4077 447 4134 iiic
466 4079 546 4134 etiam
567 4082 655 4136 obiter
672 4081 834 4148 nomadum,
855 4080 1039 4136 Ptolemaeum
1054 4083 1112 4151 jam
1133 4099 1186 4137 nun
1207 4083 1321 4137 obscure
1339 4097 1355 4136 a
1373 4083 1506 4152 numeris,
1525 4083 1553 4138 in
1572 4081 1656 4140 causis

271 4211 274 4218 .
306 4157 544 4213 consonantiarum
563 4159 774 4226 constituendis,
792 4157 829 4213 ad
847 4171 921 4214 meas
940 4159 1033 4215 circuli
1051 4159 1196 4217 divisiones
1214 4160 1368 4216 desciscere
1390 4167 1418 4216 et
1436 4177 1542 4216 mecum
1560 4159 1656 4217 sendra

305 4237 438 4308 incipere,
462 4237 526 4292 dum
545 4253 579 4293 er
596 4239 648 4294 hac
667 4237 775 4292 demum
793 4236 976 4308 applicatione
994 4239 1150 4308 assumatis
1174 4237 1209 4294 ad
1226 4237 1366 4294 zodiacum
1391 4237 1538 4310 legitimam
1558 4236 1656 4294 invenit

307 4313 505 4386 probationem,
524 4333 574 4372 cnr
591 4316 722 4387 dupason
741 4317 777 4372 sit
795 4317 987 4388 operosissima
1006 4319 1258 4388 consonantiarum,
1282 4317 1388 4373 scilicet
1404 4325 1519 4390 propter
1535 4327 1655 4375 naturam

307 4387 445 4452 divisionis
463 4393 557 4453 curui
575 4411 625 4468 per
645 4395 813 4453 diametrum.
