3732 5528
333 327 395 388 446
799 311 967 384 Appendicis
982 311 1219 370 Harmonicorum·
1308 347 1309 350 =

331 513 462 559 consona
483 515 502 556 a
525 494 673 562 concinnis
695 493 830 554 dissonis.
875 491 940 551 lllon
963 491 1106 568 gignitur,
1136 491 1277 568 Roberte,
1309 495 1482 556 concinnum
1503 511 1592 554 unum
1616 494 1679 556 dis-

331 603 434 645 sonum
459 601 477 644 a
499 582 613 644 duobus
637 584 790 660 consonis,
822 587 854 640 ut
881 597 953 656 puer
983 597 1101 640 amare
1133 589 1163 640 et
1191 580 1312 654 femina,
1345 580 1474 642 bumana
1495 585 1608 660 species
1638 584 1677 642 ab

330 673 476 734 bumanae
500 665 816 747 speeiei'persntibus,
849 665 901 726 sed
926 673 970 725 est
997 666 1069 726 haec
1091 670 1225 744 genitura
1253 668 1325 726 nibil
1348 669 1444 742 aliud,
1477 687 1565 746 quam
1587 671 1678 729 sectio

331 761 509 836 geometrica
532 760 651 821 consoni
673 757 793 832 majoris
815 771 866 832 per
890 753 1075 829 spbarmosiu
1091 758 1212 814 consoni
1230 759 1358 816 minoris.
1403 757 1592 834 Epharmosis
1609 761 1677 816 vero'

330 847 363 906 lit
386 850 415 904 in
439 847 689 925 proportionibus,
714 845 873 904 constituto
897 839 988 900 altero
1012 845 1134 902 termino
1158 846 1292 920 utrinque
1316 843 1434 922 eodem,
1463 848 1597 922 utrinque
1619 848 1679 904 sci·

288 943 292 949 ’
329 935 399 994 lieet
420 934 530 1011 majore
557 934 603 993 vel
627 934 761 1008 utrinque
784 931 903 990 minore.
927 928 1028 1005 ,Nihil
1052 938 1149 990 autem
1172 934 1241 990 uovi
1265 939 1310 990 est
1332 935 1358 988 in
1382 935 1560 1008 geometria,
1591 934 1679 992 sectis

245 1029 248 1038 “
329 1023 462 1099 figuratis
485 1038 536 1099 per
558 1019 784 1098 applicationem
806 1017 922 1092 figurati
944 1019 1058 1092 generis
1081 1018 1201 1076 alterius
1232 1019 1339 1078 lemma
1361 1021 1499 1078 constitui
1521 1037 1580 1079 non
1601 1019 1678 1095 figu-

329 1121 439 1182 ratum,
471 1107 524 1168 sed
553 1106 716 1170 nobilitatis
746 1106 868 1165 vilioris.
914 1104 963 1164 Sic
992 1102 1069 1162 latus
1092 1105 1245 1180 sexanguli
1275 1115 1320 1179 est
1348 1105 1464 1166 effabile
1486 1105 1677 1184 longitudine,

329 1196 406 1258 latus
431 1196 568 1272 trianguli
590 1193 707 1256 effabile
729 1194 874 1270 potentia,
907 1199 935 1252 et
958 1200 1053 1250 tamen
1076 1194 1102 1249 si
1124 1193 1238 1252 auferas
1267 1193 1345 1253 latus
1369 1193 1522 1270 sexangoli
1546 1213 1564 1255 a
1586 1194 1677 1254 latere

328 1284 480 1359 trianguli,
509 1283 681 1360 relinquitur
703 1279 851 1342 ineffabile
874 1281 1039 1356 quippiam,
1070 1279 1149 1354 quod
1172 1287 1327 1358 apotomen
1351 1280 1510 1358 appellant.
1554 1283 1593 1342 Et
1615 1281 1675 1340 dini

328 1373 359 1435 in
382 1369 801 1447 Harmonicis,‚proportioues
825 1367 1009 1426 harmonicas
1032 1367 1070 1426 ab
1093 1367 1262 1443 hujusmodi
1284 1369 1507 1444 figurationibus
1529 1368 1590 1428 fieri
1608 1368 1678 1428 lter-

329 1462 476 1533 mouiens,
501 1475 559 1517 non
582 1476 601 1526 a
623 1455 903 1533 quantitatenuda,
927 1464 959 1511 ut
982 1471 1058 1529 quae
1081 1457 1220 1516 materiae
1244 1454 1323 1514 rudis
1346 1455 1442 1516 ideam
1466 1474 1537 1533 prae
1560 1474 1592 1516 se
1615 1457 1677 1516 lert

417 1546 552 1622 Denique
575 1552 654 1604 totns
677 1545 706 1602 in
729 1543 884 1620 physicum
906 1541 979 1614 abis,
1003 1540 1072 1599 dum
1095 1541 1264 1602 harmonica
1295 1543 1453 1620 disceptas,
1486 1563 1506 1602 a
1530 1544 1679 1604 auctura

281 1693 284 1706 ,
329 1637 512 1706 maturitas,
541 1632 580 1692 ab
603 1631 827 1709 imperfectione
846 1629 1002 1706 perfectio,
1025 1628 1137 1688 scillcet
1160 1628 1216 1688 boo
1240 1632 1302 1704 vis,
1331 1633 1521 1690 aconclnnis
1544 1631 1581 1690 sd
1605 1648 1677 1692 cen·

329 1739 403 1782 sona
428 1723 506 1780 viam
529 1719 624 1778 moliri
646 1728 789 1778 naturam.
834 1716 931 1776 Velim
947 1717 1036 1789 scire,
1069 1733 1128 1790 qua
1150 1719 1178 1774 in
1202 1718 1317 1778 fornace
1339 1717 1390 1776 liat
1414 1721 1471 1778 ista
1492 1723 1624 1779 excoctio
1648 1730 1677 1778 et

330 1811 388 1885 qn'o
413 1807 500 1885 ignei
544 1806 674 1884 Physica
695 1805 782 1878 fiurrt,
806 1803 1013 1864 mathematica
1035 1811 1111 1862 sunt
1158 1802 1259 1864 Omnis
1273 1807 1425 1864 maturitas
1448 1808 1597 1883 praeviam
1621 1805 1678 1864 ha-

329 1895 380 1957 bet
402 1896 566 1955 necessario
589 1893 761 1954 cruditatem
794 1899 826 1952 at
848 1892 1039 1950 consonantia
1063 1891 1212 1966 quaelibet
1234 1901 1351 1971 propter
1370 1895 1512 1971 seipsam
1536 1902 1581 1954 est
1603 1912 1676 1953 cou-

328 1985 477 2055 sonautia,
511 1999 569 2041 non
597 1989 714 2059 propter
774 1981 833 2038 iam
862 1995 961 2038 secum
990 1986 1197 2054 comparatam.
1241 1979 1347 2072 ltaque
1376 1983 1569 2042 consonantia
1590 1983 1678 2042 unica

328 2087 387 2130 non
410 2069 573 2130 necessario
596 2068 807 2148 praesupponit
829 2069 1002 2126 concinnum
1026 2063 1192 2140 dissonum;
1215 2066 1461 2142 possemdqenim
1483 2085 1587 2128 canere
1610 2087 1679 2146 per-

330 2168 428 2235 petuo,
451 2164 495 2232 ut,
518 2149 632 2230 roi‚'.ut
652 2156 704 2232 rol,
728 2169 781 2214 uec
803 2171 878 2230 opus
902 2161 978 2213 essct
1000 2152 1160 2213 intervallis
1183 2155 1375 2229 intermediis,
1407 2164 1456 2230 ut,
1480 2174 1526 2232 re,
1549 2159 1607 2232 mi,
1630 2158 1677 2234 sc,

326 2247 386 2320 soi,
410 2247 515 2304 sinon
537 2249 721 2321 praeterat,
752 2241 795 2301 sol
816 2248 922 2300 natura
943 2239 1060 2299 doceret
1084 2242 1172 2300 etiam
1195 2249 1243 2316 ert,
1273 2243 1309 2319 fo
1332 2251 1361 2300 et
1383 2251 1433 2318 ut,
1462 2247 1523 2316 mi,
1548 2242 1675 2320 denique

266 2368 268 2372 .
329 2335 354 2393 si
377 2348 435 2391 nou
458 2331 645 2390 intervallum
667 2337 717 2404 nt,
739 2330 775 2407 so
798 2335 874 2387 essct
897 2326 1021 2402 aequale
1044 2327 1197 2387 intervallo
1221 2348 1268 2402 re,
1291 2330 1343 2390 sol.

415 2419 506 2479 Porro
530 2420 647 2480 notabis
670 2418 728 2476 boc
749 2415 830 2488 milri,
854 2415 995 2487 Roberte,
1026 2413 1129 2473 iterum
1152 2423 1198 2490 te,
1231 2415 1314 2475 dum·
1329 2433 1441 2478 omnes¹
1458 2419 1586 2477 rationes
1608 2435 1678 2494 pro-

327 2507 399 2580 iers,
432 2515 464 2566 nt
487 2515 572 2566 tonos
604 2516 634 2566 et
664 2505 820 2580 semitonia
843 2505 940 2579 priora
962 2509 1067 2560 natura
1089 2503 1179 2562 iacias
1203 2507 1416 2578 consonantiis,
1443 2507 1556 2564 iuterim
1579 2505 1678 2564 firma·

328 2603 457 2654 mentum
480 2595 536 2654 boe
558 2596 702 2652 intactum
724 2591 887 2667 reliquisse,
910 2588 1214 2651 incommensurabilis
1237 2608 1299 2651 esse
1322 2590 1396 2651 haec
1419 2591 1475 2650 illis
1503 2601 1533 2651 et
1556 2603 1678 2668 utraque

330 2683 387 2742 sibi
410 2683 497 2758 ipsis,
523 2683 622 2756 itaque
646 2680 706 2739 fieri
730 2697 789 2738 non
812 2695 917 2754 posse,
940 2685 973 2734 ut
995 2677 1033 2736 ab
1055 2677 1158 2736 borum
1181 2680 1299 2738 minimo
1322 2688 1525 2756 comparentur
1547 2680 1677 2756 reliqua,

329 2786 389 2828 non
413 2787 478 2828 esso
503 2770 592 2844 igitur
623 2785 712 2826 unum
734 2767 886 2825 minimum
908 2774 1014 2823 natura
1040 2767 1119 2842 prius
1142 2765 1310 2840 maJoribus.
1354 2767 1429 2832 Item
1458 2784 1587 2826 consona
1610 2770 1678 2826 oriri

328 2856 468 2932 eligaris
492 2855 768 2916 demonstrationem
791 2852 1026 2925 admittentibus,
1058 2851 1211 2928 quodlibet
1234 2855 1320 2930 igitur
1343 2871 1374 2914 se
1397 2858 1460 2932 ipso
1484 2858 1623 2944 seorsim,
1648 2863 1679 2914 at

330 2947 474 3004 correinna
497 2941 631 3014 dissona,
662 2945 687 3000 si
709 2941 809 3018 figuris
832 2939 1014 3017 applicentur
1036 2939 1074 2998 ad
1097 2940 1261 3022 exemplum
1282 2958 1492 3023 consonorum,
1524 2942 1678 3002 indemon-

327 3031 497 3092 strabilibus
527 3029 706 3109 applicatum
738 3030 789 3102 iri,
822 3034 923 3086 tonum
947 3026 1063 3085 scillcet·
1089 3037 1242 3104 utrumque
1262 3028 1459 3114 ¹nonangulo,
1490 3033 1677 3090 semitonium

272 3115 283 3136 '
330 3117 576 3195 quindecangulo,
600 3117 847 3176 demonstratione
871 3116 987 3192 propria
1011 3114 1167 3188 destituto,
1191 3115 1283 3175 diesin
1307 3119 1555 3194 icosipentagouo.
1602 3119 1676 3178 Cum

331 3209 420 3282 igitur
442 3205 544 3264 barum
567 3204 724 3281 figurarum
755 3202 837 3262 nulla
859 3205 897 3262 sit
920 3203 1110 3262 subsistentia
1131 3202 1283 3276 mentalis,
1313 3204 1384 3262 nibil
1414 3207 1500 3282 igitur
1531 3222 1566 3264 ex
1589 3209 1626 3264 iis
1650 3209 1678 3263 in

330 3300 429 3356 mente
451 3295 575 3367 orietur,
608 3294 757 3369 quianon
783 3291 856 3350 eutis
885 3287 957 3348 nulli
983 3298 1052 3349 sunt
1075 3289 1204 3348 effectus.
1248 3289 1313 3350 Non
1338 3294 1467 3351 oriuntur
1495 3294 1583 3368 igitur
1607 3310 1679 3352 oon-

330 3383 417 3442 cinna
447 3380 566 3439 dissona
589 3398 625 3440 ex
647 3379 762 3456 liguris,
790 3384 823 3436 ut
846 3393 989 3450 consona,
1021 3385 1051 3436 at
1075 3395 1142 3434 voro
1173 3387 1294 3454 apparet
1325 3377 1498 3453 clarissime,
1530 3379 1580 3438 illa
1613 3399 1678 3440 esse

331 3485 467 3528 excessus
490 3467 634 3544 majomm
657 3482 850 3527 consororum
874 3482 963 3541 supra
985 3466 1105 3524 minora.
1152 3463 1311 3524 Conficitur
1326 3467 1421 3541 igitur,
1445 3476 1476 3526 ut
1494 3485 1582 3526 uuum
1606 3485 1680 3528 con-

331 3559 448 3618 cinnum
471 3553 622 3614 dissonum
654 3556 762 3614 oriatur
785 3571 821 3612 ex
845 3555 1061 3629 comparatione
1085 3551 1206 3610 duorum
1236 3569 1428 3614 consouorum
1455 3556 1518 3632 Jem
1541 3565 1679 3616 ortorum.

327 3643 403 3705 Sunt
425 3659 494 3719 ergo
518 3643 580 3702 toni
603 3649 633 3702 et
654 3643 809 3702 semitonia
830 3647 935 3702 natura
956 3640 1119 3718 posteriora
1142 3643 1348 3699 consonantiis.
1604 3641 1609 3652 “

415 3729 472 3790 Ad
496 3729 677 3808 Analysin
700 3727 787 3812 XlV.
830 3727 901 3788 Jarn
925 3727 1035 3786 dudum
1056 3726 1110 3786 abs
1133 3735 1176 3800 te,
1200 3726 1344 3802 Roberte,
1368 3731 1458 3805 petii,
1488 3731 1530 3789 uti
1555 3748 1600 3790 me
1625 3749 1681 3790 ex-

328 3825 461 3878 cusatum
489 3817 601 3897 babeas
626 3816 661 3876 de
685 3817 803 3875 crimina
833 3815 1052 3874 obtrectationis
1081 3814 1393 3877 autmalevolentiae.
1438 3816 1560 3876 Nullum
1583 3837 1679 3895 noque

328 3906 381 3965 tibi
404 3922 499 3981 neque
522 3904 694 3964 Ptolemaeo
717 3902 845 3965 dedecus
869 3901 1002 3972 obtrudo,
1027 3901 1106 3978 quod
1129 3899 1325 3979 symbolismis
1345 3905 1457 3964 utimini
1481 3905 1553 3963 nibil
1571 3905 1680 3966 directe

329 3992 606 4052 demonstrantibus.
652 3989 728 4068 Quin
751 3994 850 4068 potius
872 4007 1015 4066 agumco,
1048 3997 1180 4048 naturam
1210 3993 1305 4066 ipsam
1334 4010 1427 4050 rerum
1460 4009 1537 4056 sese,
1556 3993 1680 4071 prodere

326 4083 501 4158 gestientem
524 4082 623 4158 primis
646 4077 704 4138 illis
728 4078 891 4152 conatibus,
916 4076 953 4138 ed
979 4095 1077 4136 verum
1101 4076 1218 4152 quidem
1239 4077 1451 4150 alludentibus,
1477 4081 1554 4139 riam
1580 4092 1678 4140 tamen

329 4170 423 4245 ipsam
447 4170 518 4228 meri
542 4169 602 4228 reri
625 4165 754 4226 nondum
776 4167 927 4228 assecutis.
973 4164 1110 4226 invenies
1133 4163 1242 4226 alieubi
1256 4165 1474 4226 similitudinem
1497 4185 1576 4228 ame
1592 4186 1681 4226 usur-

328 4264 427 4332 patam
451 4245 577 4316 fluminis
610 4273 676 4320 cum
700 4263 838 4331 asperata
864 4251 1017 4330 superficie
1041 4251 1200 4326 undarum,
1233 4251 1310 4312 Solis
1338 4253 1436 4314 radios
1466 4255 1626 4314 clarissime
1650 4267 1681 4316 et

327 4341 473 4404 latissimo
504 4350 597 4402 tractu
629 4345 863 4418 repercutientis,
887 4342 1023 4418 nuspiam
1046 4347 1142 4398 tamon
1167 4357 1267 4416 puram
1291 4340 1370 4416 Solis
1387 4343 1542 4418 imaginem
1557 4355 1680 4420 reprae-

327 4433 480 4504 sentantis,
505 4439 538 4490 ut
560 4427 635 4490 alias
658 4430 690 4488 lit
712 4432 741 4487 in
768 4447 846 4507 aqua
869 4429 968 4504 quieta
991 4435 1020 4488 et
1042 4435 1205 4502 stagnante.
1251 4427 1353 4504 Neque
1367 4429 1437 4514 dixi,
1462 4446 1515 4489 ros
1538 4449 1556 4490 a
1578 4430 1679 4506 pbilo-

327 4517 486 4594 sophorum
508 4517 607 4578 limine
630 4518 780 4578 aberrasse
787 4562 797 4595 ,
826 4515 878 4576 sed
901 4517 998 4594 potius
1022 4510 1068 4595 (id
1092 4521 1137 4574 est
1158 4510 1294 4596 propius)
1318 4515 1354 4576 ed
1378 4520 1482 4594 poiitns
1506 4517 1551 4577 rel
1576 4526 1678 4578 orato-

328 4621 391 4663 mm
414 4603 551 4666 lloscnlos
567 4604 728 4674 delectere,
775 4603 870 4663 Multa
887 4602 1023 4679 equidem
1045 4619 1091 4662 me
1107 4601 1208 4676 latent,
1232 4619 1285 4662 neo
1306 4605 1380 4662 euim
1405 4620 1523 4681 operam
1538 4609 1623 4680 posui
1647 4609 1677 4664 in

329 4689 463 4752 eruendis
487 4695 633 4770 mysteriis
664 4702 786 4753 naturae
818 4711 854 4752 ex
882 4695 1036 4768 podtarum
1066 4681 1191 4765 sabulis,
1222 4693 1291 4766 quia
1320 4707 1384 4750 curn
1407 4691 1678 4752 mathematicarum

330 4777 609 4843 demonstrationum
632 4780 803 4842 certitudine
826 4786 939 4848 tantum
962 4784 1006 4838 est
1028 4778 1099 4839 mibi
1121 4780 1245 4854 negotii,
1269 4786 1301 4837 ut
1323 4777 1361 4838 ad
1384 4777 1435 4838 illa
1456 4779 1530 4838 nihil
1552 4783 1679 4860 supersit
