3698 5534
771 375 855 432 Liber
870 374 903 430 V.
924 374 1012 446 (laput
1028 375 1075 432 lX.
1515 383 1590 444 ¹dli

330 554 401 610 Nam
419 552 484 624 quia
501 550 599 608 durum
617 565 703 622 genua
721 555 764 606 est
781 549 950 619 apheliorum
973 557 1095 606 motumn
1114 549 1267 620 proprium,
1290 549 1372 624 molle
1389 550 1592 621 periheliorum

245 648 295 703 per
311 632 502 702 praemissam,
520 629 622 700 aphelii
639 644 703 684 vero
721 633 785 682 sunt
801 626 936 682 tardiores
955 635 983 683 et
1000 629 1137 697 graviores
1155 628 1310 698 periheliis,
1336 629 1434 686 durum
1451 630 1534 698 igitur
1551 635 1594 684 est

245 718 369 767 motuum
389 710 552 772 tardiorum,
578 707 660 763 molle
682 706 853 766 celerianum.
887 707 971 774 Atqui
994 707 1029 762 ad
1051 707 1144 762 medos
1162 715 1251 763 motus
1275 708 1435 764 familiarius
1459 725 1490 765 se
1511 709 1594 764 habet

243 791 416 860 planetarum
434 787 549 844 duorum
567 786 705 854 superior,
732 784 767 840 ad
782 785 885 840 celeres
902 784 1029 855 inferior,
1053 786 1117 854 quia
1135 784 1286 854 semperin
1304 789 1404 842 mundo
1424 787 1594 843 altitudinem

244 869 420 938 consequitur
443 873 534 921 motus
552 864 656 935 proprii
681 863 803 918 tarditas.
840 863 915 934 Ergo
934 864 1016 921 etiarn
1040 863 1075 919 ad
1100 864 1196 920 durum
1218 864 1308 920 scalae
1333 880 1417 934 genus
1436 865 1594 922 familiarius

245 965 276 1004 se
293 947 378 1004 habet
395 945 524 1012 duorum,
550 944 596 1014 qui
614 943 721 1014 utrique
740 957 769 996 se
788 942 993 998 accommodant
1010 942 1118 1011 generi,
1135 944 1159 998 is
1177 943 1223 1012 qui
1241 942 1375 1012 superior,
1403 943 1436 997 ad
1454 944 1536 999 molle
1561 943 1592 1014 is,

245 1028 293 1098 qui
309 1026 428 1081 inferior.
464 1021 603 1092 Amplius,
627 1020 724 1076 durum
742 1035 827 1088 genus
845 1019 931 1076 utitur
948 1021 1097 1078 ιιιιιιιιιιιι
1116 1021 1263 1090 majoribus
1281 1021 1314 1089 V,
1333 1027 1361 1075 et
1379 1019 1426 1090 ³ls=
1448 1021 1528 1076 molle
1546 1021 1593 1076 mi·

245 1106 355 1162 neribus
374 1106 408 1175 V,
427 1110 455 1158 et
474 1101 518 1172 V...
556 1099 639 1170 Atqui
652 1099 733 1155 etiam
752 1098 875 1166 superior
893 1098 1003 1169 planeta
1021 1107 1049 1156 et
1065 1100 1196 1170 majorem
1208 1101 1299 1156 orbem
1312 1099 1394 1154 habet
1412 1105 1439 1156 et
1451 1100 1594 1167 tardiores,

244 1185 333 1239 idest
354 1183 594 1250 majoresmotus‚
619 1179 847 1249 prolixioremque
873 1177 1025 1249 circuitum,
1056 1179 1153 1250 quibus
1179 1194 1242 1234 vero
1268 1180 1395 1247 utrinque
1412 1194 1510 1248 magna
1530 1197 1593 1236 con·

245 1264 368 1328 veniunt,
386 1261 434 1317 ille
451 1261 522 1316 luter
540 1275 570 1314 se
588 1257 746 1313 familiarius
766 1261 873 1312 coeunt.

330 1341 559 1431 Propositio
582 1347 728 1410 XXXV.
763 1347 906 1411 Saturnus
941 1365 1007 1408 eum
1028 1345 1146 1408 Tellure
1169 1347 1272 1408 durum
1295 1349 1387 1428 genus
1410 1351 1594 1430 amplectuu-

246 1449 291 1502 tur
312 1440 502 1519 ramulanae,
524 1437 641 1516 Jupiter
664 1454 729 1497 enm
753 1435 867 1496 Venere
890 1453 982 1513 genus
1005 1435 1102 1496 molle.

330 1541 399 1598 Nam
424 1539 510 1610 prImo
529 1535 622 1593 Tellus
648 1553 709 1592 cum
727 1536 833 1592 Venere
860 1543 1015 1607 comparata
1042 1543 1148 1590 etcum
1167 1535 1259 1592 eadem
1283 1543 1428 1609 utrumque
1445 1553 1530 1608 genus
1549 1539 1594 1596 de-

246 1621 355 1691 signans
374 1621 498 1690 superior
516 1624 566 1682 est,
584 1617 669 1672 Terra
685 1615 767 1684 igitur
785 1615 880 1670 durum
900 1617 1069 1686 potissimum
1088 1631 1173 1684 genus
1191 1617 1374 1686 amplectitur,
1398 1617 1492 1674 Venus
1510 1635 1594 1687 genus

245 1699 335 1764 molle,
354 1714 404 1768 per
422 1698 605 1768 praemissam.
640 1693 773 1750 Saturnus
797 1710 860 1749 vero
879 1693 988 1764 aphelio
1013 1711 1062 1749 suo
1088 1711 1137 1764 per
1155 1695 1285 1766 diapason
1303 1704 1436 1752 consonat
1453 1715 1514 1752 eum
1532 1700 1595 1754 Tel·
1643 1751 1646 1766 ,

244 1779 310 1836 luris
329 1776 437 1849 aphelio
454 1792 504 1847 per
521 1791 561 1844 pr.
576 1776 627 1844 31,
655 1787 738 1842 quere
757 1773 837 1826 etiam
857 1773 989 1827 Saturnus
1009 1788 1058 1842 per
1071 1791 1115 1843 pr.
1129 1773 1170 1833 33.
1190 1772 1286 1828 durum
1308 1791 1394 1846 genus
1412 1775 1593 1845 amplectitur.

245 1858 349 1914 Deinde
367 1857 498 1913 Saturnus
517 1853 626 1924 aphelio
644 1858 729 1920 motu,
747 1865 798 1920 per
815 1851 942 1920 eandem,
960 1852 1033 1907 locet
1049 1853 1135 1923 magis
1154 1867 1240 1923 genus
1259 1853 1369 1923 durum,
1387 1856 1493 1924 respuit
1510 1871 1594 1924 genus

243 1935 339 2006 molle,
358 1951 407 2006 per
424 1949 464 2004 pr.
484 1933 535 2002 32,
562 1932 646 1987 habet
665 1945 694 1986 se
712 1931 796 2000 igitur
813 1931 973 1990 familiarius
993 1931 1027 1988 ad
1046 1945 1131 2002 genus
1151 1930 1256 2000 durum,
1276 1947 1358 2001 quam
1375 1932 1409 1988 ad
1423 1934 1513 2003 molle,
1532 1935 1595 2005 quia

244 2030 344 2084 genera
358 2013 468 2084 proprie
486 2010 664 2081 designantur
681 2009 800 2064 motibus
820 2012 955 2065 extremis.

329 2091 391 2147 lam
409 2091 483 2161 quod
500 2090 596 2146 iorem
614 2090 725 2157 attinet,
751 2088 821 2142 isin
839 2089 1041 2159 comparatione
1060 2105 1120 2143 eum
1139 2088 1257 2144 Saturno
1276 2095 1318 2144 est
1334 2087 1456 2151 inferior,
1481 2105 1546 2162 ergo
1563 2099 1595 2148 ut

245 2171 361 2226 Saturne
380 2169 494 2226 debetur
512 2168 609 2224 durum
628 2183 726 2238 genus,
746 2167 785 2222 sic
802 2167 864 2222 Jovi
883 2167 997 2222 debetur
1014 2167 1108 2236 molle,
1126 2182 1176 2235 per
1194 2168 1377 2236 praemissam.

330 2262 559 2338 Propositio
582 2257 735 2318 XXXVI.
780 2257 867 2318 Jovis
897 2266 994 2318 motus
1020 2257 1179 2335 periirelius
1211 2277 1276 2319 cum
1307 2260 1447 2339 perihelio
1470 2259 1594 2323 Veneris

244 2352 273 2410 ιιι
304 2367 393 2410 unam
421 2348 531 2409 scalam
561 2348 720 2418 musicam,
750 2353 782 2405 at
809 2363 867 2404 non
897 2349 986 2406 etiam
1013 2347 1042 2403 in
1071 2345 1195 2406 eandem
1221 2347 1404 2408 harmoniam
1427 2351 1593 2427 conspirare

245 2437 362 2510 debuit,
385 2437 538 2513 multoque
561 2437 657 2494 minus
678 2432 734 2493 boe
757 2449 823 2492 cum
846 2433 987 2510 peribelio
1010 2432 1146 2493 Telluris.

329 2521 399 2576 Nan
418 2520 481 2589 quia
499 2517 607 2586 Jupiter
625 2515 776 2574 debebatur
792 2516 884 2584 generi
902 2515 977 2571 molli
994 2516 1178 2585 potissimum,
1197 2531 1247 2587 per
1263 2518 1452 2588 praemissam,
1471 2518 1511 2574 illi
1530 2536 1593 2577 vero

150 2585 157 2602 ’
243 2599 389 2657 familiares
407 2606 471 2653 sunt
489 2602 578 2650 motus
596 2595 729 2666 perihelii,
757 2609 806 2664 per
824 2597 871 2664 30,
896 2595 1004 2666 Jupiter
1021 2595 1103 2664 igitur
1120 2595 1251 2664 peribeiio
1271 2613 1320 2652 suo
1339 2595 1481 2670 designare
1500 2598 1594 2656 debuit

243 2677 342 2736 scalam
360 2676 467 2746 generis
485 2673 587 2742 mollis,
614 2673 673 2743 ejus
691 2673 797 2728 seilicet
819 2682 923 2730 certum
947 2676 1037 2730 locum
1060 2689 1108 2742 ceu
1126 2675 1304 2744 phthongum.
1341 2675 1394 2730 Sed
1421 2685 1449 2733 et
1470 2679 1594 2747 perihelii

243 2755 356 2813 Veneris
375 2761 403 2810 et
420 2751 537 2810 Telluris
556 2751 669 2807 eandem
687 2750 788 2806 scalam
808 2752 958 2821 designant.
976 2768 1026 2822 per
1043 2769 1085 2822 pr.
1104 2753 1160 2820 28,
1179 2769 1243 2823 ergo
1262 2769 1322 2808 eum
1339 2753 1435 2808 horum
1453 2756 1592 2824 periheliis

242 2835 317 2893 Juvis
336 2832 485 2906 perihelius
503 2833 531 2887 io
550 2831 663 2888 eandem
681 2831 832 2886 tammonem
851 2829 996 2886 sociandus
1014 2829 1079 2900 fuit,
1098 2845 1152 2884 non
1170 2847 1234 2886 vero
1252 2847 1313 2886 cum
1331 2832 1443 2888 Veneris
1460 2833 1592 2902 perihelio

241 2914 331 2985 potuit
348 2912 512 2973 constituere
529 2911 705 2965 harmoniam.
741 2909 810 2964 llam
834 2907 898 2977 quia
929 2923 980 2978 per
997 2924 1037 2975 pr.
1056 2909 1081 2966 8,
1102 2925 1163 2964 cnm
1181 2910 1288 2980 aphelio
1308 2911 1417 2967 Saturni
1439 2907 1529 2970 iaee're
1548 2914 1592 2972 de
1666 2950 1669 2956 ·

240 2990 301 3046 buit
320 2991 350 3060 V,
369 2991 488 3059 circiter,
513 2987 541 3044 id
560 2995 603 3043 est
620 2987 761 3044 deremet
785 2985 941 3056 systematis
964 2985 1051 3054 illius,
1076 2987 1104 3042 in
1122 3004 1175 3056 quo
1195 2987 1303 3044 Saturni
1328 2989 1453 3059 aphelius
1477 2989 1593 3048 iaciebat

242 3069 344 3126 clarem
363 3069 395 3140 θ,
415 3067 524 3123 Veneris
542 3082 606 3121 vero
624 3067 748 3136 aphelius
766 3066 868 3122 clavem
881 3083 908 3128 r,
925 3065 1009 3135 igitur
1026 3067 1253 3136 appropinquavit
1271 3069 1366 3124 elaris
1385 3068 1456 3126 intra
1474 3072 1592 3140 spatium

242 3147 397 3205 barmoniae
415 3148 548 3203 minimae.
584 3146 653 3200 Nam
670 3144 718 3201 iila
736 3152 779 3202 est
796 3143 844 3214 V„
864 3149 893 3199 at
910 3145 980 3199 inter
997 3145 1023 3212 d,
1043 3163 1057 3201 e
1075 3154 1117 3201 est
1133 3147 1305 3201 intervallum
1322 3145 1409 3202 multo
1427 3149 1521 3218 minus,
1542 3151 1592 3204 sci·

239 3221 307 3287 licet
322 3228 370 3298 ἰω
386 3233 477 3283 tonus.
513 3233 552 3280 ιι
570 3224 622 3278 etsi
639 3225 667 3279 in
685 3225 810 3280 tensione
828 3223 961 3293 perihelia
978 3223 1070 3280 Venus
1089 3225 1211 3281 elevatur
1229 3227 1282 3282 acl
1303 3226 1434 3282 tensionis
1459 3228 1591 3299 aphelius,
1662 3275 1663 3278 ,

241 3315 270 3361 ιι
288 3304 404 3362 elevatio
421 3306 491 3360 haec
508 3309 551 3359 est
567 3301 654 3358 minor
673 3304 747 3368 diesi,
765 3319 814 3373 per
831 3320 871 3372 pr.
885 3303 928 3359 28.
968 3304 1056 3359 Diesis
1075 3321 1145 3378 vero
1157 3315 1251 3376 (eaque
1262 3307 1351 3361 minus
1370 3306 1480 3375 aliquid)
1494 3307 1592 3375 juncta
1695 3367 1705 3384 ,

242 3393 306 3440 tenu
323 3383 421 3438 minori
451 3381 570 3438 nondum
594 3391 694 3450 aequat
714 3381 886 3437 intervallum
912 3381 1068 3436 harmoniae
1086 3383 1211 3437 minimae
1231 3385 1278 3452 V,.
1313 3385 1375 3440 Non
1398 3385 1487 3452 potuit
1510 3386 1591 3454 igitur

242 3461 389 3532 perihelios
406 3461 483 3517 iovis
502 3477 562 3517 cnm
580 3460 688 3531 aphelio
702 3460 813 3516 Saturni
831 3466 1052 3530 praeterpropter
1073 3459 1103 3529 V,
1121 3463 1192 3516 tueri
1210 3469 1238 3516 et
1251 3461 1330 3516 simul
1348 3462 1512 3517 concordare
1530 3479 1591 3520 cum

242 3541 353 3596 Venere.
390 3538 443 3594 Sed
462 3555 512 3594 aee
531 3557 591 3595 eum
609 3537 728 3594 Tellure.
763 3539 833 3594 Nam
851 3538 873 3592 si
893 3537 1040 3605 perihelius
1059 3539 1134 3596 Jovis
1158 3540 1192 3594 ad
1211 3541 1336 3610 perihelii
1353 3540 1466 3596 Veneris
1490 3541 1591 3598 scalam
1669 3551 1671 3555 “

240 3617 459 3676 accommodatus
476 3617 602 3674 fueritin
621 3617 735 3672 eandem
754 3615 919 3684 tensionem,
947 3617 985 3670 sie
1003 3623 1034 3671 ut
1052 3617 1120 3672 inira
1139 3620 1317 3687 quantitatem
1343 3619 1467 3675 concinni
1490 3621 1591 3675 minimi

239 3705 347 3754 tueatur
368 3697 538 3752 intervallum
557 3712 618 3751 eum
636 3695 746 3764 aphelio
764 3694 875 3749 Saturni
896 3693 940 3763 V„
960 3694 1063 3750 distans
1082 3695 1186 3752 scilicet
1209 3696 1375 3765 aperihelio
1393 3698 1506 3753 Veneris
1525 3707 1589 3754 tono
1627 3699 1630 3707 '

241 3777 360 3845 minore,
388 3791 425 3832 sc.
443 3775 490 3844 V„
513 3790 562 3829 sen
581 3772 639 3843 ³⁶1„
657 3779 775 3842 (praeter
799 3771 892 3843 aliqua
909 3771 1050 3842 diapason)
1077 3789 1170 3830 versus
1194 3775 1298 3846 gracia:
1323 3775 1442 3832 Telluris
1458 3777 1590 3848 ‘equidem

241 3852 388 3924 perihelius
411 3853 444 3908 ab
468 3852 562 3908 eodem
586 3849 718 3922 perihelio
737 3849 850 3904 Veneris
874 3849 958 3906 distat
980 3867 1029 3922 per
1048 3851 1093 3918 V„
1113 3853 1142 3908 id
1159 3862 1201 3910 est
1218 3871 1267 3924 per
1284 3854 1358 3924 ²V„.
1394 3857 1489 3926 ltaque
1508 3857 1589 3911 dista-
1688 3887 1690 3892 ·

242 3933 310 3988 bunt
326 3931 451 4002 perihelii
467 3930 585 3987 Telluris
610 3938 638 3984 et
654 3928 731 3985 lovis
750 3943 800 3996 per
819 3927 888 3998 'Vm
914 3937 1023 4000 praeter
1046 3930 1177 4000 diapason
1200 3933 1310 4004 aliquot.
1348 3934 1379 3989 ld
1397 3951 1460 3989 vero
1484 3934 1590 3990 berrue-

244 4014 333 4068 nienm
352 4027 406 4066 non
425 4017 479 4081 est,
499 4010 598 4080 quippe
618 4008 756 4078 duplum
748 4008 834 4076 rpsius
853 4008 885 4078 V
905 4024 954 4064 seu
972 4009 1099 4080 diapente
1117 4011 1278 4066 diminutum
1296 4029 1351 4068 una
1369 4012 1445 4067 diesi.

329 4104 551 4182 Propositio
573 4100 742 4163 XXXVII.
788 4100 835 4160 Ad
858 4109 999 4161 summam
1028 4105 1208 4182 propriarum
1235 4104 1449 4163 harmoniarum
1471 4103 1589 4164 Saturni

244 4201 273 4250 et
294 4191 382 4252 Jovis
405 4189 472 4273 V„
484 4199 512 4251 at
535 4190 572 4250 ad
597 4206 779 4250 communem
800 4191 837 4248 iis
858 4189 999 4264 maiorem
1027 4187 1060 4272 V3
1082 4191 1222 4252 accedere
1244 4193 1372 4270 oportuit
1401 4190 1588 4253 intervallum

244 4279 366 4355 aequale
391 4277 545 4338 intervallo
569 4276 701 4336 Veneris.

139 4421 145 4436 ,
239 4369 252 4406 ¹
329 4362 399 4416 Nam
417 4361 509 4416 Venus
528 4359 634 4429 aphelio
653 4365 728 4414 motu
746 4357 855 4428 proprie
874 4357 1086 4426 designationem
1113 4359 1224 4428 adjurat
1240 4359 1346 4429 generis
1365 4360 1424 4415 duri
1431 4361 1587 4430 ‚perihelio

243 4440 349 4510 generis
367 4439 455 4494 mollis
462 4453 538 4508 ‚per
553 4454 595 4507 pr.
614 4437 656 4492 27.
680 4445 708 4493 et
727 4438 767 4493 33.
803 4437 857 4494 Sed
877 4439 1010 4493 Saturnus
1037 4437 1145 4507 aphelio
1164 4439 1321 4508 conspirare
1338 4438 1432 4493 debuit
1454 4441 1534 4495 etiam
1552 4441 1587 4496 ad

247 4535 332 4590 genus
351 4520 449 4576 durum
466 4527 495 4573 et
512 4517 552 4573 sic
569 4515 603 4571 ad
622 4515 759 4586 apbslium
776 4517 898 4586 Veneris,
916 4533 966 4586 per
982 4533 1022 4586 pr.
1041 4518 1088 4586 35,
1110 4515 1219 4586 Jupiter
1235 4531 1299 4571 vero
1316 4517 1447 4586 perihelio
1464 4517 1499 4574 ad
1517 4509 1587 4588 peri·

230 4601 348 4692 'bellum
366 4597 492 4666 Veneris,
510 4612 560 4666 per
577 4596 761 4666 praemissam
797 4597 934 4665 Quantum
950 4596 1033 4666 igitur
1050 4558 1142 4651 Venus
1160 4596 1225 4650 iacit
1241 4595 1409 4651 intervallum
1427 4597 1460 4652 ab
1479 4596 1586 4667 aphelio

245 4679 273 4733 in
290 4674 465 4746 perihelium,
491 4682 596 4730 tanturn
614 4673 695 4730 etiam
713 4675 842 4730 accedere
866 4690 977 4732 necesse
996 4682 1039 4731 est
1055 4675 1139 4730 motui
1157 4675 1233 4730 lovis
1256 4674 1309 4744 illi,
1336 4676 1461 4745 quicum
1479 4677 1586 4746 aphelio

247 4755 356 4814 Saturni
382 4751 448 4810 iacit
467 4753 512 4824 Vq,
538 4752 573 4810 ad
594 4753 754 4823 perihelium
772 4753 874 4809 lovis
867 4753 1038 4822 rpsissimuru.
1075 4753 1129 4810 Sed
1154 4754 1371 4825 conserpentium
1389 4756 1465 4811 Joris
1493 4763 1521 4811 et
1538 4755 1585 4810 Sa·

246 4833 319 4902 turni
343 4831 485 4888 harmonia
509 4839 552 4889 est
569 4833 690 4920 praecise
710 4832 753 4904 V„
779 4847 830 4916 per
847 4846 888 4901 pr.
906 4833 932 4890 8.
968 4831 1065 4890 ublato
1082 4832 1165 4908 igitur
1181 4832 1322 4894 uenatio
1343 4833 1374 4912 V,
1390 4834 1425 4892 ab
1443 4849 1490 4902 eo,
1513 4833 1585 4911 quod
