3732 5528
656 355 665 362 “
765 415 768 420 -
828 369 968 441 Apologia.
1505 379 1567 440 453

229 545 300 606 Non
322 545 411 612 inid
431 567 490 610 esse
512 549 626 610 dixeras
646 549 840 626 pyramidem
862 555 957 622 tuom,
981 553 1102 624 atejus
1116 555 1261 612 materiae
1284 551 1469 614 identitatem
1494 572 1567 615 aon·

229 634 446 714 sideraremus5
477 644 507 695 at
534 637 597 713 jam
628 637 665 698 ad
694 645 819 697 mentem
849 653 986 709 revocas,
1016 639 1186 714 pyramidis
1213 641 1440 702 mathematicae
1468 659 1570 702 omnes

223 730 328 798 partes
352 739 410 782 esse
431 723 563 796 ejusdem
585 727 744 798 materiae,
767 741 923 800 unamque
945 727 1009 797 dus
1029 733 1147 804 partem
1170 728 1380 804 homopereeam
1404 746 1472 788 cam
1495 731 1567 805 alio,

227 809 351 886 ideoque
374 809 416 868 ad
436 813 589 871 meliorem
611 813 733 882 subjecti
755 805 981 886 explicationem
1006 819 1033 871 te
1052 815 1154 889 fecisse
1174 822 1277 888 partes
1300 817 1448 892 aequales.

315 896 502 974 Pyramidem
524 909 604 958 trram
627 897 696 957 dum
719 897 804 959 doces
827 898 1012 985 physicarum
1036 902 1311 978 contemplationum
1335 919 1424 964 causa
1450 921 1568 981 expres-

229 1001 310 1054 sam,
342 1002 376 1042 cx
401 1001 435 1044 eo
459 985 547 1059 diois,
581 1005 649 1044 eam
671 988 767 1061 mepte
790 1003 847 1044 csse
867 986 1044 1062 formalem,
1074 1006 1167 1064 quam
1199 996 1234 1048 ut
1258 990 1312 1048 sah
1335 989 1570 1051 consideratione

228 1059 442 1130 mathematiha
464 1072 675 1148 comprehendi
694 1076 793 1150 possit.
841 1071 964 1132 Rursum
988 1073 1099 1151 aliquid
1123 1076 1260 1152 proficio,
1294 1076 1373 1152 quod
1397 1078 1473 1136 enim
1496 1077 1568 1138 hae-

226 1165 312 1218 tenus
333 1158 451 1220 scholae
474 1167 644 1222 concretum
670 1158 810 1234 dixerunt,
835 1167 866 1218 tu
890 1159 1021 1238 appellas
1042 1163 1180 1239 formale.
1226 1159 1312 1224 Utere
1345 1163 1466 1222 vocibus
1488 1165 1568 1223 arbi-

226 1252 304 1304 tratu
328 1254 393 1320 tuo,
426 1247 495 1306 mihi
519 1247 680 1306 formalitas
712 1249 805 1306 omnis
838 1265 872 1306 ex
895 1249 1054 1325 geometria
1083 1255 1140 1322 est,
1171 1248 1274 1310 saltem
1307 1251 1443 1324 mentali,
1476 1255 1568 1310 omnis

229 1332 389 1411 applicatio
412 1337 538 1410 partium
562 1351 739 1411 operumque
762 1342 882 1394 namtas
906 1334 943 1394 ad
966 1337 1116 1396 materiem
1140 1337 1235 1414 adque
1251 1337 1413 1418 subjectum
1437 1338 1566 1398 retertur.

226 1419 349 1480 Interim
372 1423 537 1482 meminisse
559 1432 589 1481 te
611 1422 700 1481 velim
722 1421 862 1498 postulati
884 1425 941 1482 mei
957 1423 1071 1500 analysi
1087 1425 1269 1500 praecedenti
1290 1443 1361 1484 sans
1376 1442 1465 1501 quam
1479 1427 1567 1502 aequi
1625 1501 1629 1506 Ι

227 1507 316 1567 illim.
361 1507 440 1567 Dum
463 1512 539 1569 enim
562 1508 735 1587 persuadere
758 1511 812 1581 vis,
836 1512 867 1568 in
890 1511 943 1570 hoc
959 1513 1061 1584 jacere
1083 1529 1200 1570 omnem
1227 1515 1423 1572 intentionem
1446 1515 1568 1590 samen-

227 1603 291 1653 tum
316 1595 495 1658 harmoniae
516 1601 749 1674 proportionum
771 1605 798 1657 et
812 1614 1037 1672 mensurarum,
1061 1605 1096 1657 at
1114 1601 1318 1675 intelligamus
1330 1603 1568 1676 propressionem

224 1683 345 1760 simmae
377 1683 420 1741 ad
449 1683 677 1760 depracationem
711 1688 858 1744 materiae
880 1693 946 1756 etc,
981 1693 1071 1743 restat
1101 1687 1189 1760 igitur
1219 1686 1274 1745 hoc
1305 1687 1358 1745 tibi
1384 1681 1566 1762 addendum,

227 1771 306 1844 quoii
334 1772 538 1848 etiam‘supra
564 1771 710 1848 flagitavi,
742 1770 903 1847 aigradus
934 1774 1144 1848 progressionis
1174 1772 1262 1848 hujus
1285 1775 1370 1832 certis
1397 1761 1487 1851 signis
1513 1775 1567 1834 de-

226 1857 325 1926 liniris,
359 1861 523 1935 exquibus
553 1859 763 1934 intelligamus,
795 1858 913 1934 quando
935 1859 1089 1936 depuratio
1121 1861 1261 1937 propositi
1285 1863 1423 1937 temporis
1452 1859 1490 1920 ad
1512 1861 1568 1922 de-

225 1946 409 2020 purationem
435 1947 593 2024 plenariam
616 1963 680 2006 sese
703 1945 810 2005 habeat
834 1942 931 2027 (verbi
955 1947 1058 2022 causa)
1081 1955 1112 2006 ut
1136 1949 1154 2005 3
1179 1948 1216 2006 ad
1241 1949 1276 2020 l,
1308 1948 1425 2024 quando
1455 1947 1566 2008 scilicet

226 2033 316 2090 iaciat
347 2033 583 2092 concordantiam
612 2051 665 2092 seu
693 2032 873 2092 harmoniam
895 2033 1090 2109 diatessarou3
1122 2035 1268 2094 namhoc
1297 2053 1332 2094 ex
1354 2034 1564 2113 ⁸pyramidibus

227 2119 286 2177 tuis
309 2135 399 2196 negas
422 2119 488 2180 elici
511 2119 623 2180 dehere.
671 2119 744 2180 Mihi
768 2121 898 2197 quidem,
932 2122 956 2178 si
978 2120 1083 2181 liberet
1104 2117 1255 2197 indulgere
1278 2121 1437 2200 analogiis,
1470 2126 1565 2182 omnis

225 2207 283 2264 ista
315 2203 493 2284 imperiectio
525 2208 736 2284 deputationis,
770 2225 944 2284 quocunque
974 2225 1093 2267 numero
1124 2225 1176 2267 sen
1207 2209 1375 2268 harmonico
1411 2226 1464 2269 seu
1495 2209 1564 2284 alio,

227 2311 403 2371 quacunque
426 2297 610 2373 proportione
634 2313 685 2354 sen
709 2295 818 2355 effabili
841 2313 893 2355 seu
915 2295 1054 2355 ineffabili
1077 2303 1229 2368 contenta,
1259 2295 1458 2357 dissonantiae
1482 2299 1566 2356 simi·

224 2380 281 2439 lior
305 2380 465 2458 videretur,
495 2391 595 2442 contra
623 2383 717 2442 omnis
741 2384 906 2458 conjunctio
935 2382 1044 2443 formae
1072 2400 1137 2442 cum
1160 2385 1283 2442 materia
1315 2385 1343 2441 in
1376 2401 1430 2443 suo
1456 2401 1565 2460 genere

227 2468 364 2546 perlecta.
410 2469 519 2530 Verum
541 2473 617 2528 enirn
641 2487 709 2528 vero
733 2489 778 2530 me
801 2470 960 2542 retraham,
983 2486 1077 2546 neque
1101 2471 1177 2529 enim
1199 2470 1288 2548 hujus
1311 2478 1356 2531 est
1378 2471 1450 2544 loci,
1483 2479 1564 2534 tuam

226 2555 306 2615 illam
328 2554 525 2618 Hermeticam
547 2557 760 2638 philosophiam
784 2559 963 2636 penitissime
985 2558 1034 2617 vel
1057 2556 1206 2618 addiscere
1229 2557 1276 2618 vel
1300 2567 1443 2620 excutere.

311 2644 366 2703 Ah
390 2645 571 2723 Analysin
594 2644 669 2706 XX.
714 2645 869 2722 Nunquam
899 2661 981 2716 mea,
1014 2643 1157 2717 Roboris,
1185 2647 1291 2706 recitas
1320 2647 1382 2705 sinc
1410 2647 1563 2722 auctario;

225 2731 344 2790 omnino
367 2729 494 2792 liberalis
518 2751 558 2793 es.
604 2733 704 2808 Egone
725 2733 815 2792 taleas
837 2733 1257 2810 pronunciavi'consonantias
1274 2739 1340 2792 tuas
1355 2732 1564 2793 Hermeticas‘l

224 2818 315 2895 Atqui
339 2817 414 2881 adeo
437 2821 507 2878 nihii
532 2819 602 2878 mihi
634 2838 700 2879 curn
723 2821 758 2878 iis
780 2821 892 2896 negotii
914 2821 994 2880 volui
1020 2835 1100 2892 esso,
1131 2826 1164 2878 ut
1190 2819 1374 2881 distinctione
1407 2838 1460 2880 seu
1481 2839 1563 2880 corn-

223 2909 385 2982 paratione
400 2907 561 2966 clarissima
583 2895 743 2967 censuerim
770 2907 835 2967 illas
866 2909 978 2968 ameis
1004 2906 1239 2992 summovendae.
1285 2899 1351 2967 Non
1381 2907 1476 2968 reiuto
1500 2907 1563 2967 Ro-

190 3002 196 3013 ’
224 2993 395 3067 heriatua,
427 2995 478 3054 sed
503 3011 638 3070 comparo
661 3012 742 3066 mea,
767 3003 798 3054 nt
820 2997 894 3054 sciat
916 2996 1020 3068 lector,
1051 2995 1120 3071 quid
1147 3012 1238 3071 penes
1261 3001 1289 3055 te
1320 3002 1458 3072 quaerat,
1476 2996 1567 3072 quid

224 3097 314 3157 penes
345 3099 401 3143 me.
447 3079 542 3157 Quam
573 3085 661 3158 igitur
689 3093 718 3140 tu
750 3083 798 3144 hic
827 3083 911 3142 affers
942 3083 1167 3160 explicationem
1199 3081 1414 3141 harmoniarum
1446 3088 1562 3143 tuarum

222 3168 418 3245 physicarum,
442 3186 516 3246 quas
539 3179 570 3227 tn
594 3168 660 3228 laxo
683 3171 764 3229 vocis
787 3187 841 3228 usu
866 3171 1074 3246 complecteris,
1098 3187 1163 3229 eam
1184 3167 1341 3229 lectoribus
1365 3174 1423 3229 tuis
1445 3173 1561 3230 remitto

224 3256 464 3334 commendoque.
508 3255 614 3316 Mirum
637 3265 742 3331 tamen,
766 3273 817 3316 cur
838 3259 866 3314 in
890 3258 946 3319 hoo
969 3274 1034 3316 meo
1050 3264 1131 3316 textu
1153 3259 1342 3333 repugnantis
1366 3265 1393 3316 et
1408 3259 1562 3317 refutantis

225 3345 356 3402 oratione
385 3347 490 3417 utaris,
522 3361 588 3403 cum
615 3353 711 3405 tamen
734 3347 797 3422 ipse
820 3343 898 3403 idem
926 3345 961 3404 de
992 3353 1019 3402 te
1050 3347 1114 3420 ipso
1147 3342 1227 3407 dicas
1250 3346 1347 3403 verbis
1376 3343 1463 3423 paulo
1487 3345 1562 3406 aliis.

228 3431 393 3490 Carmentae
415 3433 511 3508 inquii
533 3431 652 3508 somnae
675 3441 702 3490 et
723 3436 869 3491 materiae
890 3433 1073 3507 quantitates
1092 3431 1211 3492 easdem
1233 3447 1297 3490 non
1320 3431 1460 3504 admittit,
1484 3449 1563 3509 qua·

224 3525 310 3576 tenus
337 3518 440 3595 formo
471 3523 625 3579 communi
655 3522 833 3594 peometriae
861 3537 1006 3577 mensura
1038 3536 1103 3578 non
1134 3525 1344 3590 mensuratur,
1381 3517 1434 3576 sed
1461 3518 1562 3592 ideali,

223 3607 370 3680 quoniam
390 3607 494 3684 torma
521 3607 607 3664 lineis
627 3609 810 3683 geometricis
837 3605 959 3682 depinpi
985 3623 1048 3664 non
1072 3612 1175 3680 potest.
1223 3605 1260 3662 lli
1281 3607 1391 3680 pergis·
1409 3605 1561 3680 explicare,

225 3692 372 3768 quomodo
395 3694 504 3754 formae
526 3711 662 3752 mensura
684 3701 830 3770 competat
852 3701 881 3753 et
904 3691 1051 3769 quomodo
1071 3690 1297 3766 intelligendum,
1323 3691 1401 3770 quod
1423 3695 1562 3751 materiae

221 3777 354 3838 diversas
376 3780 484 3841 formas
506 3783 655 3856 portiones
678 3783 827 3857 recipiant.
873 3779 956 3856 Quae
980 3781 1077 3839 omnia
1107 3781 1253 3856 pertinent
1277 3797 1328 3854 eo,
1359 3786 1391 3838 ut
1412 3779 1563 3856 intelliga-

219 3883 299 3939 mus,
329 3875 356 3926 tc
382 3886 446 3928 rem
474 3875 591 3928 tentam
619 3869 853 3928 diversissimam
881 3887 900 3927 a
928 3871 988 3926 mei
1017 3869 1114 3942 operis
1141 3869 1302 3944 proposito.
1348 3865 1422 3925 Nam
1446 3869 1499 3926 etsi
1530 3874 1561 3923 tn

222 3971 366 4030 provocas
399 3955 436 4016 ad
465 3951 561 4015 locum
593 3973 716 4016 erineo
747 3954 820 4015 libro
844 3955 898 4014 ΙΙΙ.
926 3972 988 4032 cap.
1014 3957 1047 4028 4,
1078 3954 1126 4013 ubi
1156 3971 1201 4011 me
1229 3954 1285 4013 hoc
1307 3956 1402 4029 ipsum
1432 3955 1475 4013 ais
1505 3971 1561 4030 ag·

219 4059 359 4116 noscere,
390 4055 421 4102 at
443 4046 516 4102 scire
540 4050 671 4118 poteras,
704 4042 754 4102 illa
787 4060 872 4102 arne
896 4061 931 4101 ex
952 4041 1156 4120 Pythagoricis
1179 4057 1244 4100 esse
1267 4040 1358 4102 relata
1381 4038 1439 4102 κατ’
1465 4037 1561 4120 docte,

220 4145 279 4186 uon
310 4137 343 4188 ut
365 4133 454 4192 dcam
499 4129 618 4189 Rectius
649 4132 685 4190 ad
718 4130 777 4190 alia
792 4128 872 4190 'loca
901 4129 967 4188 libri
998 4131 1053 4188 mei
1077 4127 1129 4187 iv.
1154 4127 1330 4188 Harmoniae
1358 4145 1561 4207 provocasses.

222 4217 297 4276 Nam
321 4217 361 4276 ihi
384 4235 459 4295 pene
482 4216 518 4276 ad
543 4219 664 4277 verbum
693 4225 788 4277 tecum
819 4219 950 4276 invenies
973 4207 1140 4294 loquer'rtem
1170 4215 1206 4274 de
1229 4215 1301 4275 ideis
1325 4233 1419 4275 rerum
1442 4233 1563 4292 geome-
1663 4287 1666 4298 Ι

220 4307 356 4364 tricarum
383 4304 412 4362 in
437 4307 596 4364 animarum
618 4307 805 4382 penitissimis
829 4305 972 4364 essentiis.
1017 4304 1081 4362 Non
1110 4310 1274 4362 esttamen
1306 4321 1342 4363 ne
1365 4303 1412 4363 hic
1443 4305 1560 4381 quidem

223 4391 298 4452 idem
322 4394 408 4452 nobis
431 4395 566 4466 utrinque
589 4410 702 4450 seusus.
745 4391 818 4450 Mihi
844 4393 919 4452 enim
944 4389 1001 4450 duo
1026 4391 1156 4464 termini,
1179 4407 1249 4466 pure
1272 4391 1408 4450 mentalis
1431 4401 1562 4468 uterque,

221 4479 378 4538 mentalem
401 4479 532 4556 elhgiant
553 4476 744 4547 harmoniam,
767 4495 843 4554 quae
867 4481 905 4538 sit
926 4478 993 4537 idea
1009 4477 1186 4536 sensualium
1202 4479 1399 4551 terminorum,
1424 4478 1482 4538 duo
1506 4483 1563 4537 ite·
1618 4531 1622 4538 .

219 4584 283 4626 rum
306 4568 420 4626 termini
449 4565 601 4627 sensuales
629 4568 828 4641 requiruntur,
860 4567 888 4623 in
913 4566 1020 4642 quihus
1049 4565 1151 4623 eadem
1181 4565 1219 4622 sit
1241 4581 1379 4640 expressa
1405 4569 1562 4644 proportio,

171 4713 174 4722 ,
219 4671 296 4730 quae
320 4652 428 4713 relucet
450 4658 479 4712 in
503 4661 619 4726 menie3
644 4662 674 4712 at
698 4652 749 4710 tibi
773 4651 881 4712 lormae
903 4655 984 4729 ipsae
1008 4651 1081 4709 hunt
1103 4651 1176 4710 alter
1191 4653 1339 4724 terminus,
1363 4657 1486 4714 materia
1502 4661 1563 4712 ter·
1665 4697 1667 4702 .

219 4744 318 4800 minus
341 4741 478 4818 reliquus.
525 4739 590 4800 Hoc
612 4749 673 4813 esi,
698 4737 775 4820 quod
800 4737 943 4813 iudicari,
968 4737 1119 4800 discrimen
1143 4748 1305 4810 nostrarum
1330 4744 1561 4824 conceptionum,
