3668 5526
463 1784 470 1796 1
558 1633 618 1734 ιιι
648 1633 983 1733 ιιιιιιιοιιιιιι
1013 1570 1217 1735 ιιιιιιιι
1327 1715 1328 1720 ψ

687 1827 1066 1920 ιιοιιιιὲιιιιιιοιιιι.

800 2015 804 2024 ¹
826 2021 930 2036 *ι*

290 2151 317 2210 i)
333 2163 390 2213 psa.
405 2151 445 2200 79.
463 2151 586 2202 Volumeu
598 2147 936 2203 x1.liaarulsuaiaosium
954 2161 1031 2198 manu
1048 2147 1152 2212 lisplari
1169 2151 1288 2212 scriptam
1307 2149 1490 2201 dedicationem
1509 2165 1554 2202 es·

203 2220 280 2282 libet,
297 2234 363 2286 quae
379 2221 515 2284 plurimum
534 2224 657 2285 &erepat
674 2223 706 2272 ab
719 2237 748 2272 ea
763 2220 853 2281 turma,
870 2232 920 2279 qus
937 2221 1024 2279 postes
1039 2219 1110 2268 illam
1127 2219 1195 2281 typis
1213 2220 1302 2270 excudi
1315 2223 1412 2270 messit
1424 2220 1554 2284 iisplsrus.

201 2289 307 2341 Omissis
324 2291 370 2350 ils,
396 2305 459 2354 quas
476 2294 608 2342 verborum
631 2293 785 2356 singulorum
804 2288 997 2350 discrepantiam
1014 2289 1055 2336 sel
1078 2288 1190 2340 ordinem
1213 2291 1344 2340 verborum
1366 2296 1489 2342 mutatum
1514 2297 1555 2344 st·

200 2364 288 2422 tinent,
306 2362 334 2410 ln
351 2352 512 2424 sequentibus
532 2377 560 2412 sa
577 2369 700 2424 notamus,
718 2376 782 2428 quse
799 2359 903 2422 maioris
918 2358 1070 2408 ridebantur
1087 2362 1216 2410 momenti.

285 2431 340 2481 l'ol.
355 2432 487 2484 77.11ιι.7.
501 2433 531 2481 sb
549 2433 630 2483 inira:
649 2434 826 2496 ,omniumque
844 2432 898 2491 ejus
916 2429 1033 2492 paulun,
1052 2429 1073 2478 sl
1090 2427 1176 2479 lubeat
1193 2434 1237 2480 aut
1253 2436 1324 2482 vacet
1342 2431 1388 2482 illa
1406 2446 1555 2495 conoscere

201 2501 316 2568 legendo,
334 2501 370 2551 sis
387 2503 485 2552 iuturus
503 2503 752 2566 intelligentissimus.

287 2575 348 2634 Fol.
367 2581 408 2630 77.
427 2575 540 2632 linaei.
559 2577 593 2634 ab
611 2578 694 2634 iuba:
714 2620 721 2633 .
743 2618 791 2633 ...
808 2575 927 2630 motibus
945 2570 1077 2644 propriis,
1097 2587 1147 2628 cen
1166 2573 1299 2646 subiecto,
1318 2577 1346 2631 iu
1364 2593 1418 2648 quo
1435 2577 1556 2639 inessent

200 2656 365 2722 harmoniae,
381 2655 511 2712 invitante
523 2671 566 2711 me
579 2655 613 2712 sd
625 2653 794 2728 quaerendas
805 2654 877 2710 iuter
887 2657 978 2708 motus
990 2649 1145 2708 harmonias
1156 2651 1288 2710 instinctu
1307 2655 1423 2724 quodam
1441 2663 1556 2716 naturae

202 2742 230 2792 et
247 2734 351 2790 ratione
368 2733 448 2790 unica
466 2740 494 2790 et
511 2751 629 2792 summa:
646 2735 718 2806 quod
736 2733 866 2789 muudum
881 2732 994 2788 creator
1009 2728 1106 2786 iecerit
1123 2745 1206 2801 quam
1222 2738 1318 2802 posset
1337 2732 1396 2789 lieri
1415 2733 1554 2806 optimum:

203 2815 257 2872 'am
274 2819 341 2870 tuno
359 2829 374 2868 e
394 2830 410 2868 o
1588 2851 1589 2858 ι

158 2897 162 2906 ’
198 2831 210 2886 J
287 2891 347 2949 Foi.
368 2831 408 2948 igi.
432 2891 505 2947 lines
522 2891 630 2948 ultima:
658 2891 812 2962 Maiestatis
830 2897 894 2946 tuse
915 2888 1013 2959 legatis
1030 2887 1065 2943 ad
1088 2885 1178 2943 aulam
1196 2887 1411 2958 imperatoriam,
1438 2893 1556 2962 primum

201 2973 315 3045 Praqae,
334 2971 481 3043 superstite
498 2971 644 3042 liudolpho
657 2971 832 3042 Imperatore,
850 2985 959 3026 rursum
977 2975 1040 3024 ante
1058 2967 1172 3024 annosi
1190 2967 1277 3024 Lincil
1295 2985 1406 3041 quoque
1424 2977 1556 3030 testatam

157 3077 163 3088 =
201 3052 262 3109 ieci.
297 3049 406 3122 Quippe
426 3050 498 3106 inter
523 3051 722 3120 speculationes
744 3049 914 3107 harmonicas
937 3048 1051 3105 subinde
1069 3061 1112 3101 me
1137 3045 1556 3120 admonebatldnj.'1¹ubediu·

201 3137 285 3187 turus
305 3129 359 3186 ista
381 3127 548 3185 dissonantia
570 3127 721 3198 religionis;
749 3145 830 3201 quam
853 3141 914 3184 eum
939 3140 1078 3182 cernerem
1102 3140 1157 3181 non
1180 3125 1306 3194 equidem
1329 3141 1364 3182 ex
1388 3127 1556 3188 inconcinnis

200 3207 350 3268 intersfflis
369 3205 495 3276 conflari,
513 3208 562 3264 sed
579 3206 661 3278 plane
679 3223 713 3265 ex
732 3208 870 3264 concinnis
889 3212 917 3260 et
934 3203 1085 3260 articulatis
1103 3207 1131 3258 et
1149 3203 1257 3258 omnino
1275 3205 1397 3262 musicis:
1422 3222 1478 3264 nou
1495 3209 1556 3266 des·

201 3288 352 3362 perandum
369 3285 404 3342 de
420 3285 590 3357 providentia
608 3287 659 3344 Dei
677 3289 785 3357 ceusul,
812 3289 876 3357 quin
899 3287 959 3356 ipse
981 3285 1066 3340 totius
1090 3281 1222 3339 ecelesiae
1247 3283 1403 3352 melodiam,
1428 3286 1457 3343 in
1479 3295 1556 3345 motu

202 3367 385 3436 constitutam,
404 3367 443 3422 sic
460 3374 533 3422 esset
551 3367 748 3440 moderaturus,
766 3375 798 3425 ut
815 3367 948 3424 concinna
964 3363 1026 3434 ista,
1043 3361 1110 3418 licet
1128 3360 1238 3417 dissona
1255 3376 1306 3434 per
1322 3363 1373 3418 hos
1393 3365 1444 3421 100
1462 3379 1556 3433 annos,

203 3445 315 3502 tandem
331 3444 359 3499 in
377 3443 525 3515 plenariam
544 3447 764 3504 concordantiam
782 3445 965 3502 deflecterent.

290 3523 408 3580 ili-enim
427 3521 578 3581 delinere
596 3534 734 3582 certamen
752 3532 839 3594 esset,
867 3521 991 3578 christus
1009 3534 1044 3573 an
1062 3517 1234 3574 Mahometus
1253 3519 1289 3574 sit
1308 3521 1480 3591 sequendus,
1507 3523 1556 3576 im·

202 3603 340 3677 placabile
355 3601 463 3657 omnino
481 3602 581 3658 bellum
598 3603 650 3660 hoo
667 3604 798 3676 sciebem;
827 3602 876 3658 sed
902 3601 965 3670 qnia
986 3595 1104 3668 partium
1124 3596 1209 3652 altera
1232 3599 1446 3656 emendationem
1465 3602 1556 3662 cultus

203 3689 230 3740 et
242 3681 382 3739 doctrinae
394 3679 501 3748 Christi,
521 3681 606 3736 altera
619 3680 787 3752 disciplinans
801 3688 828 3736 et
840 3676 960 3734 ordinem
974 3674 1187 3731 ecclesiasticum
1200 3675 1403 3748 doctrinamque
1423 3685 1450 3737 et
1467 3697 1556 3740 mores

203 3763 333 3833 antiquos
345 3776 363 3815 a
374 3758 498 3828 patribus
511 3767 638 3831 acceptos
657 3767 743 3828 urget,
763 3774 877 3828 quorum
895 3756 1046 3812 studiorum
1059 3763 1202 3826 utrumque
1214 3755 1314 3812 bonum
1328 3766 1377 3829 est,
1397 3757 1421 3814 si
1441 3761 1557 3820 alterum

203 3842 291 3907 alteri,
310 3855 364 3908 quo
382 3837 443 3893 loeo
461 3853 511 3908 par
529 3845 579 3908 est,
598 3838 692 3908 cedat3
710 3847 854 3908 utrumque
871 3837 981 3905 malum
1000 3835 1023 3891 si
1041 3835 1151 3892 modum
1163 3834 1286 3904 excedat,
1304 3844 1351 3894 aut
1369 3839 1393 3894 si
1410 3839 1462 3894 sub
1480 3854 1557 3895 sanc·

203 3920 240 3976 tis
258 3917 446 3988 praetextibus
465 3917 517 3972 alia
534 3918 661 3988 mysteria
678 3925 856 3989 peragendum
876 3916 936 3985 quis
948 3915 1032 3986 igitur
1043 3911 1157 3984 dubitet,
1176 3915 1241 3983 quin
1253 3916 1328 3970 D'eus
1341 3916 1368 3970 in
1385 3915 1459 3974 huuc
1475 3915 1557 3972 linem

203 3997 356 4072 permittat,
375 4005 467 4067 partes
485 3997 554 4053 inter
573 4013 602 4053 se
621 3995 778 4069 confligere.
801 4003 832 4050 nt
849 3996 962 4050 ueritate
980 3993 1107 4064 utrinque
1126 3994 1192 4048 satis
1211 4009 1347 4066 superque
1365 3997 1497 4054 venulata
1514 4011 1556 4053 se·

204 4079 363 4150 paratisque
376 4082 404 4132 et
421 4075 571 4146 profligatis
584 4076 762 4132 bumanorum
775 4073 921 4131 affectuum
938 4071 1024 4144 paleis
1043 4071 1126 4143 (quod
1143 4069 1175 4126 iit
1191 4071 1322 4128 bellorum
1341 4073 1466 4148 tribulis),
1485 4075 1557 4146 quis·

205 4173 259 4229 que
275 4155 342 4229 quid
360 4155 411 4232 sibi
429 4155 605 4226 sequendum,
624 4155 689 4225 quid
708 4155 788 4210 etism
809 4170 888 4210 esua
905 4159 983 4223 parte
1000 4152 1126 4208 vitiosum
1140 4167 1227 4220 eoquo
1244 4152 1402 4225 fugiendum
1421 4155 1465 4225 sit,
1484 4154 1557 4212 clare

205 4236 361 4306 perspicere
377 4243 485 4307 posset,
504 4236 667 4304 tandemque
685 4235 781 4292 saltem
799 4233 945 4304 posteritas
962 4230 1054 4301 aliqua
1071 4230 1201 4303 paulatim
1219 4231 1247 4286 in
1264 4249 1360 4301 puram
1378 4249 1474 4303 pacem
1492 4250 1556 4291 ecu-

208 4313 330 4370 sentiret.
725 4347 729 4354 ·

293 4395 360 4450 Cum
371 4391 454 4464 igitur
465 4392 488 4448 is
501 4391 561 4448 Rex
573 4407 656 4461 esses,
675 4393 721 4463 qui
738 4395 881 4461 utriusque
897 4389 983 4462 partis
997 4387 1120 4446 subditos
1133 4386 1255 4460 haberes,
1275 4405 1335 4446 cum
1355 4391 1422 4448 adeo
1441 4407 1557 4462 aequum

206 4469 246 4526 Te
264 4487 379 4542 gereres,
398 4480 429 4527 ut
447 4469 602 4527 dubitarent
620 4470 703 4540 aliqui
715 4480 781 4527 tuuc
791 4469 929 4540 temporis,
949 4467 1004 4523 utri
1020 4467 1139 4538 partium
1151 4470 1279 4528 animitas
1297 4469 1477 4539 asseutberm,
1496 4487 1557 4526 cnm

207 4549 392 4606 turbulentam
411 4549 526 4620 plebem,
545 4551 630 4620 partis
649 4552 730 4608 onitas
748 4551 906 4616 οιιιίιιοιιιι,
924 4547 1035 4618 publica
1052 4547 1118 4603 vo'ce
1136 4549 1313 4616 coercuisses,
1332 4549 1452 4606 ordinem
1472 4549 1557 4604 eoele-

207 4628 354 4696 aiasticum‚
373 4629 561 4700 gloriationem
580 4629 664 4698 partis
686 4629 808 4698 alterius,
827 4627 1020 4694 collaudasset,
1040 4625 1196 4682 retinendos
1213 4625 1269 4682 filio
1288 4626 1430 4698 episcopos
1442 4627 1558 4698 Apuliae

207 4706 459 4776 emendaudomqne
477 4715 506 4762 et
522 4705 674 4764 ornandum
691 4707 767 4764 illum
785 4706 919 4774 ordinem,
947 4703 1066 4762 nondum
1091 4722 1141 4762 rex
1157 4707 1218 4775 ipse
1234 4707 1361 4778 Augilas,
1387 4707 1556 4767 censuissss:

208 4803 270 4844 curu
295 4793 404 4856 postea,
431 4787 555 4854 eupliam
583 4786 712 4857 adeptus,
739 4785 815 4842 brevi
840 4799 982 4840 commune
1007 4786 1049 4842 illi
1071 4799 1131 4840 cum
1159 4785 1251 4842 Sectis
1276 4801 1375 4842 nomen
1401 4787 1557 4843 Britannhe

209 4868 326 4936 maante
348 4879 436 4936 exque
459 4871 574 4936 unaque
597 4865 736 4938 provincia
761 4879 875 4936 regnum
900 4869 929 4924 et
945 4864 1120 4924 Ηιιιιιιοιιίιιι
1141 4859 1226 4922 unam'
1245 4866 1316 4938 (uam
1335 4866 1401 4940 quid
1424 4866 1497 4926 aliud
1515 4872 1558 4923 est
