3676 5536
295 353 358 422 244
707 355 749 410 De
768 335 1031 425 configurationibus
1052 339 1232 408 Harmonicis.
1280 351 1283 360 '

293 529 403 599 haurn,
421 530 493 600 quod
510 537 649 599 aspectum
662 531 839 600 quincuncem
857 545 905 586 seu
921 531 991 586 150⁰
1010 544 1072 584 cum
1084 525 1192 597 quintili
1203 525 1257 580 72⁰
1271 532 1299 580 et
1310 519 1449 592 biquintili
1459 519 1533 576 144⁰
1551 518 1648 574 eodem

295 611 381 681 gradu
399 610 499 678 locavi,
518 609 605 680 prima
622 617 712 664 tamen
730 608 794 662 sede
813 609 855 662 bis
872 607 944 664 data.

379 683 605 762 Propositio
627 683 713 744 XIV.
759 682 895 758 Quintus,
918 684 1038 744 ultimus
1061 690 1090 742 et
1112 681 1357 742 imbecillissimus
1380 683 1553 755 aspectuum
1575 691 1646 750 gra·

295 773 350 834 dus
374 780 418 833 est
441 772 543 832 docilis
567 780 596 831 et
616 770 771 842 tridentis,
795 773 890 831 octilis
913 780 942 831 et
966 769 1107 830 trioctilis.

381 854 509 922 Quinum
527 855 616 908 locum
634 855 688 910 ieci
706 854 784 908 docili
803 862 830 909 et
842 854 957 909 tridecili
971 853 1141 916 (Maestlinus
1154 848 1362 920 semiquintilem
1376 855 1403 904 et
1416 848 1648 918 sesquiquintilenr

214 927 218 939 '
298 933 442 1004 appellat),
470 949 537 1004 quos
556 933 582 986 in
601 931 829 1001 Ephemeridibus
847 933 979 989 hactenus
998 933 1087 1001 omisi,
1106 931 1204 1001 quibus
1223 929 1355 985 associavi
1377 927 1484 984 octilem
1504 936 1531 983 et
1548 927 1650 983 triocti-

294 1012 349 1068 lem
367 1027 417 1068 sen
436 1011 598 1080 sequadrum
618 1020 646 1066 et
664 1013 855 1084 sesquadrnm.
875 1029 943 1082 quos
962 1010 1213 1078 calendariographi
1231 1026 1264 1065 ex
1283 1025 1344 1062 mea
1355 1006 1463 1077 quidem
1476 1007 1650 1075 suggestione

296 1098 324 1146 et
345 1091 475 1146 nonnulla
485 1090 633 1144 Ptolemaei
652 1091 822 1154 auctoritate,
841 1093 888 1146 sed
907 1091 986 1146 nimis
1003 1089 1090 1144 calide
1109 1095 1137 1144 et
1154 1088 1353 1144 inconsiderate
1371 1089 1550 1156 arripuerunt.
1584 1085 1651 1140 Pro·

295 1171 414 1226 bandum
432 1168 514 1236 igitur
531 1175 574 1222 est
591 1175 743 1238 utrumque,
762 1170 877 1238 primum
896 1169 1084 1225 imbecilliores
1102 1185 1163 1224 ease
1183 1169 1232 1223 bos
1245 1175 1364 1239 quatuor
1378 1168 1485 1236 quintili
1504 1171 1531 1221 et
1542 1166 1649 1235 biquin-

296 1251 350 1319 tili,
370 1248 467 1306 deinde
486 1247 598 1302 decilem
618 1257 645 1302 et
662 1247 812 1303 tridecilem
830 1249 957 1304 fortiores
976 1247 1049 1304 octili
1068 1253 1095 1302 et
1112 1246 1233 1314 trioctili,
1252 1263 1349 1316 pamm
1366 1246 1520 1301 admodum,

384 1329 450 1384 cnm
468 1327 550 1398 igitur
567 1329 767 1396 propositiones
786 1335 895 1382 nostrae
913 1327 1090 1396 praecipuum
1113 1326 1148 1381 ad
1167 1323 1315 1380 efficaciam
1333 1334 1497 1380 momentum
1516 1324 1651 1379 collocent

295 1419 323 1474 in
342 1407 518 1476 congruentia
534 1404 639 1476 figurae
658 1407 834 1476 praecipuae,
860 1407 913 1461 hoe
932 1415 974 1461 est
991 1404 1255 1473 circumferentislia,
1283 1403 1455 1459 manifestum
1473 1410 1530 1472 est,
1554 1411 1650 1472 penta·

295 1504 395 1559 genum
413 1493 441 1541 et
458 1486 564 1541 stellam
584 1486 643 1554 ejus
662 1501 812 1555 congruere
836 1501 897 1540 cum
915 1501 981 1540 snae
1000 1501 1135 1554 quamque
1159 1484 1260 1554 speciei
1277 1483 1371 1552 figuris
1399 1485 1433 1539 ad
1452 1482 1568 1538 solidum
1590 1497 1650 1551 per·

294 1569 397 1624 fectum
415 1565 596 1635 formandum,
623 1572 655 1620 ut
669 1565 727 1634 jam
744 1565 826 1619 modo
845 1564 960 1629 dictum,
991 1579 1140 1632 congruere
1164 1565 1246 1618 etiem
1263 1565 1334 1618 inter
1352 1564 1513 1632 sepulchre
1540 1562 1575 1616 ad
1592 1561 1650 1630 pla-

294 1662 358 1703 num
378 1643 559 1700 sternendum.
597 1645 758 1714 Decagonus
776 1642 893 1698 vicissim
903 1652 931 1698 et
943 1651 1093 1711 octogonus
1112 1659 1173 1698 cnm
1185 1643 1271 1698 stellis
1285 1645 1351 1712 suis,
1371 1658 1494 1712 quaeque
1510 1657 1570 1696 oum
1583 1653 1649 1694 snae

297 1725 398 1796 speciei
408 1721 475 1790 aliis,
495 1722 523 1776 in
542 1722 628 1776 solido
647 1738 796 1790 congruere
814 1738 867 1776 non
886 1730 1010 1792 possunt.
1048 1723 1207 1788 Congruunt
1225 1721 1333 1792 quidem
1356 1721 1511 1788 decagonus
1530 1727 1557 1774 et
1575 1725 1649 1774 octo·

296 1819 395 1875 genus,
424 1801 473 1856 sed
492 1817 552 1856 oum
571 1800 631 1854 aliia
656 1817 711 1855 non
729 1798 853 1855 omuibus
881 1801 924 1854 aui
942 1802 1062 1868 generis3
1090 1801 1186 1855 stellae
1204 1817 1267 1856 vero
1294 1801 1423 1856 inchoant
1449 1799 1567 1868 aliquam
1585 1815 1648 1854 con·

295 1881 445 1953 gruentiam
465 1879 492 1934 in
511 1879 605 1948 solido,
625 1887 653 1935 at
671 1894 726 1934 non
744 1878 903 1950 absolvunt,
922 1879 1003 1933 etiarn
1022 1881 1048 1932 in
1066 1879 1148 1950 plano
1166 1879 1311 1949 ignobilior
1330 1888 1372 1935 est
1389 1895 1481 1935 earum
1499 1891 1648 1948 congruen-

294 1964 343 2030 tia,
362 1959 427 2029 quia
443 1973 494 2012 nec
511 1967 619 2014 mutuas
636 1958 747 2014 tradunt
767 1973 863 2026 operas
883 1959 993 2026 quaevis
1011 1957 1100 2028 figura
1118 1974 1179 2012 cum
1197 1973 1247 2012 sua
1265 1959 1345 2013 stella
1363 1957 1491 2022 solitarie,
1508 1964 1539 2012 ut
1556 1965 1649 2026 penta·

296 2055 383 2111 gonns
403 2052 464 2092 cnm
482 2053 546 2101 sua,
573 2037 623 2092 sed
641 2054 703 2092 cum
725 2036 779 2090 illis
798 2036 855 2090 anis
874 2036 959 2092 stellis
986 2042 1014 2090 et
1032 2043 1182 2104 octogonus
1203 2053 1263 2092 cum
1282 2046 1424 2106 tetragono
1447 2037 1474 2091 in
1493 2037 1648 2091 societatem

296 2118 406 2172 veniunt
424 2116 617 2184 congruentiae
636 2117 755 2180 alienae,
782 2115 909 2183 illamque
936 2115 1098 2182 quominus
1121 2117 1273 2171 continuari
1297 2118 1385 2186 possit
1410 2117 1469 2186 ipse
1498 2117 1648 2182 decagonus
1676 2179 1680 2186 ι
1758 2147 1763 2154 -

295 2197 422 2267 impedit;
450 2195 529 2250 stella
555 2197 636 2250 etiam
655 2196 714 2264 ejus
732 2195 850 2248 hiulcam
875 2195 902 2247 in
930 2194 1025 2250 mediis
1049 2194 1208 2264 interceptis
1227 2196 1321 2264 spatiis
1345 2196 1411 2249 facit
1439 2195 1648 2264 congruentiam.

296 2275 451 2344 Octogonus
470 2289 533 2328 vero
552 2281 580 2328 et
597 2273 677 2329 stella
696 2275 755 2340 ejus
779 2271 890 2328 alternis
910 2273 1009 2340 juvant
1035 2271 1267 2328 continuationem
1290 2275 1494 2343 congruentiae,
1523 2273 1649 2328 admixtis

296 2352 449 2426 quadratis,
477 2354 655 2422 congruentia
677 2353 710 2408 fit
732 2353 934 2408 diversiiormis.
972 2353 1014 2407 lta
1038 2367 1108 2422 pene
1131 2367 1211 2420 pares
1238 2362 1302 2408 sunt
1325 2355 1376 2410 hae
1395 2363 1513 2424 quatuor
1535 2356 1562 2409 in
1589 2369 1650 2408 con·

296 2433 420 2506 gruentia
438 2431 527 2501 plana,
546 2433 705 2501 praesertim
724 2448 785 2486 cum
806 2447 883 2486 areas
901 2437 1033 2502 utraeque
1051 2431 1154 2499 figurae
1171 2430 1291 2486 habeant
1305 2431 1463 2488 ineffabiles.
1500 2434 1537 2486 nt
1553 2433 1582 2486 in
1599 2432 1648 2487 sci·

199 2559 205 2568 .
296 2513 400 2568 bilitate
419 2511 533 2566 multum
551 2510 691 2580 praecellit
718 2517 792 2566 secta
815 2511 1003 2579 pentagonica.
1038 2510 1158 2564 Primum
1183 2511 1206 2566 si
1224 2509 1358 2565 centrales
1378 2509 1480 2578 figuras
1499 2511 1650 2565 considere·

297 2607 366 2660 mus,
385 2585 454 2660 q'uae
474 2596 538 2643 sunt
555 2589 600 2644 hic
614 2589 671 2657 jam
689 2596 861 2657 pentagonus
880 2596 907 2643 et
926 2589 1005 2644 stella
1025 2590 1098 2659 ejus,
1116 2589 1224 2646 illarum
1242 2589 1350 2660 quidem
1366 2590 1453 2646 latera
1471 2590 1521 2645 sub
1539 2589 1651 2645 eandem

297 2670 416 2738 speciem
442 2667 618 2725 ineffabilium
642 2667 742 2722 cadunt
766 2684 827 2723 cum
852 2667 982 2724 lateribus
1002 2669 1128 2737 octogoni
1154 2676 1181 2724 et
1201 2669 1309 2737 stellae,
1337 2671 1481 2726 existentia
1499 2669 1607 2725 elasson
1626 2677 1652 2724 at

298 2747 401 2808 misum
421 2745 462 2800 sin
482 2745 752 2816 circumferentlales,
780 2761 849 2816 quae
868 2745 912 2799 hio
929 2756 993 2801 suut
1015 2746 1102 2804 latera
1120 2748 1250 2817 decagoni
1277 2756 1305 2804 et
1322 2747 1417 2804 stellae
1436 2749 1508 2818 eius,
1534 2748 1582 2802 illa
1598 2763 1651 2803 non

297 2831 403 2879 tantum
426 2829 490 2876 sunt
513 2838 548 2877 ex
567 2824 657 2892 specie
676 2822 800 2902 nobiliori
819 2823 984 2879 binominum
1009 2833 1037 2880 et
1055 2833 1256 2897 apotomarum,
1285 2845 1346 2883 cum
1369 2829 1547 2897 octogonicae
1565 2829 1651 2884 lineae

299 2903 353 2958 sint
372 2915 406 2956 ex
425 2907 521 2968 quarta
540 2901 644 2970 specie,
673 2917 743 2970 quae
762 2909 803 2956 est
821 2902 956 2956 mizonum
982 2911 1009 2958 ct
1027 2904 1194 2968 simeonem,
1223 2907 1272 2962 sed
1294 2908 1439 2977 acquirunt
1456 2908 1538 2963 etiam
1565 2906 1651 2962 omnia

297 2979 385 3036 latera
410 2980 607 3050 pentagonlcae
631 2991 722 3036 sectae
740 2980 936 3036 nobilissimam
952 2984 1146 3052 proprietatem
1166 2986 1293 3040 sectionis
1317 2985 1466 3039 secundum
1485 2993 1608 3040 extrema
1626 2992 1651 3038 et

297 3061 429 3128 medium,
458 3074 528 3128 quae
545 3060 626 3128 plane
645 3059 713 3115 nibil
731 3061 829 3115 attinet
854 3061 940 3117 lineas
959 3064 1142 3132 octogonicae.
1180 3062 1283 3130 Quodsi
1306 3064 1466 3131 octogouioa
1483 3071 1560 3119 secta
1585 3080 1652 3118 non·

297 3137 365 3196 nihil
382 3137 552 3206 praepollere
570 3139 629 3193 visa
646 3147 690 3194 est
707 3135 940 3210 incongruentia,
967 3141 1012 3196 hic
1026 3143 1083 3211 jam
1102 3142 1219 3198 vicissim
1237 3142 1323 3198 multo
1340 3141 1441 3198 fortius
1459 3143 1618 3211 deprimitur
1637 3159 1653 3196 a

297 3217 485 3288 pentagonica
521 3217 606 3272 Recte
624 3218 707 3287 igitur
724 3222 863 3285 utrasque,
881 3225 913 3272 nt
932 3219 965 3274 de
982 3221 1150 3289 praestantia
1168 3221 1371 3290 contendentes,
1393 3222 1420 3276 in
1439 3237 1519 3277 unam
1538 3221 1652 3278 classem

299 3297 409 3367 redegi,
427 3297 577 3366 praemissa
594 3307 686 3352 tamen
704 3296 892 3366 pentagonica.
930 3297 1093 3354 consulatur
1112 3298 1144 3352 de
1164 3299 1205 3352 his
1227 3299 1374 3354 identidem
1392 3299 1461 3355 liber
1478 3300 1498 3354 Ι.

386 3373 439 3430 Est
457 3383 485 3428 et
502 3375 648 3444 peculiaris
666 3374 856 3444 praerogatiua
874 3376 1023 3444 biquintilis
1042 3393 1109 3446 prae
1122 3379 1237 3433 tridecili
1256 3387 1283 3434 et
1294 3379 1405 3434 trioctili
1424 3381 1559 3450 etiamque
1577 3381 1652 3449 quin·

301 3469 395 3523 cnnce,
415 3453 488 3524 quod
507 3453 587 3508 stella
604 3453 794 3524 pentagonica,
812 3455 940 3523 primaria
959 3474 995 3513 sc.
1008 3457 1080 3512 illius
1092 3456 1187 3527 figura,
1206 3459 1376 3527 aptissimum
1388 3465 1415 3512 et
1428 3458 1550 3527 trigonici
1564 3473 1653 3514 aemu-

298 3535 355 3591 lum
372 3532 456 3588 habet
474 3532 617 3602 angulum
638 3535 702 3602 quia
718 3541 750 3588 ut
767 3540 821 3588 tres
841 3537 934 3606 anguli
951 3538 1059 3606 trigoni,
1078 3538 1118 3592 sic
1131 3537 1211 3591 etiam
1231 3538 1351 3607 quinque
1364 3537 1455 3606 anguli
1474 3538 1569 3594 stellae
1588 3555 1652 3608 pen·

298 3613 439 3681 tagonicae
453 3611 571 3680 junctim
591 3613 717 3680 utrinque
736 3620 888 3680 aequantur
915 3614 1022 3672 duobus
1041 3615 1135 3687 rectis,
1164 3624 1194 3670 ut
1213 3617 1252 3672 sic
1269 3617 1355 3671 latera
1378 3617 1491 3684 angulos
1510 3617 1654 3672 formantia

296 3690 391 3745 circuli
408 3706 488 3745 arcus
506 3706 631 3762 quaeque
649 3708 713 3747 suos
732 3693 914 3762 intercipiant,
933 3711 988 3750 non
1005 3711 1069 3751 vero
1089 3696 1152 3750 bina
1171 3702 1199 3748 et
1222 3695 1285 3750 bina
1306 3695 1457 3764 portionem
1474 3693 1591 3763 aliquam
1603 3697 1652 3750 cir·

299 3768 354 3826 cnli
371 3771 555 3839 communiter,
576 3771 650 3839 quod
667 3773 695 3826 in
707 3771 788 3826 stella
807 3781 877 3840 octo,
896 3771 997 3842 deceni,
1017 3773 1158 3828 duodecim
1175 3773 1319 3841 radiorum,
1339 3775 1373 3828 ob
1387 3774 1461 3842 paris
1473 3773 1578 3826 numeri
1590 3789 1652 3828 con·

300 3849 436 3909 ditionem,
454 3849 536 3919 inque
547 3850 644 3904 ceteris
662 3847 757 3918 figuris
775 3850 940 3920 primigeniis
958 3854 993 3907 ob
1012 3853 1102 3922 anguli
1121 3851 1330 3920 magnitudinem
1348 3851 1407 3906 fieri
1425 3868 1479 3906 non
1497 3859 1598 3920 potest

387 3927 504 3982 Excussi
523 3945 616 3983 omnes
635 3929 746 3997 loculos,
765 3935 797 3982 ut
814 3931 981 3997 argumentis
999 3931 1104 3986 idoneis
1122 3932 1203 3985 iidem
1221 3930 1351 4000 iacerem,
1370 3947 1404 3984 ne
1423 3931 1521 3984 nimius
1540 3929 1588 3984 fiet
1606 3945 1652 3984 nu·

301 4023 391 4064 merus
415 4017 587 4078 aspectuum,
611 4008 799 4062 confusionem
824 4008 852 4062 in
877 4010 1043 4078 experiundo
1066 4011 1219 4080 pariturus3
1244 4011 1315 4064 intra
1339 4009 1500 4078 quadratum
1521 4009 1603 4077 igitur
1626 4017 1653 4061 et

300 4086 442 4155 quintilem
460 4087 682 4157 biquintilemque
701 4085 905 4142 subsistendum
930 4101 991 4141 esse
1016 4103 1066 4142 nec
1092 4088 1126 4142 ad
1150 4103 1241 4142 eorum
1267 4086 1401 4142 derivatos
1428 4097 1545 4157 quatuor
1569 4083 1654 4140 ultimi

299 4166 400 4235 gradus
418 4174 513 4235 utpote
531 4166 720 4221 imbecillimos
738 4163 979 4235 progrediendum,
1008 4165 1072 4222 licet
1089 4167 1139 4222 hos
1159 4183 1267 4237 quoque
1284 4168 1370 4236 prima
1388 4167 1538 4239 propositio
1560 4164 1652 4220 admit

300 4253 347 4300 tat.
386 4245 522 4298 stramen
541 4245 594 4298 ista
612 4261 666 4298 non
685 4243 861 4299 satisfaciunt
887 4253 915 4300 et
933 4247 956 4301 si
973 4253 1049 4302 tanta
1066 4255 1109 4301 est
1131 4247 1232 4320 primae
1259 4246 1450 4316 propositionis
1469 4245 1598 4315 dignitas,
1625 4251 1653 4297 ut

301 4325 458 4380 intercessio
477 4325 562 4378 ‹rmnis
581 4323 688 4379 sublata
705 4323 753 4379 sit:
773 4341 833 4394 age,
851 4324 948 4394 cuique
967 4341 1015 4396 per
1033 4340 1075 4381 me
1093 4325 1209 4380 liberum
1222 4333 1289 4392 esto,
1307 4324 1443 4394 respicere
1462 4324 1496 4380 ad
1508 4325 1559 4378 hos
1573 4324 1652 4378 etiam

301 4411 440 4473 aspectus,
466 4405 623 4472 praesertim
646 4404 679 4459 iis
701 4404 881 4474 temporibus,
904 4405 1003 4472 quihus
1027 4404 1112 4462 ceteri
1134 4419 1226 4460 omnes
1253 4403 1395 4462 defuerint.
1432 4405 1486 4460 Par
1507 4405 1578 4459 enim
1600 4409 1650 4468 est,

197 4502 201 4514 f
302 4496 383 4550 super
401 4481 443 4535 his
462 4497 569 4551 quoque
586 4483 677 4540 audiri
695 4483 886 4540 testificantem
904 4485 1112 4554 experientiam,
1140 4491 1170 4540 ut
1187 4499 1256 4554 quae
1275 4492 1303 4539 et
1321 4485 1417 4540 ceteris
1440 4485 1553 4555 primam
1572 4483 1652 4538 tidem

301 4557 366 4612 fem
383 4567 605 4710 ῗξθοῗέἓῗῖῗο
628 4635 700 4700 XV.
744 4639 820 4700 Sunt
840 4639 960 4715 aliquae
982 4637 1242 4715 configurationes,
1265 4655 1341 4715 quae
1364 4641 1440 4699 inter
1463 4637 1597 4698 efficaces
1619 4645 1648 4696 et

302 4720 517 4824 non'elticaoes
539 4725 706 4802 ambigunt;
734 4730 870 4788 nimirum
891 4743 976 4787 arcus
999 4723 1062 4786 Μ’)
1092 4743 1128 4788 ex
1149 4725 1445 4805 pentekaedecagouo
1477 4733 1507 4786 et
1533 4719 1593 4786 18ο
1615 4741 1650 4786 ex

303 4825 464 4886 rcosrgono.
849 4840 855 4850 ·
