3676 5536
699 330 700 339 ἵ
758 343 842 444 biber
858 351 904 410 lv,
924 349 1015 424 capnt
1031 343 1064 408 V.

238 543 306 598 quos
324 523 435 584 metitur
452 526 569 584 circulum
588 527 644 583 suia
663 542 723 584 cum
741 525 870 597 arcubus,
889 543 945 584 non
962 525 1053 588 aliter.
1070 525 1123 582 nisi
1138 539 1194 582 me

237 612 301 661 neat
316 607 352 678 id,
372 606 445 677 quod
464 622 525 662 esse
543 606 647 674 dicitur,
669 613 803 674 quatenus
822 621 860 660 sc.
877 613 905 660 et
916 604 1030 672 liguram
1042 605 1125 671 babet
1145 603 1203 658 cir..

238 685 357 741 colerem
375 693 403 741 et
415 703 473 742 eam
486 687 617 757 integram
629 689 737 744 retinet.
774 689 804 756 2)
823 685 1020 742 macerandae
1035 699 1090 740 non
1102 697 1195 738 omnes

238 765 345 834 aequali
363 766 566 835 propinquitate
584 767 803 836 propagabantur
826 780 842 819 a
859 762 961 820 circulo
983 763 1095 832 ejusque
1112 759 1195 830 parti-

238 842 305 912 bus3
328 859 390 898 nam
415 843 522 914 aliquae
544 852 632 899 ortum
655 861 733 900 suum
750 844 905 900 referebant
927 845 963 900 ad
983 849 1075 913 partes
1093 839 1194 908 circuli,

239 933 372 992 quatenns
390 924 457 991 ipsis
475 939 529 978 non
546 930 577 978 ut
594 923 688 978 circuli
705 924 834 992 partibus,
852 923 900 978 sed
918 931 949 978 ιιι
960 921 1042 977 rectis
1053 920 1131 974 lineis
1150 935 1194 974 ac·

239 1001 347 1058 uidebat
365 1001 476 1072 aliquid,
495 1002 589 1058 eadem
607 1017 645 1058 sc.
664 1002 767 1071 divisio,
786 1019 855 1074 quae
868 1002 969 1058 circulo
983 1001 1044 1066 toti,
1063 1008 1094 1056 ut
1105 1006 1194 1056 caten-

239 1098 299 1138 sum
320 1080 390 1136 libro
410 1080 462 1146 ¹lIl.
498 1083 598 1138 Contra
619 1088 662 1137 est
682 1082 710 1136 iu
735 1081 904 1151 aspectibus,
931 1082 991 1151 ejus
1015 1081 1098 1149 euim,
1122 1078 1196 1148 quod

239 1166 343 1214 tantum
355 1159 454 1216 circulo
472 1159 630 1230 respondet,
647 1175 774 1216 mensura
790 1159 865 1216 nullo
883 1159 963 1237 modo
985 1167 1078 1230 potest
1094 1159 1196 1214 babere

238 1247 392 1308 respectum
408 1237 584 1295 rectitudinis.

325 1331 543 1408 Propositio
565 1330 606 1391 II.
650 1330 748 1406 Major
776 1338 821 1390 est
843 1329 1039 1390 radiationum
1062 1331 1197 1406 cognatio

241 1435 307 1479 cum
334 1417 434 1495 figuris
455 1419 659 1494 regularibus,
684 1435 771 1502 quam
797 1427 860 1478 erat
882 1422 1146 1480 consonantiarum.

280 1539 285 1566 ,
326 1500 462 1556 Probatur
484 1500 600 1570 primum
624 1517 641 1556 a
665 1500 902 1556 circumferentiali
925 1499 1020 1570 figura.
1061 1501 1131 1556 Nam
1155 1497 1202 1554 ubi

155 1621 158 1635 .
240 1579 356 1637 circulus
374 1581 486 1650 integer,
504 1581 541 1635 ibi
560 1588 587 1636 et
603 1581 690 1650 ligura
708 1579 975 1654 regularisintegra:
995 1579 1043 1634 ssd
1056 1579 1203 1650 magis'est

241 1659 358 1716 circulus
380 1661 488 1730 integer
511 1661 538 1714 in
561 1657 730 1714 dimetiendis
754 1659 934 1714 radiationum
958 1659 1080 1728 augulis,
1105 1673 1154 1728 per
1179 1659 1204 1722 l,

242 1755 306 1810 erge
329 1748 359 1794 et
374 1737 463 1810 figura
481 1743 606 1808 respectu
628 1735 809 1792 radiationum
832 1735 916 1802 magis
942 1743 973 1791 ut
991 1737 1098 1806 integre
1116 1731 1203 1792 consi·

223 1817 331 1872 'derari
357 1827 455 1887 potest.
492 1817 593 1872 Contra
616 1817 644 1872 iu
669 1815 863 1874 consonantiis.
893 1821 924 1868 ut
950 1813 1067 1888 circulus
1089 1815 1203 1884 eiusque

242 1904 334 1964 partes
345 1896 372 1950 in
385 1905 626 1964 rectumpoterant
639 1897 748 1952 extendi
761 1895 842 1950 salvis
860 1895 1052 1963 consonantiis,
1070 1894 1110 1949 sic
1122 1893 1204 1948 etiam

243 1973 331 2029 omnia
348 1974 450 2044 figurae
467 1975 553 2030 latera
578 1975 606 2030 in
625 1975 737 2032 eandem
764 1987 792 2032 et
809 1995 889 2033 unam
906 1984 1008 2034 rectam
1028 1971 1137 2030 extendi
1156 1986 1204 2039 po·

241 2051 332 2110 terant
350 2071 435 2126 eaque
451 2073 515 2112 cum
529 2072 586 2112 ¹uno
603 2055 707 2126 figurae
723 2056 816 2112 latere
833 2055 973 2112 rectilineo
996 2053 1086 2108 iacere
1105 2065 1200 2105 conso·

243 2131 370 2188 nuntiam.
407 2133 467 2188 Hoc
483 2151 546 2188 vero
564 2145 645 2204 pacto
665 2137 704 2191 uti
723 2137 849 2206 circulus,
867 2135 907 2190 sic
922 2133 1003 2189 etiam
1021 2131 1108 2200 ligura
1124 2128 1204 2184 recti·

241 2211 314 2266 linea
332 2227 408 2267 suam
425 2212 613 2284 figurationem
630 2215 738 2286 amittit,
760 2223 789 2270 ut
806 2213 894 2283 figura
912 2213 1029 2282 amplius
1046 2227 1102 2264 non
1120 2210 1163 2266 sit

330 2291 465 2346 Probatur
487 2293 605 2348 secundo
630 2309 647 2348 a
669 2293 780 2350 centrali
802 2291 895 2362 figura.
933 2288 1032 2360 Anguli
1057 2294 1121 2343 suut
1137 2285 1205 2358 figu-

227 2385 334 2424 ‘rarum
356 2369 503 2440 elementa;
522 2371 580 2440 jam
603 2372 655 2428 duo
678 2373 746 2427 radii
770 2370 874 2426 iaciunt
898 2369 1025 2438 angulum
1048 2368 1075 2422 in
1101 2372 1204 2441 centro,

243 2449 291 2518 qni
309 2447 451 2516 aliquoties
477 2452 609 2518 repetitus
635 2458 804 2506 consummat
821 2447 949 2518 figuram,
978 2454 1009 2501 ut
1030 2452 1145 2516 apparet
1171 2457 1205 2497 ex

244 2525 426 2582 schematibus
443 2525 526 2582 bisce.
558 2525 593 2583 ¹Id
613 2536 702 2585 autem
719 2543 774 2583 nou
790 2527 874 2582 debat
892 2527 920 2582 iu
937 2535 999 2584 ortu
1016 2526 1205 2581 consonantia·

243 2621 318 2674 rum3
336 2605 428 2660 nullus
446 2605 516 2660 enim
533 2606 571 2661 ibi
589 2607 641 2662 luit
658 2614 799 2676 respectus
817 2606 910 2675 anguli
927 2606 956 2661 in
973 2612 1078 2661 centro.
1113 2602 1202 2672 Magis

243 2684 327 2754 igitur
343 2683 488 2738 lamlliares
506 2692 569 2740 sunt
585 2685 690 2756 figurae
707 2687 876 2756 aspectibus,
895 2700 975 2756 quam
994 2684 1186 2741 consonantiis.

330 2861 555 2940 Propositio
578 2865 633 2926 Ill.
679 2868 876 2943 coogruenttc
906 2867 1062 2942 figurarum
1093 2870 1160 2948 plns
1189 2878 1289 2950 potest
1321 2873 1350 2930 in
1383 2871 1595 2934 constituendis

246 2951 524 3028 configurationibus
547 2953 727 3032 efficacibus,
751 2973 840 3032 quam
861 2957 891 3014 iu
914 2960 1122 3020 consonantiis.

334 3069 501 3138 Argumenta
526 3069 608 3138 hujus
635 3071 674 3125 rei
696 3071 782 3128 multa
805 3081 961 3143 suppetunt.
998 3078 1022 3140 ll
1041 3075 1223 3147 Congruentia
1241 3082 1284 3132 est
1305 3077 1460 3148 proprietas
1484 3077 1596 3146 figurae,

248 3155 383 3216 qnatenus
401 3147 489 3216 figura
506 3155 565 3204 tota
582 3159 624 3206 eat
641 3150 813 3222 speciemque
829 3152 928 3224 babet;
950 3153 1025 3223 atqui
1042 3153 1144 3224 figura,
1163 3163 1298 3224 quatenus
1315 3154 1386 3212 banc
1403 3156 1521 3226 speciem
1538 3163 1597 3211 tota

249 3224 342 3296 babet,
360 3227 476 3296 primum
494 3227 621 3298 ipseper
639 3231 770 3298 senagis
788 3239 832 3286 est
849 3239 964 3300 cognata
974 3221 1234 3302 configurationibus
1246 3249 1327 3302 quam
1340 3233 1530 3298 consonantiis,
1548 3245 1598 3302 per

206 3317 228 3334 ²
250 3319 292 3372 pr.
311 3303 336 3370 2,
355 3305 452 3360 deiude
471 3306 565 3362 dividit
581 3307 710 3364 circulum
729 3316 760 3365 ut
778 3317 866 3366 totum
883 3311 1045 3376 harmonice,
1064 3311 1180 3367 circulus
1197 3326 1260 3366 vero
1273 3311 1353 3386 etiam
1369 3311 1456 3380 magis
1474 3317 1516 3366 est
1535 3326 1597 3364 con·

247 3382 454 3452 figurationibus
478 3394 623 3456 cognatus,
646 3407 726 3458 quam
748 3389 944 3458 consonantiis,
967 3405 1017 3459 per
1039 3406 1078 3458 pr.
1102 3393 1128 3444 1.
1165 3390 1256 3458 Quare
1280 3397 1408 3458 utroque,
1438 3396 1467 3444 et
1491 3387 1597 3458 privato

248 3460 353 3528 figurae
369 3465 478 3519 nomine
496 3473 524 3520 et
542 3471 676 3523 communi
693 3469 796 3538 figurae
815 3476 843 3522 et
859 3468 966 3536 circuli,
988 3469 1181 3536 congruentiae
1200 3481 1308 3536 quoque
1324 3465 1470 3534 figurarum
1488 3466 1516 3519 in
1535 3479 1598 3520 oon·

249 3540 456 3610 figurationibus
475 3561 556 3613 quam
573 3547 600 3602 in
619 3547 802 3602 consonantiis
821 3548 860 3601 vis
879 3554 921 3601 est
937 3547 1031 3615 major.
1067 3547 1092 3608 2)
1111 3549 1135 3602 A
1153 3562 1268 3602 numero
1282 3545 1438 3614 ligur-arum.
1473 3545 1597 3613 Usurpa·

249 3621 335 3678 rimus
354 3623 424 3676 enim
441 3624 495 3678 boe
512 3640 561 3694 per
578 3627 713 3680 axiomata
730 3627 893 3694 praemissa,
913 3625 1014 3696 figuras
1033 3639 1093 3682 esse
1111 3625 1235 3680 efficaces
1258 3639 1307 3694 per
1324 3639 1387 3679 suas
1404 3624 1597 3692 proprietates.

245 3699 300 3754 Ubi
318 3715 383 3770 ergo
409 3703 494 3774 magis
521 3706 667 3774 respondet
694 3721 822 3760 numerus
848 3703 1068 3773 efficiendorum,
1091 3704 1129 3759 ibi
1149 3703 1236 3772 major
1257 3716 1355 3756 causam
1382 3700 1508 3768 cognatio
1534 3715 1594 3753 cum

246 3777 357 3850 effectu,
376 3781 472 3838 saltem
490 3785 674 3853 probabiliter.
709 3785 795 3855 Atqui
812 3791 843 3839 nt
860 3800 997 3854 congruae
1014 3783 1117 3853 figurae
1134 3797 1237 3853 paucae
1256 3787 1328 3849 sunt,
1346 3780 1385 3835 ita
1402 3779 1483 3834 etiam
1501 3792 1597 3846 aspec-

247 3867 295 3914 tus
313 3862 407 3930 pauci,
436 3865 509 3932 quod
527 3867 695 3935 experientia
712 3873 841 3935 teststnr;
871 3865 924 3921 nisi
946 3865 1016 3920 enim
1031 3865 1111 3933 pauci
1129 3869 1234 3932 essent,
1261 3873 1358 3930 magna
1382 3864 1456 3914 esset
1474 3855 1598 3913 conlusio

247 3939 364 4011 illorum,
383 3957 480 4010 magna
498 3943 663 4013 frequentia,
685 3945 724 3999 ita
740 3952 772 4000 ut
789 3944 880 4012 auguli
898 3944 1013 4000 seorsim
1035 3943 1093 3998 suis
1117 3941 1211 3998 diebus
1236 3937 1372 3994 obseruari
1397 3951 1452 4001 uon
1469 3941 1597 4004 posseut;
1623 3949 1626 3955 ·

246 4026 277 4072 at
298 4029 413 4089 possunt
431 4023 581 4091 observari,
607 4041 662 4079 non
686 4033 749 4080 suut
766 4025 850 4095 igitur
871 4023 970 4080 infiniti
993 4037 1118 4087 uumero;
1146 4023 1241 4074 contre
1268 4014 1461 4071 consonantiae
1484 4025 1600 4082 possunt

247 4095 370 4153 infinitae
388 4115 461 4166 esse,
479 4103 699 4172 augmentatione
716 4103 917 4160 intervallorum
936 4117 986 4172 per
1002 4101 1148 4169 diapason3
1176 4102 1207 4152 ut
1355 4113 1405 4164 urg.
1418 4113 1452 4164 an

246 4176 355 4233 scibiles
371 4179 474 4251 figurae
491 4182 612 4238 infinitae
630 4191 701 4238 suut.
735 4185 762 4252 3)
780 4183 822 4239 Ab
840 4181 958 4240 essentia
975 4181 1157 4246 terminorum,
1175 4177 1204 4230 in

246 4255 346 4324 quibus
363 4258 515 4316 consistunt
531 4261 720 4329 proportiones
738 4264 801 4320 binc
818 4270 846 4317 et
863 4263 935 4317 inde.
969 4259 1072 4329 Motus,
1090 4272 1204 4328 quornm

245 4331 356 4388 affectio
374 4336 442 4404 soni,
462 4338 490 4392 in
505 4339 568 4406 fieri
585 4339 790 4397 considerantur
807 4349 836 4394 et
853 4347 986 4409 quatenns
995 4346 1106 4407 tempus
1124 4352 1203 4392 occu·

246 4421 326 4481 pant‚·
343 4414 508 4470 radiationes
525 4417 612 4487 magis
628 4417 656 4472 in
675 4436 730 4476 ease
746 4429 941 4476 momentaneo.
977 4418 1053 4473 Sicut
1069 4417 1140 4472 enim
1151 4417 1205 4470 boc

246 4501 382 4548 momento
400 4501 443 4550 est
461 4494 570 4564 aliquod
588 4513 695 4567 corpus,
713 4499 752 4553 sic
768 4498 849 4553 etiam
866 4497 919 4552 boc
943 4503 1080 4552 momento
1097 4501 1141 4550 est
1157 4494 1204 4549 ali·

247 4585 301 4640 qua
317 4573 445 4638 radiatim
471 4573 504 4628 de
522 4583 595 4631 motu
614 4592 690 4645 vero,
713 4575 786 4647 quod
804 4575 955 4646 praeteriit,
971 4575 999 4629 id
1016 4591 1071 4630 nou
1088 4583 1131 4628 est
1148 4589 1203 4628 aro-
1267 4582 1269 4593 ¹

247 4649 331 4719 plina,
357 4653 431 4723 quod
449 4655 585 4726 sequitur,
610 4656 639 4711 id
655 4657 775 4712 noudum
793 4663 847 4724 est,
869 4655 897 4708 in
915 4661 1050 4710 momento
1068 4652 1134 4708 nibil
1153 4660 1202 4708 est.
1290 4700 1296 4713 ι

247 4733 429 4803 congruentia
447 4751 510 4790 vero
528 4737 613 4806 magis
630 4735 737 4792 ridetur
755 4750 848 4790 eornm
866 4749 927 4789 esse
944 4749 1015 4803 quae
1032 4740 1104 4802 mot,
1123 4747 1204 4800 quam
1299 4722 1317 4755 ‘⁸
