<?xml version="1.0" encoding="UTF-8"?>
<!DOCTYPE html PUBLIC "-//W3C//DTD XHTML 1.0 Transitional//EN"
    "http://www.w3.org/TR/xhtml1/DTD/xhtml1-transitional.dtd">
<html xmlns="http://www.w3.org/1999/xhtml" xml:lang="en" lang="en">
 <head>
  <title>
</title>
<meta http-equiv="Content-Type" content="text/html;charset=utf-8" />
  <meta name='ocr-system' content='tesseract 3.04.00' />
  <meta name='ocr-capabilities' content='ocr_page ocr_carea ocr_par ocr_line ocrx_word'/>
</head>
<body>
  <div class='ocr_page' id='page_1' title='image "./joanniskepleria26frisgoog/joanniskepleria26frisgoog_0520.png"; bbox 0 0 3668 5526; ppageno 0'>
   <div class='ocr_carea' id='block_1_1' title="bbox 754 315 1543 402">
    <p class='ocr_par' dir='ltr' id='par_1_1' title="bbox 754 315 1543 402">
     <span class='ocr_line' id='line_1_1' title="bbox 754 315 1543 402; baseline -0.003 -28"><span class='ocrx_word' id='word_1_1' title='bbox 754 317 843 374; x_wconf 72' lang='lat' dir='ltr'>Nous</span> <span class='ocrx_word' id='word_1_2' title='bbox 860 315 990 374; x_wconf 76' lang='lat' dir='ltr'>Editorh.</span> <span class='ocrx_word' id='word_1_3' title='bbox 1480 327 1543 402; x_wconf 63' lang='lat' dir='ltr'>qap</span> 
     </span>
    </p>
   </div>
   <div class='ocr_carea' id='block_1_2' title="bbox 199 487 1546 568">
    <p class='ocr_par' dir='ltr' id='par_1_2' title="bbox 199 487 1546 568">
     <span class='ocr_line' id='line_1_2' title="bbox 199 487 1546 568; baseline 0.003 -22"><span class='ocrx_word' id='word_1_4' title='bbox 199 487 272 546; x_wconf 86' lang='lat' dir='ltr'>Solis</span> <span class='ocrx_word' id='word_1_5' title='bbox 290 489 391 562; x_wconf 87' lang='lat' dir='ltr'>quiete,</span> <span class='ocrx_word' id='word_1_6' title='bbox 409 495 471 548; x_wconf 90' lang='lat' dir='ltr'>ortu</span> <span class='ocrx_word' id='word_1_7' title='bbox 482 489 630 559; x_wconf 83' lang='lat' dir='ltr'>fluminum,</span> <span class='ocrx_word' id='word_1_8' title='bbox 648 489 766 558; x_wconf 75' lang='lat' dir='ltr'>Atlantis</span> <span class='ocrx_word' id='word_1_9' title='bbox 783 495 930 560; x_wconf 79' lang='lat' dir='ltr'>prospecta</span> <span class='ocrx_word' id='word_1_10' title='bbox 946 490 974 568; x_wconf 85' lang='lat' dir='ltr'>iu</span> <span class='ocrx_word' id='word_1_11' title='bbox 991 489 1113 548; x_wconf 87' lang='lat' dir='ltr'>nebulas.</span> <span class='ocrx_word' id='word_1_12' title='bbox 1132 491 1298 562; x_wconf 75' lang='lat' dir='ltr'>designatis</span> <span class='ocrx_word' id='word_1_13' title='bbox 1317 492 1467 553; x_wconf 86' lang='lat' dir='ltr'>delectatus</span> <span class='ocrx_word' id='word_1_14' title='bbox 1484 493 1546 564; x_wconf 83' lang='lat' dir='ltr'>init,</span> 
     </span>
    </p>
   </div>
   <div class='ocr_carea' id='block_1_3' title="bbox 198 569 1652 644">
    <p class='ocr_par' dir='ltr' id='par_1_3' title="bbox 198 569 1652 644">
     <span class='ocr_line' id='line_1_3' title="bbox 198 569 1652 644; baseline 0 -18"><span class='ocrx_word' id='word_1_15' title='bbox 198 569 271 626; x_wconf 89' lang='lat' dir='ltr'>sales</span> <span class='ocrx_word' id='word_1_16' title='bbox 290 569 451 626; x_wconf 87' lang='lat' dir='ltr'>salsissimus</span> <span class='ocrx_word' id='word_1_17' title='bbox 470 571 612 642; x_wconf 87' lang='lat' dir='ltr'>quaesivit,</span> <span class='ocrx_word' id='word_1_18' title='bbox 631 569 765 640; x_wconf 87' lang='lat' dir='ltr'>allegoriis</span> <span class='ocrx_word' id='word_1_19' title='bbox 783 571 822 625; x_wconf 91' lang='lat' dir='ltr'>ita</span> <span class='ocrx_word' id='word_1_20' title='bbox 834 570 913 639; x_wconf 91' lang='lat' dir='ltr'>lusit,</span> <span class='ocrx_word' id='word_1_21' title='bbox 932 577 963 626; x_wconf 91' lang='lat' dir='ltr'>ut</span> <span class='ocrx_word' id='word_1_22' title='bbox 975 585 1046 640; x_wconf 89' lang='lat' dir='ltr'>quae</span> <span class='ocrx_word' id='word_1_23' title='bbox 1064 577 1129 626; x_wconf 89' lang='lat' dir='ltr'>sunt</span> <span class='ocrx_word' id='word_1_24' title='bbox 1140 571 1319 629; x_wconf 89' lang='lat' dir='ltr'>minutissima</span> <span class='ocrx_word' id='word_1_25' title='bbox 1336 581 1547 644; x_wconf 80' lang='lat' dir='ltr'>persequeretur</span> <span class='ocrx_word' id='word_1_26' title='bbox 1645 611 1652 626; x_wconf 82' lang='lat'>.</span> 
     </span>
    </p>
   </div>
   <div class='ocr_carea' id='block_1_4' title="bbox 196 647 1559 1744">
    <p class='ocr_par' dir='ltr' id='par_1_4' title="bbox 196 647 1559 1744">
     <span class='ocr_line' id='line_1_4' title="bbox 198 647 1547 718; baseline 0.004 -14"><span class='ocrx_word' id='word_1_27' title='bbox 198 656 227 705; x_wconf 92' lang='lat' dir='ltr'>et</span> <span class='ocrx_word' id='word_1_28' title='bbox 244 649 361 706; x_wconf 79' lang='lat' dir='ltr'>crinibus</span> <span class='ocrx_word' id='word_1_29' title='bbox 384 649 511 706; x_wconf 84' lang='lat' dir='ltr'>traheret</span> <span class='ocrx_word' id='word_1_30' title='bbox 547 651 579 706; x_wconf 86' lang='lat' dir='ltr'>lu</span> <span class='ocrx_word' id='word_1_31' title='bbox 602 649 731 706; x_wconf 91' lang='lat' dir='ltr'>imitando</span> <span class='ocrx_word' id='word_1_32' title='bbox 755 649 838 710; x_wconf 81' lang='lat' dir='ltr'>verba</span> <span class='ocrx_word' id='word_1_33' title='bbox 863 649 920 705; x_wconf 84' lang='lat' dir='ltr'>fere</span> <span class='ocrx_word' id='word_1_34' title='bbox 943 647 1049 718; x_wconf 90' lang='lat' dir='ltr'>singula</span> <span class='ocrx_word' id='word_1_35' title='bbox 1072 648 1190 704; x_wconf 89' lang='lat' dir='ltr'>retinere</span> <span class='ocrx_word' id='word_1_36' title='bbox 1213 649 1328 714; x_wconf 79' lang='lat' dir='ltr'>studuit,</span> <span class='ocrx_word' id='word_1_37' title='bbox 1355 652 1488 709; x_wconf 90' lang='lat' dir='ltr'>translata</span> <span class='ocrx_word' id='word_1_38' title='bbox 1512 651 1547 708; x_wconf 88' lang='lat' dir='ltr'>ad</span> 
     </span>
     <span class='ocr_line' id='line_1_5' title="bbox 197 727 1545 802; baseline 0.003 -20"><span class='ocrx_word' id='word_1_39' title='bbox 197 742 276 782; x_wconf 88' lang='lat' dir='ltr'>snam</span> <span class='ocrx_word' id='word_1_40' title='bbox 293 728 441 784; x_wconf 77' lang='lat' dir='ltr'>materiam.</span> <span class='ocrx_word' id='word_1_41' title='bbox 477 728 509 784; x_wconf 88' lang='lat' dir='ltr'>ln</span> <span class='ocrx_word' id='word_1_42' title='bbox 531 727 706 798; x_wconf 77' lang='lat' dir='ltr'>problematis</span> <span class='ocrx_word' id='word_1_43' title='bbox 723 728 873 784; x_wconf 75' lang='lat' dir='ltr'>scribendis</span> <span class='ocrx_word' id='word_1_44' title='bbox 890 729 1031 798; x_wconf 88' lang='lat' dir='ltr'>paradoxa</span> <span class='ocrx_word' id='word_1_45' title='bbox 1047 727 1087 782; x_wconf 91' lang='lat' dir='ltr'>illi</span> <span class='ocrx_word' id='word_1_46' title='bbox 1108 727 1249 798; x_wconf 80' lang='lat' dir='ltr'>placuere,</span> <span class='ocrx_word' id='word_1_47' title='bbox 1277 729 1407 785; x_wconf 83' lang='lat' dir='ltr'>Gallicam</span> <span class='ocrx_word' id='word_1_48' title='bbox 1424 730 1545 802; x_wconf 86' lang='lat' dir='ltr'>linguam</span> 
     </span>
     <span class='ocr_line' id='line_1_6' title="bbox 197 805 1546 880; baseline 0.003 -20"><span class='ocrx_word' id='word_1_49' title='bbox 197 821 264 877; x_wconf 89' lang='lat' dir='ltr'>prae</span> <span class='ocrx_word' id='word_1_50' title='bbox 283 805 388 862; x_wconf 83' lang='lat' dir='ltr'>Graeca</span> <span class='ocrx_word' id='word_1_51' title='bbox 405 805 575 876; x_wconf 76' lang='lat' dir='ltr'>ffiscendam,</span> <span class='ocrx_word' id='word_1_52' title='bbox 594 808 684 862; x_wconf 89' lang='lat' dir='ltr'>studia</span> <span class='ocrx_word' id='word_1_53' title='bbox 701 807 840 864; x_wconf 89' lang='lat' dir='ltr'>literarum</span> <span class='ocrx_word' id='word_1_54' title='bbox 858 822 918 864; x_wconf 89' lang='lat' dir='ltr'>esse</span> <span class='ocrx_word' id='word_1_55' title='bbox 936 807 1041 876; x_wconf 83' lang='lat' dir='ltr'>signum</span> <span class='ocrx_word' id='word_1_56' title='bbox 1060 807 1186 862; x_wconf 89' lang='lat' dir='ltr'>interitus</span> <span class='ocrx_word' id='word_1_57' title='bbox 1204 809 1372 864; x_wconf 79' lang='lat' dir='ltr'>Germanice.</span> <span class='ocrx_word' id='word_1_58' title='bbox 1408 809 1442 864; x_wconf 93' lang='lat' dir='ltr'>In</span> <span class='ocrx_word' id='word_1_59' title='bbox 1460 826 1546 880; x_wconf 89' lang='lat' dir='ltr'>oppo-</span> 
     </span>
     <span class='ocr_line' id='line_1_7' title="bbox 197 883 1548 954; baseline 0.001 -12"><span class='ocrx_word' id='word_1_60' title='bbox 197 885 288 942; x_wconf 91' lang='lat' dir='ltr'>nendo</span> <span class='ocrx_word' id='word_1_61' title='bbox 306 899 443 953; x_wconf 87' lang='lat' dir='ltr'>uunquam</span> <span class='ocrx_word' id='word_1_62' title='bbox 455 884 607 954; x_wconf 89' lang='lat' dir='ltr'>quicquam,</span> <span class='ocrx_word' id='word_1_63' title='bbox 626 885 699 954; x_wconf 88' lang='lat' dir='ltr'>quod</span> <span class='ocrx_word' id='word_1_64' title='bbox 717 903 771 940; x_wconf 92' lang='lat' dir='ltr'>non</span> <span class='ocrx_word' id='word_1_65' title='bbox 789 885 828 940; x_wconf 90' lang='lat' dir='ltr'>ita</span> <span class='ocrx_word' id='word_1_66' title='bbox 846 894 978 954; x_wconf 88' lang='lat' dir='ltr'>censeret,</span> <span class='ocrx_word' id='word_1_67' title='bbox 998 884 1096 940; x_wconf 81' lang='lat' dir='ltr'>attulit.</span> <span class='ocrx_word' id='word_1_68' title='bbox 1120 885 1151 939; x_wconf 92' lang='lat' dir='ltr'>ln</span> <span class='ocrx_word' id='word_1_69' title='bbox 1170 883 1352 942; x_wconf 79' lang='lat' dir='ltr'>describendis</span> <span class='ocrx_word' id='word_1_70' title='bbox 1364 887 1420 942; x_wconf 92' lang='lat' dir='ltr'>suis</span> <span class='ocrx_word' id='word_1_71' title='bbox 1432 888 1548 944; x_wconf 81' lang='lat' dir='ltr'>inventis</span> 
     </span>
     <span class='ocr_line' id='line_1_8' title="bbox 197 957 1548 1034; baseline 0.001 -15"><span class='ocrx_word' id='word_1_72' title='bbox 197 957 305 1034; x_wconf 84' lang='lat' dir='ltr'>semper</span> <span class='ocrx_word' id='word_1_73' title='bbox 316 964 390 1020; x_wconf 88' lang='lat' dir='ltr'>aliud</span> <span class='ocrx_word' id='word_1_74' title='bbox 401 963 531 1018; x_wconf 83' lang='lat' dir='ltr'>intulit&#39;in</span> <span class='ocrx_word' id='word_1_75' title='bbox 543 963 679 1026; x_wconf 86' lang='lat' dir='ltr'>mondum,</span> <span class='ocrx_word' id='word_1_76' title='bbox 695 981 776 1032; x_wconf 85' lang='lat' dir='ltr'>quens</span> <span class='ocrx_word' id='word_1_77' title='bbox 787 963 840 1018; x_wconf 86' lang='lat' dir='ltr'>iuit</span> <span class='ocrx_word' id='word_1_78' title='bbox 850 965 878 1018; x_wconf 91' lang='lat' dir='ltr'>iu</span> <span class='ocrx_word' id='word_1_79' title='bbox 892 963 1048 1032; x_wconf 87' lang='lat' dir='ltr'>exemplari.</span> <span class='ocrx_word' id='word_1_80' title='bbox 1084 964 1253 1020; x_wconf 88' lang='lat' dir='ltr'>Mathemata</span> <span class='ocrx_word' id='word_1_81' title='bbox 1265 981 1330 1034; x_wconf 89' lang='lat' dir='ltr'>prae</span> <span class='ocrx_word' id='word_1_82' title='bbox 1342 966 1439 1021; x_wconf 90' lang='lat' dir='ltr'>ceteris</span> <span class='ocrx_word' id='word_1_83' title='bbox 1452 965 1548 1021; x_wconf 92' lang='lat' dir='ltr'>studiis</span> 
     </span>
     <span class='ocr_line' id='line_1_9' title="bbox 196 1041 1548 1116; baseline 0.001 -18"><span class='ocrx_word' id='word_1_84' title='bbox 196 1043 304 1098; x_wconf 79' lang='lat' dir='ltr'>amarit.</span> <span class='ocrx_word' id='word_1_85' title='bbox 330 1043 362 1097; x_wconf 93' lang='lat' dir='ltr'>In</span> <span class='ocrx_word' id='word_1_86' title='bbox 373 1041 553 1112; x_wconf 83' lang='lat' dir='ltr'>philosophia</span> <span class='ocrx_word' id='word_1_87' title='bbox 564 1050 668 1104; x_wconf 82' lang='lat' dir='ltr'>textum</span> <span class='ocrx_word' id='word_1_88' title='bbox 680 1041 834 1098; x_wconf 82' lang='lat' dir='ltr'>Aristotelis</span> <span class='ocrx_word' id='word_1_89' title='bbox 850 1043 909 1112; x_wconf 91' lang='lat' dir='ltr'>ipse</span> <span class='ocrx_word' id='word_1_90' title='bbox 922 1042 994 1112; x_wconf 85' lang='lat' dir='ltr'>legit,</span> <span class='ocrx_word' id='word_1_91' title='bbox 1018 1043 1191 1112; x_wconf 83' lang='lat' dir='ltr'>quaestiones</span> <span class='ocrx_word' id='word_1_92' title='bbox 1208 1045 1368 1114; x_wconf 86' lang='lat' dir='ltr'>conscripsit</span> <span class='ocrx_word' id='word_1_93' title='bbox 1384 1045 1411 1099; x_wconf 91' lang='lat' dir='ltr'>in</span> <span class='ocrx_word' id='word_1_94' title='bbox 1424 1043 1548 1116; x_wconf 81' lang='lat' dir='ltr'>Physica,</span> 
     </span>
     <span class='ocr_line' id='line_1_10' title="bbox 196 1120 1549 1193; baseline 0.003 -17"><span class='ocrx_word' id='word_1_95' title='bbox 196 1121 298 1176; x_wconf 87' lang='lat' dir='ltr'>Ethica</span> <span class='ocrx_word' id='word_1_96' title='bbox 310 1121 367 1176; x_wconf 85' lang='lat' dir='ltr'>iere</span> <span class='ocrx_word' id='word_1_97' title='bbox 385 1122 513 1193; x_wconf 78' lang='lat' dir='ltr'>neglexit,</span> <span class='ocrx_word' id='word_1_98' title='bbox 531 1121 578 1186; x_wconf 76' lang='lat' dir='ltr'>sic¹</span> <span class='ocrx_word' id='word_1_99' title='bbox 589 1127 617 1177; x_wconf 90' lang='lat' dir='ltr'>et</span> <span class='ocrx_word' id='word_1_100' title='bbox 634 1120 730 1190; x_wconf 82' lang='lat' dir='ltr'>topicis</span> <span class='ocrx_word' id='word_1_101' title='bbox 749 1120 878 1189; x_wconf 82' lang='lat' dir='ltr'>neglectis</span> <span class='ocrx_word' id='word_1_102' title='bbox 897 1120 1031 1190; x_wconf 75' lang='lat' dir='ltr'>analytice</span> <span class='ocrx_word' id='word_1_103' title='bbox 1047 1123 1199 1192; x_wconf 89' lang='lat' dir='ltr'>posteriora</span> <span class='ocrx_word' id='word_1_104' title='bbox 1216 1125 1320 1180; x_wconf 87' lang='lat' dir='ltr'>sumsit.</span> <span class='ocrx_word' id='word_1_105' title='bbox 1347 1124 1400 1180; x_wconf 86' lang='lat' dir='ltr'>Sed</span> <span class='ocrx_word' id='word_1_106' title='bbox 1418 1124 1549 1180; x_wconf 87' lang='lat' dir='ltr'>Planerus</span> 
     </span>
     <span class='ocr_line' id='line_1_11' title="bbox 196 1198 1559 1272; baseline 0.002 -18"><span class='ocrx_word' id='word_1_107' title='bbox 196 1203 331 1268; x_wconf 76' lang='lat' dir='ltr'>(professor</span> <span class='ocrx_word' id='word_1_108' title='bbox 347 1203 522 1270; x_wconf 88' lang='lat' dir='ltr'>philosophias</span> <span class='ocrx_word' id='word_1_109' title='bbox 541 1209 566 1254; x_wconf 92' lang='lat' dir='ltr'>et</span> <span class='ocrx_word' id='word_1_110' title='bbox 583 1203 722 1253; x_wconf 86' lang='lat' dir='ltr'>medicinae</span> <span class='ocrx_word' id='word_1_111' title='bbox 741 1201 916 1268; x_wconf 80' lang='lat' dir='ltr'>Tubingensis)</span> <span class='ocrx_word' id='word_1_112' title='bbox 934 1199 973 1259; x_wconf 91' lang='lat' dir='ltr'>illi</span> <span class='ocrx_word' id='word_1_113' title='bbox 990 1201 1035 1256; x_wconf 92' lang='lat' dir='ltr'>hic</span> <span class='ocrx_word' id='word_1_114' title='bbox 1053 1201 1165 1271; x_wconf 79' lang='lat' dir='ltr'>placuit</span> <span class='ocrx_word' id='word_1_115' title='bbox 1201 1201 1234 1256; x_wconf 89' lang='lat' dir='ltr'>Iu</span> <span class='ocrx_word' id='word_1_116' title='bbox 1252 1198 1367 1272; x_wconf 76' lang='lat' dir='ltr'>physice</span> <span class='ocrx_word' id='word_1_117' title='bbox 1384 1201 1559 1270; x_wconf 83' lang='lat' dir='ltr'>Scaligerum.</span> 
     </span>
     <span class='ocr_line' id='line_1_12' title="bbox 197 1277 1551 1351; baseline 0.001 -17"><span class='ocrx_word' id='word_1_118' title='bbox 197 1281 330 1350; x_wconf 85' lang='lat' dir='ltr'>suspexit</span> <span class='ocrx_word' id='word_1_119' title='bbox 365 1281 397 1334; x_wconf 94' lang='lat' dir='ltr'>In</span> <span class='ocrx_word' id='word_1_120' title='bbox 415 1279 484 1336; x_wconf 90' lang='lat' dir='ltr'>libro</span> <span class='ocrx_word' id='word_1_121' title='bbox 507 1285 604 1348; x_wconf 87' lang='lat' dir='ltr'>quarto</span> <span class='ocrx_word' id='word_1_122' title='bbox 622 1277 805 1334; x_wconf 82' lang='lat' dir='ltr'>Metcororunr</span> <span class='ocrx_word' id='word_1_123' title='bbox 831 1279 949 1334; x_wconf 86' lang='lat' dir='ltr'>inhaesit</span> <span class='ocrx_word' id='word_1_124' title='bbox 973 1281 1119 1351; x_wconf 87' lang='lat' dir='ltr'>praecipue</span> <span class='ocrx_word' id='word_1_125' title='bbox 1144 1281 1316 1350; x_wconf 88' lang='lat' dir='ltr'>disputando.</span> <span class='ocrx_word' id='word_1_126' title='bbox 1352 1282 1384 1336; x_wconf 93' lang='lat' dir='ltr'>In</span> <span class='ocrx_word' id='word_1_127' title='bbox 1401 1281 1551 1350; x_wconf 84' lang='lat' dir='ltr'>Theologia</span> 
     </span>
     <span class='ocr_line' id='line_1_13' title="bbox 197 1356 1550 1428; baseline 0.001 -14"><span class='ocrx_word' id='word_1_128' title='bbox 197 1361 292 1414; x_wconf 86' lang='lat' dir='ltr'>statim</span> <span class='ocrx_word' id='word_1_129' title='bbox 309 1358 385 1414; x_wconf 90' lang='lat' dir='ltr'>initio</span> <span class='ocrx_word' id='word_1_130' title='bbox 404 1357 438 1413; x_wconf 90' lang='lat' dir='ltr'>de</span> <span class='ocrx_word' id='word_1_131' title='bbox 454 1356 701 1428; x_wconf 84' lang='lat' dir='ltr'>praedestinatione</span> <span class='ocrx_word' id='word_1_132' title='bbox 718 1357 821 1428; x_wconf 90' lang='lat' dir='ltr'>incepit</span> <span class='ocrx_word' id='word_1_133' title='bbox 838 1364 866 1412; x_wconf 90' lang='lat' dir='ltr'>et</span> <span class='ocrx_word' id='word_1_134' title='bbox 884 1357 911 1412; x_wconf 89' lang='lat' dir='ltr'>in</span> <span class='ocrx_word' id='word_1_135' title='bbox 929 1359 1043 1414; x_wconf 66' lang='lat' dir='ltr'>liutheri</span> <span class='ocrx_word' id='word_1_136' title='bbox 1061 1360 1221 1416; x_wconf 88' lang='lat' dir='ltr'>sententiam</span> <span class='ocrx_word' id='word_1_137' title='bbox 1240 1359 1364 1417; x_wconf 87' lang='lat' dir='ltr'>deservo</span> <span class='ocrx_word' id='word_1_138' title='bbox 1382 1361 1493 1418; x_wconf 89' lang='lat' dir='ltr'>arbitrio</span> <span class='ocrx_word' id='word_1_139' title='bbox 1511 1360 1550 1415; x_wconf 94' lang='lat' dir='ltr'>in·</span> 
     </span>
     <span class='ocr_line' id='line_1_14' title="bbox 197 1434 1551 1508; baseline 0.001 -16"><span class='ocrx_word' id='word_1_140' title='bbox 197 1436 272 1494; x_wconf 88' lang='lat' dir='ltr'>cidit.</span> <span class='ocrx_word' id='word_1_141' title='bbox 308 1439 346 1493; x_wconf 83' lang='lat' dir='ltr'>Et</span> <span class='ocrx_word' id='word_1_142' title='bbox 363 1438 474 1506; x_wconf 79' lang='lat' dir='ltr'>mhtsm,</span> <span class='ocrx_word' id='word_1_143' title='bbox 502 1451 633 1492; x_wconf 87' lang='lat' dir='ltr'>annorum</span> <span class='ocrx_word' id='word_1_144' title='bbox 656 1434 784 1492; x_wconf 86' lang='lat' dir='ltr'>tredecim</span> <span class='ocrx_word' id='word_1_145' title='bbox 811 1435 919 1505; x_wconf 87' lang='lat' dir='ltr'>scripsit</span> <span class='ocrx_word' id='word_1_146' title='bbox 937 1435 1102 1508; x_wconf 86' lang='lat' dir='ltr'>Tuhingam,</span> <span class='ocrx_word' id='word_1_147' title='bbox 1128 1445 1159 1493; x_wconf 90' lang='lat' dir='ltr'>ut</span> <span class='ocrx_word' id='word_1_148' title='bbox 1176 1438 1329 1494; x_wconf 84' lang='lat' dir='ltr'>mitteretur</span> <span class='ocrx_word' id='word_1_149' title='bbox 1346 1437 1386 1494; x_wconf 92' lang='lat' dir='ltr'>illi</span> <span class='ocrx_word' id='word_1_150' title='bbox 1404 1437 1551 1508; x_wconf 88' lang='lat' dir='ltr'>disputatio</span> 
     </span>
     <span class='ocr_line' id='line_1_15' title="bbox 197 1512 1550 1588; baseline 0.002 -17"><span class='ocrx_word' id='word_1_151' title='bbox 197 1516 232 1571; x_wconf 92' lang='lat' dir='ltr'>de</span> <span class='ocrx_word' id='word_1_152' title='bbox 250 1516 514 1586; x_wconf 87' lang='lat' dir='ltr'>praedestinatione,</span> <span class='ocrx_word' id='word_1_153' title='bbox 534 1515 605 1568; x_wconf 91' lang='lat' dir='ltr'>unde</span> <span class='ocrx_word' id='word_1_154' title='bbox 623 1514 650 1568; x_wconf 95' lang='lat' dir='ltr'>in</span> <span class='ocrx_word' id='word_1_155' title='bbox 669 1512 854 1584; x_wconf 87' lang='lat' dir='ltr'>disputatione</span> <span class='ocrx_word' id='word_1_156' title='bbox 872 1515 979 1586; x_wconf 90' lang='lat' dir='ltr'>quidam</span> <span class='ocrx_word' id='word_1_157' title='bbox 998 1532 1060 1572; x_wconf 90' lang='lat' dir='ltr'>eum</span> <span class='ocrx_word' id='word_1_158' title='bbox 1076 1516 1116 1570; x_wconf 88' lang='lat' dir='ltr'>ita</span> <span class='ocrx_word' id='word_1_159' title='bbox 1131 1515 1252 1572; x_wconf 79' lang='lat' dir='ltr'>vexavit:</span> <span class='ocrx_word' id='word_1_160' title='bbox 1279 1517 1398 1582; x_wconf 68' lang='lat' dir='ltr'>Sordent,</span> <span class='ocrx_word' id='word_1_161' title='bbox 1428 1519 1477 1588; x_wconf 74' lang='lat' dir='ltr'>hail</span> <span class='ocrx_word' id='word_1_162' title='bbox 1494 1519 1550 1588; x_wconf 75' lang='lat' dir='ltr'>autb</span> 
     </span>
     <span class='ocr_line' id='line_1_16' title="bbox 197 1593 1552 1664; baseline 0.001 -12"><span class='ocrx_word' id='word_1_163' title='bbox 197 1597 363 1652; x_wconf 83' lang='lat' dir='ltr'>tentationes</span> <span class='ocrx_word' id='word_1_164' title='bbox 382 1597 416 1651; x_wconf 93' lang='lat' dir='ltr'>de</span> <span class='ocrx_word' id='word_1_165' title='bbox 435 1593 701 1664; x_wconf 73' lang='lat' dir='ltr'>praedestinatione?</span> <span class='ocrx_word' id='word_1_166' title='bbox 737 1595 836 1650; x_wconf 87' lang='lat' dir='ltr'>Postea</span> <span class='ocrx_word' id='word_1_167' title='bbox 857 1595 971 1652; x_wconf 90' lang='lat' dir='ltr'>Lutheri</span> <span class='ocrx_word' id='word_1_168' title='bbox 995 1597 1156 1652; x_wconf 91' lang='lat' dir='ltr'>sententiam</span> <span class='ocrx_word' id='word_1_169' title='bbox 1180 1595 1239 1664; x_wconf 89' lang='lat' dir='ltr'>ejus</span> <span class='ocrx_word' id='word_1_170' title='bbox 1257 1594 1342 1651; x_wconf 89' lang='lat' dir='ltr'>libelli</span> <span class='ocrx_word' id='word_1_171' title='bbox 1361 1597 1469 1652; x_wconf 88' lang='lat' dir='ltr'>missam</span> <span class='ocrx_word' id='word_1_172' title='bbox 1487 1596 1552 1654; x_wconf 84' lang='lat' dir='ltr'>iecit</span> 
     </span>
     <span class='ocr_line' id='line_1_17' title="bbox 199 1673 1552 1744; baseline -0.001 -12"><span class='ocrx_word' id='word_1_173' title='bbox 199 1683 228 1732; x_wconf 88' lang='lat' dir='ltr'>et</span> <span class='ocrx_word' id='word_1_174' title='bbox 246 1691 276 1731; x_wconf 91' lang='lat' dir='ltr'>se</span> <span class='ocrx_word' id='word_1_175' title='bbox 294 1676 330 1731; x_wconf 88' lang='lat' dir='ltr'>ad</span> <span class='ocrx_word' id='word_1_176' title='bbox 347 1677 492 1732; x_wconf 90' lang='lat' dir='ltr'>sanitatem</span> <span class='ocrx_word' id='word_1_177' title='bbox 511 1690 571 1730; x_wconf 88' lang='lat' dir='ltr'>cum</span> <span class='ocrx_word' id='word_1_178' title='bbox 589 1673 700 1729; x_wconf 88' lang='lat' dir='ltr'>Hunnio</span> <span class='ocrx_word' id='word_1_179' title='bbox 728 1677 889 1744; x_wconf 90' lang='lat' dir='ltr'>composuit.</span> <span class='ocrx_word' id='word_1_180' title='bbox 925 1675 1026 1732; x_wconf 88' lang='lat' dir='ltr'>Verum</span> <span class='ocrx_word' id='word_1_181' title='bbox 1054 1675 1144 1732; x_wconf 88' lang='lat' dir='ltr'>statim</span> <span class='ocrx_word' id='word_1_182' title='bbox 1172 1675 1369 1730; x_wconf 84' lang='lat' dir='ltr'>controversias</span> <span class='ocrx_word' id='word_1_183' title='bbox 1396 1675 1464 1732; x_wconf 87' lang='lat' dir='ltr'>elias</span> <span class='ocrx_word' id='word_1_184' title='bbox 1491 1675 1552 1730; x_wconf 86' lang='lat' dir='ltr'>Cal·</span> 
     </span>
    </p>
   </div>
   <div class='ocr_carea' id='block_1_5' title="bbox 89 1751 1548 1826">
    <p class='ocr_par' dir='ltr' id='par_1_5' title="bbox 89 1751 1548 1826">
     <span class='ocr_line' id='line_1_18' title="bbox 89 1751 1548 1826; baseline -0.003 -14"><span class='ocrx_word' id='word_1_185' title='bbox 89 1779 94 1792; x_wconf 88' lang='lat'><strong>·</strong></span> <span class='ocrx_word' id='word_1_186' title='bbox 196 1753 335 1812; x_wconf 82' lang='lat' dir='ltr'>viuisticas</span> <span class='ocrx_word' id='word_1_187' title='bbox 352 1769 511 1826; x_wconf 87' lang='lat' dir='ltr'>aggressus,</span> <span class='ocrx_word' id='word_1_188' title='bbox 537 1769 567 1810; x_wconf 89' lang='lat' dir='ltr'>se</span> <span class='ocrx_word' id='word_1_189' title='bbox 584 1752 703 1809; x_wconf 89' lang='lat' dir='ltr'>medium</span> <span class='ocrx_word' id='word_1_190' title='bbox 730 1753 906 1824; x_wconf 86' lang='lat' dir='ltr'>interposuit,</span> <span class='ocrx_word' id='word_1_191' title='bbox 933 1754 981 1810; x_wconf 86' lang='lat' dir='ltr'>tali</span> <span class='ocrx_word' id='word_1_192' title='bbox 999 1755 1079 1810; x_wconf 93' lang='lat' dir='ltr'>modo</span> <span class='ocrx_word' id='word_1_193' title='bbox 1106 1767 1224 1824; x_wconf 90' lang='lat' dir='ltr'>persona</span> <span class='ocrx_word' id='word_1_194' title='bbox 1241 1752 1293 1807; x_wconf 90' lang='lat' dir='ltr'>Dei</span> <span class='ocrx_word' id='word_1_195' title='bbox 1311 1751 1441 1823; x_wconf 82' lang='lat' dir='ltr'>conficta,</span> <span class='ocrx_word' id='word_1_196' title='bbox 1468 1768 1548 1825; x_wconf 89' lang='lat' dir='ltr'>quem</span> 
     </span>
    </p>
   </div>
   <div class='ocr_carea' id='block_1_6' title="bbox 192 1829 1598 3330">
    <p class='ocr_par' dir='ltr' id='par_1_6' title="bbox 192 1829 1553 2380">
     <span class='ocr_line' id='line_1_19' title="bbox 196 1829 1550 1905; baseline -0.001 -17"><span class='ocrx_word' id='word_1_197' title='bbox 196 1835 354 1902; x_wconf 87' lang='lat' dir='ltr'>ignoramus</span> <span class='ocrx_word' id='word_1_198' title='bbox 372 1833 461 1905; x_wconf 88' lang='lat' dir='ltr'>qualis</span> <span class='ocrx_word' id='word_1_199' title='bbox 480 1833 523 1888; x_wconf 84' lang='lat' dir='ltr'>sit</span> <span class='ocrx_word' id='word_1_200' title='bbox 560 1831 604 1887; x_wconf 88' lang='lat' dir='ltr'>Sic</span> <span class='ocrx_word' id='word_1_201' title='bbox 622 1832 650 1888; x_wconf 94' lang='lat' dir='ltr'>in</span> <span class='ocrx_word' id='word_1_202' title='bbox 667 1833 750 1888; x_wconf 81' lang='lat' dir='ltr'>verba</span> <span class='ocrx_word' id='word_1_203' title='bbox 770 1849 902 1889; x_wconf 81' lang='lat' dir='ltr'>‹coenae›</span> <span class='ocrx_word' id='word_1_204' title='bbox 921 1833 1112 1890; x_wconf 87' lang='lat' dir='ltr'>Hebraismum</span> <span class='ocrx_word' id='word_1_205' title='bbox 1130 1829 1291 1886; x_wconf 90' lang='lat' dir='ltr'>inducendo.</span> <span class='ocrx_word' id='word_1_206' title='bbox 1320 1830 1386 1886; x_wconf 84' lang='lat' dir='ltr'>Cum</span> <span class='ocrx_word' id='word_1_207' title='bbox 1405 1830 1550 1900; x_wconf 88' lang='lat' dir='ltr'>aliquando</span> 
     </span>
     <span class='ocr_line' id='line_1_20' title="bbox 197 1906 1551 1987; baseline -0.001 -19"><span class='ocrx_word' id='word_1_208' title='bbox 197 1914 350 1987; x_wconf 84' lang='lat' dir='ltr'>contendit,</span> <span class='ocrx_word' id='word_1_209' title='bbox 377 1912 596 1968; x_wconf 74' lang='lat' dir='ltr'>antechristum</span> <span class='ocrx_word' id='word_1_210' title='bbox 623 1922 650 1970; x_wconf 87' lang='lat' dir='ltr'>et</span> <span class='ocrx_word' id='word_1_211' title='bbox 669 1914 703 1969; x_wconf 88' lang='lat' dir='ltr'>ab</span> <span class='ocrx_word' id='word_1_212' title='bbox 727 1912 921 1982; x_wconf 84' lang='lat' dir='ltr'>antiquissimis</span> <span class='ocrx_word' id='word_1_213' title='bbox 948 1911 1100 1982; x_wconf 77' lang='lat' dir='ltr'>ignoratam</span> <span class='ocrx_word' id='word_1_214' title='bbox 1126 1909 1212 1966; x_wconf 86' lang='lat' dir='ltr'>fuisse</span> <span class='ocrx_word' id='word_1_215' title='bbox 1237 1906 1477 1982; x_wconf 80' lang='lat' dir='ltr'>resurrectionem,</span> <span class='ocrx_word' id='word_1_216' title='bbox 1503 1909 1551 1966; x_wconf 93' lang='lat' dir='ltr'>illo</span> 
     </span>
     <span class='ocr_line' id='line_1_21' title="bbox 197 1987 1550 2062; baseline -0.002 -15"><span class='ocrx_word' id='word_1_217' title='bbox 197 1991 337 2050; x_wconf 90' lang='lat' dir='ltr'>duxeruut</span> <span class='ocrx_word' id='word_1_218' title='bbox 353 1993 429 2049; x_wconf 91' lang='lat' dir='ltr'>illum</span> <span class='ocrx_word' id='word_1_219' title='bbox 447 1992 594 2049; x_wconf 85' lang='lat' dir='ltr'>certamina</span> <span class='ocrx_word' id='word_1_220' title='bbox 611 1991 740 2062; x_wconf 89' lang='lat' dir='ltr'>partium,</span> <span class='ocrx_word' id='word_1_221' title='bbox 767 1991 821 2046; x_wconf 90' lang='lat' dir='ltr'>buc</span> <span class='ocrx_word' id='word_1_222' title='bbox 839 1989 890 2046; x_wconf 92' lang='lat' dir='ltr'>loci</span> <span class='ocrx_word' id='word_1_223' title='bbox 909 1989 1018 2047; x_wconf 85' lang='lat' dir='ltr'>obscuri</span> <span class='ocrx_word' id='word_1_224' title='bbox 1037 2005 1175 2045; x_wconf 88' lang='lat' dir='ltr'>sacrarum</span> <span class='ocrx_word' id='word_1_225' title='bbox 1192 1987 1339 2044; x_wconf 85' lang='lat' dir='ltr'>literarum.</span> <span class='ocrx_word' id='word_1_226' title='bbox 1375 1988 1467 2044; x_wconf 88' lang='lat' dir='ltr'>Etiam</span> <span class='ocrx_word' id='word_1_227' title='bbox 1485 2004 1550 2059; x_wconf 91' lang='lat' dir='ltr'>gen·</span> 
     </span>
     <span class='ocr_line' id='line_1_22' title="bbox 196 2067 1551 2140; baseline -0.002 -15"><span class='ocrx_word' id='word_1_228' title='bbox 196 2070 272 2126; x_wconf 88' lang='lat' dir='ltr'>tibus</span> <span class='ocrx_word' id='word_1_229' title='bbox 291 2087 345 2126; x_wconf 91' lang='lat' dir='ltr'>non</span> <span class='ocrx_word' id='word_1_230' title='bbox 363 2071 544 2127; x_wconf 89' lang='lat' dir='ltr'>omnimodam</span> <span class='ocrx_word' id='word_1_231' title='bbox 563 2069 763 2126; x_wconf 91' lang='lat' dir='ltr'>damnationem</span> <span class='ocrx_word' id='word_1_232' title='bbox 780 2069 947 2140; x_wconf 86' lang='lat' dir='ltr'>propositam</span> <span class='ocrx_word' id='word_1_233' title='bbox 965 2067 1141 2136; x_wconf 83' lang='lat' dir='ltr'>existimavit,</span> <span class='ocrx_word' id='word_1_234' title='bbox 1163 2075 1252 2124; x_wconf 89' lang='lat' dir='ltr'>motus</span> <span class='ocrx_word' id='word_1_235' title='bbox 1271 2068 1455 2137; x_wconf 88' lang='lat' dir='ltr'>speculatione</span> <span class='ocrx_word' id='word_1_236' title='bbox 1473 2069 1551 2124; x_wconf 89' lang='lat' dir='ltr'>mise·</span> 
     </span>
     <span class='ocr_line' id='line_1_23' title="bbox 198 2145 1553 2218; baseline -0.001 -14"><span class='ocrx_word' id='word_1_237' title='bbox 198 2149 334 2206; x_wconf 87' lang='lat' dir='ltr'>ricordiae</span> <span class='ocrx_word' id='word_1_238' title='bbox 352 2150 467 2208; x_wconf 79' lang='lat' dir='ltr'>divinae.</span> <span class='ocrx_word' id='word_1_239' title='bbox 503 2150 535 2206; x_wconf 94' lang='lat' dir='ltr'>ln</span> <span class='ocrx_word' id='word_1_240' title='bbox 553 2148 669 2204; x_wconf 90' lang='lat' dir='ltr'>mathesi</span> <span class='ocrx_word' id='word_1_241' title='bbox 687 2146 773 2202; x_wconf 86' lang='lat' dir='ltr'>multa</span> <span class='ocrx_word' id='word_1_242' title='bbox 788 2148 902 2203; x_wconf 91' lang='lat' dir='ltr'>rimatus</span> <span class='ocrx_word' id='word_1_243' title='bbox 920 2151 974 2215; x_wconf 91' lang='lat' dir='ltr'>est,</span> <span class='ocrx_word' id='word_1_244' title='bbox 1000 2146 1078 2214; x_wconf 90' lang='lat' dir='ltr'>quasi</span> <span class='ocrx_word' id='word_1_245' title='bbox 1101 2162 1155 2200; x_wconf 92' lang='lat' dir='ltr'>non</span> <span class='ocrx_word' id='word_1_246' title='bbox 1178 2146 1233 2202; x_wconf 89' lang='lat' dir='ltr'>sint</span> <span class='ocrx_word' id='word_1_247' title='bbox 1254 2145 1374 2216; x_wconf 79' lang='lat' dir='ltr'>iuventa,</span> <span class='ocrx_word' id='word_1_248' title='bbox 1397 2162 1467 2217; x_wconf 89' lang='lat' dir='ltr'>quae</span> <span class='ocrx_word' id='word_1_249' title='bbox 1489 2155 1553 2218; x_wconf 87' lang='lat' dir='ltr'>post</span> 
     </span>
     <span class='ocr_line' id='line_1_24' title="bbox 192 2223 1550 2300; baseline -0.003 -14"><span class='ocrx_word' id='word_1_250' title='bbox 192 2229 250 2300; x_wconf 82' lang='lat' dir='ltr'>J&#39;am</span> <span class='ocrx_word' id='word_1_251' title='bbox 270 2237 333 2286; x_wconf 91' lang='lat' dir='ltr'>ante</span> <span class='ocrx_word' id='word_1_252' title='bbox 350 2229 459 2286; x_wconf 77' lang='lat' dir='ltr'>insama</span> <span class='ocrx_word' id='word_1_253' title='bbox 479 2228 554 2284; x_wconf 80' lang='lat' dir='ltr'>vidit.</span> <span class='ocrx_word' id='word_1_254' title='bbox 589 2225 767 2296; x_wconf 88' lang='lat' dir='ltr'>Horologium</span> <span class='ocrx_word' id='word_1_255' title='bbox 790 2223 908 2281; x_wconf 86' lang='lat' dir='ltr'>coeleste</span> <span class='ocrx_word' id='word_1_256' title='bbox 932 2223 1077 2294; x_wconf 86' lang='lat' dir='ltr'>confinxit,</span> <span class='ocrx_word' id='word_1_257' title='bbox 1099 2239 1198 2279; x_wconf 81' lang='lat' dir='ltr'>novam</span> <span class='ocrx_word' id='word_1_258' title='bbox 1215 2224 1363 2294; x_wconf 85' lang='lat' dir='ltr'>theoriam,</span> <span class='ocrx_word' id='word_1_259' title='bbox 1382 2233 1410 2280; x_wconf 89' lang='lat' dir='ltr'>et</span> <span class='ocrx_word' id='word_1_260' title='bbox 1427 2225 1550 2297; x_wconf 91' lang='lat' dir='ltr'>inprimis</span> 
     </span>
     <span class='ocr_line' id='line_1_25' title="bbox 197 2305 723 2380; baseline -0.013 -14"><span class='ocrx_word' id='word_1_261' title='bbox 197 2311 320 2380; x_wconf 88' lang='lat' dir='ltr'>quiuque</span> <span class='ocrx_word' id='word_1_262' title='bbox 337 2325 465 2380; x_wconf 88' lang='lat' dir='ltr'>corpora,</span> <span class='ocrx_word' id='word_1_263' title='bbox 484 2305 606 2364; x_wconf 88' lang='lat' dir='ltr'>difficilia</span> <span class='ocrx_word' id='word_1_264' title='bbox 625 2305 723 2362; x_wconf 90' lang='lat' dir='ltr'>omnia.</span> 
     </span>
    </p>

    <p class='ocr_par' dir='ltr' id='par_1_7' title="bbox 197 2379 1548 2614">
     <span class='ocr_line' id='line_1_26' title="bbox 285 2379 1547 2452; baseline -0.003 -8"><span class='ocrx_word' id='word_1_265' title='bbox 285 2390 318 2443; x_wconf 91' lang='lat' dir='ltr'>In</span> <span class='ocrx_word' id='word_1_266' title='bbox 340 2387 460 2444; x_wconf 88' lang='lat' dir='ltr'>historiis</span> <span class='ocrx_word' id='word_1_267' title='bbox 484 2382 668 2441; x_wconf 89' lang='lat' dir='ltr'>hebdomadas</span> <span class='ocrx_word' id='word_1_268' title='bbox 686 2380 809 2438; x_wconf 87' lang='lat' dir='ltr'>Danielis</span> <span class='ocrx_word' id='word_1_269' title='bbox 833 2379 912 2436; x_wconf 86' lang='lat' dir='ltr'>aliter</span> <span class='ocrx_word' id='word_1_270' title='bbox 937 2379 1090 2450; x_wconf 82' lang='lat' dir='ltr'>explicarit</span> <span class='ocrx_word' id='word_1_271' title='bbox 1130 2381 1235 2438; x_wconf 85' lang='lat' dir='ltr'>Novem</span> <span class='ocrx_word' id='word_1_272' title='bbox 1257 2381 1421 2452; x_wconf 78' lang='lat' dir='ltr'>Assyriacae‘</span> <span class='ocrx_word' id='word_1_273' title='bbox 1441 2401 1547 2442; x_wconf 89' lang='lat' dir='ltr'>monar-</span> 
     </span>
     <span class='ocr_line' id='line_1_27' title="bbox 197 2459 1548 2539; baseline -0.001 -16"><span class='ocrx_word' id='word_1_274' title='bbox 197 2467 278 2524; x_wconf 86' lang='lat' dir='ltr'>chiae</span> <span class='ocrx_word' id='word_1_275' title='bbox 295 2465 436 2522; x_wconf 91' lang='lat' dir='ltr'>historiam</span> <span class='ocrx_word' id='word_1_276' title='bbox 455 2463 571 2534; x_wconf 90' lang='lat' dir='ltr'>scripsit,</span> <span class='ocrx_word' id='word_1_277' title='bbox 591 2461 779 2539; x_wconf 77' lang='lat' dir='ltr'>Calendariuus</span> <span class='ocrx_word' id='word_1_278' title='bbox 797 2459 948 2536; x_wconf 83' lang='lat' dir='ltr'>Romanum</span> <span class='ocrx_word' id='word_1_279' title='bbox 966 2459 1147 2532; x_wconf 82' lang='lat' dir='ltr'>investigavit.</span> <span class='ocrx_word' id='word_1_280' title='bbox 1182 2463 1215 2516; x_wconf 91' lang='lat' dir='ltr'>In</span> <span class='ocrx_word' id='word_1_281' title='bbox 1238 2462 1309 2517; x_wconf 92' lang='lat' dir='ltr'>omni</span> <span class='ocrx_word' id='word_1_282' title='bbox 1327 2479 1427 2534; x_wconf 88' lang='lat' dir='ltr'>genere</span> <span class='ocrx_word' id='word_1_283' title='bbox 1444 2465 1548 2534; x_wconf 83' lang='lat' dir='ltr'>profes·</span> 
     </span>
     <span class='ocr_line' id='line_1_28' title="bbox 198 2538 962 2614; baseline -0.012 -14"><span class='ocrx_word' id='word_1_284' title='bbox 198 2544 307 2600; x_wconf 89' lang='lat' dir='ltr'>sionum</span> <span class='ocrx_word' id='word_1_285' title='bbox 326 2545 490 2614; x_wconf 87' lang='lat' dir='ltr'>disputando</span> <span class='ocrx_word' id='word_1_286' title='bbox 507 2543 637 2613; x_wconf 88' lang='lat' dir='ltr'>inhaesit,</span> <span class='ocrx_word' id='word_1_287' title='bbox 655 2539 789 2596; x_wconf 88' lang='lat' dir='ltr'>lectiones</span> <span class='ocrx_word' id='word_1_288' title='bbox 808 2538 962 2592; x_wconf 86' lang='lat' dir='ltr'>extrahens.</span> 
     </span>
    </p>

    <p class='ocr_par' dir='ltr' id='par_1_8' title="bbox 199 2615 1555 2773">
     <span class='ocr_line' id='line_1_29' title="bbox 288 2615 1555 2694; baseline 0 -14"><span class='ocrx_word' id='word_1_289' title='bbox 288 2623 333 2682; x_wconf 84' lang='lat' dir='ltr'>Sic</span> <span class='ocrx_word' id='word_1_290' title='bbox 351 2626 432 2682; x_wconf 88' lang='lat' dir='ltr'>etiam</span> <span class='ocrx_word' id='word_1_291' title='bbox 450 2625 559 2681; x_wconf 86' lang='lat' dir='ltr'>chartas</span> <span class='ocrx_word' id='word_1_292' title='bbox 585 2623 698 2692; x_wconf 79' lang='lat' dir='ltr'>exiguas</span> <span class='ocrx_word' id='word_1_293' title='bbox 723 2633 788 2674; x_wconf 89' lang='lat' dir='ltr'>ase</span> <span class='ocrx_word' id='word_1_294' title='bbox 806 2616 922 2686; x_wconf 88' lang='lat' dir='ltr'>scriptas</span> <span class='ocrx_word' id='word_1_295' title='bbox 940 2618 1103 2690; x_wconf 86' lang='lat' dir='ltr'>asservavit,</span> <span class='ocrx_word' id='word_1_296' title='bbox 1130 2618 1214 2678; x_wconf 90' lang='lat' dir='ltr'>libros</span> <span class='ocrx_word' id='word_1_297' title='bbox 1233 2615 1411 2692; x_wconf 87' lang='lat' dir='ltr'>quoscunque</span> <span class='ocrx_word' id='word_1_298' title='bbox 1436 2619 1555 2694; x_wconf 88' lang='lat' dir='ltr'>oblatos,</span> 
     </span>
     <span class='ocr_line' id='line_1_30' title="bbox 199 2697 1283 2773; baseline -0.013 -15"><span class='ocrx_word' id='word_1_299' title='bbox 199 2707 334 2773; x_wconf 86' lang='lat' dir='ltr'>tanquam</span> <span class='ocrx_word' id='word_1_300' title='bbox 351 2704 433 2760; x_wconf 91' lang='lat' dir='ltr'>utiles</span> <span class='ocrx_word' id='word_1_301' title='bbox 451 2703 515 2760; x_wconf 90' lang='lat' dir='ltr'>olim</span> <span class='ocrx_word' id='word_1_302' title='bbox 534 2704 653 2770; x_wconf 82' lang='lat' dir='ltr'>futuros,</span> <span class='ocrx_word' id='word_1_303' title='bbox 672 2699 808 2754; x_wconf 90' lang='lat' dir='ltr'>mordicus</span> <span class='ocrx_word' id='word_1_304' title='bbox 826 2697 947 2752; x_wconf 88' lang='lat' dir='ltr'>retinuit.</span> <span class='ocrx_word' id='word_1_305' title='bbox 1171 2705 1175 2712; x_wconf 76' lang='grc'>’</span> <span class='ocrx_word' id='word_1_306' title='bbox 1279 2737 1283 2744; x_wconf 93' lang='grc'>.</span> 
     </span>
    </p>

    <p class='ocr_par' dir='ltr' id='par_1_9' title="bbox 197 2775 1598 3174">
     <span class='ocr_line' id='line_1_31' title="bbox 287 2775 1550 2866; baseline -0.002 -29"><span class='ocrx_word' id='word_1_307' title='bbox 287 2783 408 2854; x_wconf 80' lang='lat' dir='ltr'>Tempus</span> <span class='ocrx_word' id='word_1_308' title='bbox 425 2781 563 2838; x_wconf 89' lang='lat' dir='ltr'>minimum</span> <span class='ocrx_word' id='word_1_309' title='bbox 587 2777 671 2834; x_wconf 87' lang='lat' dir='ltr'>dilabi</span> <span class='ocrx_word' id='word_1_310' title='bbox 688 2791 769 2847; x_wconf 88' lang='lat' dir='ltr'>aegre</span> <span class='ocrx_word' id='word_1_311' title='bbox 786 2775 862 2845; x_wconf 90' lang='lat' dir='ltr'>tulit,</span> <span class='ocrx_word' id='word_1_312' title='bbox 886 2775 1018 2832; x_wconf 86' lang='lat' dir='ltr'>abstinuit</span> <span class='ocrx_word' id='word_1_313' title='bbox 1039 2775 1179 2866; x_wconf 69' lang='lat' dir='ltr'>hominurn</span> <span class='ocrx_word' id='word_1_314' title='bbox 1203 2779 1340 2836; x_wconf 91' lang='lat' dir='ltr'>consortio</span> <span class='ocrx_word' id='word_1_315' title='bbox 1364 2786 1459 2840; x_wconf 82' lang='lat' dir='ltr'>contm</span> <span class='ocrx_word' id='word_1_316' title='bbox 1476 2781 1550 2850; x_wconf 91' lang='lat' dir='ltr'>cupi·</span> 
     </span>
     <span class='ocr_line' id='line_1_32' title="bbox 199 2855 1551 2930; baseline -0.001 -12"><span class='ocrx_word' id='word_1_317' title='bbox 199 2861 302 2918; x_wconf 83' lang='lat' dir='ltr'>ditatas</span> <span class='ocrx_word' id='word_1_318' title='bbox 320 2878 392 2918; x_wconf 90' lang='lat' dir='ltr'>suas.</span> <span class='ocrx_word' id='word_1_319' title='bbox 428 2861 523 2920; x_wconf 88' lang='lat' dir='ltr'>Tenax</span> <span class='ocrx_word' id='word_1_320' title='bbox 541 2861 569 2915; x_wconf 93' lang='lat' dir='ltr'>in</span> <span class='ocrx_word' id='word_1_321' title='bbox 586 2875 616 2915; x_wconf 89' lang='lat' dir='ltr'>re</span> <span class='ocrx_word' id='word_1_322' title='bbox 634 2857 792 2930; x_wconf 89' lang='lat' dir='ltr'>pecuniaria</span> <span class='ocrx_word' id='word_1_323' title='bbox 810 2855 934 2926; x_wconf 92' lang='lat' dir='ltr'>nimium,</span> <span class='ocrx_word' id='word_1_324' title='bbox 953 2855 981 2910; x_wconf 92' lang='lat' dir='ltr'>in</span> <span class='ocrx_word' id='word_1_325' title='bbox 1000 2857 1158 2911; x_wconf 89' lang='lat' dir='ltr'>oeconomia</span> <span class='ocrx_word' id='word_1_326' title='bbox 1176 2855 1288 2928; x_wconf 87' lang='lat' dir='ltr'>rigidus,</span> <span class='ocrx_word' id='word_1_327' title='bbox 1309 2859 1551 2916; x_wconf 80' lang='lat' dir='ltr'>minutissimorum</span> 
     </span>
     <span class='ocr_line' id='line_1_33' title="bbox 197 2935 1552 3016; baseline 0 -22"><span class='ocrx_word' id='word_1_328' title='bbox 197 2953 309 3008; x_wconf 89' lang='lat' dir='ltr'>censor,</span> <span class='ocrx_word' id='word_1_329' title='bbox 333 2942 432 3016; x_wconf 75' lang='lat' dir='ltr'>quibus</span> <span class='ocrx_word' id='word_1_330' title='bbox 449 2941 574 2997; x_wconf 90' lang='lat' dir='ltr'>omnibns</span> <span class='ocrx_word' id='word_1_331' title='bbox 592 2947 699 3008; x_wconf 90' lang='lat' dir='ltr'>tempus</span> <span class='ocrx_word' id='word_1_332' title='bbox 718 2937 877 2994; x_wconf 87' lang='lat' dir='ltr'>extrahitur.</span> <span class='ocrx_word' id='word_1_333' title='bbox 913 2935 1029 2991; x_wconf 86' lang='lat' dir='ltr'>Laberis</span> <span class='ocrx_word' id='word_1_334' title='bbox 1053 2936 1158 2992; x_wconf 91' lang='lat' dir='ltr'>interea</span> <span class='ocrx_word' id='word_1_335' title='bbox 1174 2936 1406 3006; x_wconf 85' lang='lat' dir='ltr'>pertaesissimus,</span> <span class='ocrx_word' id='word_1_336' title='bbox 1435 2939 1502 2996; x_wconf 88' lang='lat' dir='ltr'>adeo</span> <span class='ocrx_word' id='word_1_337' title='bbox 1522 2943 1552 2994; x_wconf 90' lang='lat' dir='ltr'>ut</span> 
     </span>
     <span class='ocr_line' id='line_1_34' title="bbox 198 3013 1598 3092; baseline 0.001 -19"><span class='ocrx_word' id='word_1_338' title='bbox 198 3019 257 3074; x_wconf 89' lang='lat' dir='ltr'>sola</span> <span class='ocrx_word' id='word_1_339' title='bbox 277 3022 426 3092; x_wconf 87' lang='lat' dir='ltr'>cupiditate</span> <span class='ocrx_word' id='word_1_340' title='bbox 443 3020 600 3076; x_wconf 88' lang='lat' dir='ltr'>retineatur.</span> <span class='ocrx_word' id='word_1_341' title='bbox 637 3018 675 3072; x_wconf 88' lang='lat' dir='ltr'>Et</span> <span class='ocrx_word' id='word_1_342' title='bbox 692 3023 783 3072; x_wconf 72' lang='lat' dir='ltr'>umen</span> <span class='ocrx_word' id='word_1_343' title='bbox 799 3013 915 3085; x_wconf 89' lang='lat' dir='ltr'>pulchra</span> <span class='ocrx_word' id='word_1_344' title='bbox 932 3019 996 3068; x_wconf 90' lang='lat' dir='ltr'>sunt</span> <span class='ocrx_word' id='word_1_345' title='bbox 1013 3029 1084 3084; x_wconf 89' lang='lat' dir='ltr'>quae</span> <span class='ocrx_word' id='word_1_346' title='bbox 1102 3015 1217 3085; x_wconf 88' lang='lat' dir='ltr'>appetiit</span> <span class='ocrx_word' id='word_1_347' title='bbox 1237 3017 1335 3086; x_wconf 86' lang='lat' dir='ltr'>omnia,</span> <span class='ocrx_word' id='word_1_348' title='bbox 1354 3019 1549 3090; x_wconf 76' lang='lat' dir='ltr'>sedtatemque</span> <span class='ocrx_word' id='word_1_349' title='bbox 1587 3069 1598 3092; x_wconf 71' lang='grc'>,</span> 
     </span>
     <span class='ocr_line' id='line_1_35' title="bbox 199 3099 657 3174; baseline -0.002 -21"><span class='ocrx_word' id='word_1_350' title='bbox 199 3105 230 3154; x_wconf 89' lang='lat' dir='ltr'>nt</span> <span class='ocrx_word' id='word_1_351' title='bbox 246 3099 398 3172; x_wconf 91' lang='lat' dir='ltr'>plurimum</span> <span class='ocrx_word' id='word_1_352' title='bbox 415 3100 467 3156; x_wconf 81' lang='lat' dir='ltr'>suit</span> <span class='ocrx_word' id='word_1_353' title='bbox 485 3105 657 3174; x_wconf 76' lang='lat' dir='ltr'>consecutus.</span> 
     </span>
    </p>

    <p class='ocr_par' dir='ltr' id='par_1_10' title="bbox 198 3169 1552 3330">
     <span class='ocr_line' id='line_1_36' title="bbox 289 3169 1552 3249; baseline -0.006 -15"><span class='ocrx_word' id='word_1_354' title='bbox 289 3179 384 3236; x_wconf 80' lang='lat' dir='ltr'>drusio</span> <span class='ocrx_word' id='word_1_355' title='bbox 401 3195 453 3249; x_wconf 91' lang='lat' dir='ltr'>par</span> <span class='ocrx_word' id='word_1_356' title='bbox 470 3177 610 3246; x_wconf 88' lang='lat' dir='ltr'>diligentia</span> <span class='ocrx_word' id='word_1_357' title='bbox 628 3172 778 3242; x_wconf 88' lang='lat' dir='ltr'>minutula,</span> <span class='ocrx_word' id='word_1_358' title='bbox 795 3169 890 3226; x_wconf 86' lang='lat' dir='ltr'>labore</span> <span class='ocrx_word' id='word_1_359' title='bbox 908 3170 989 3242; x_wconf 90' lang='lat' dir='ltr'>longe</span> <span class='ocrx_word' id='word_1_360' title='bbox 1006 3170 1127 3242; x_wconf 80' lang='lat' dir='ltr'>interior,</span> <span class='ocrx_word' id='word_1_361' title='bbox 1142 3171 1247 3242; x_wconf 91' lang='lat' dir='ltr'>judicio</span> <span class='ocrx_word' id='word_1_362' title='bbox 1264 3173 1358 3242; x_wconf 75' lang='lat' dir='ltr'>major.</span> <span class='ocrx_word' id='word_1_363' title='bbox 1394 3173 1552 3232; x_wconf 78' lang='lat' dir='ltr'>laborabat</span> 
     </span>
     <span class='ocr_line' id='line_1_37' title="bbox 198 3247 1083 3330; baseline -0.015 -14"><span class='ocrx_word' id='word_1_364' title='bbox 198 3259 245 3318; x_wconf 91' lang='lat' dir='ltr'>ille</span> <span class='ocrx_word' id='word_1_365' title='bbox 263 3257 431 3330; x_wconf 88' lang='lat' dir='ltr'>colligendo,</span> <span class='ocrx_word' id='word_1_366' title='bbox 449 3257 494 3314; x_wconf 91' lang='lat' dir='ltr'>hic</span> <span class='ocrx_word' id='word_1_367' title='bbox 512 3253 677 3327; x_wconf 86' lang='lat' dir='ltr'>separando,</span> <span class='ocrx_word' id='word_1_368' title='bbox 695 3251 741 3307; x_wconf 91' lang='lat' dir='ltr'>ille</span> <span class='ocrx_word' id='word_1_369' title='bbox 759 3257 890 3315; x_wconf 88' lang='lat' dir='ltr'>rastrum,</span> <span class='ocrx_word' id='word_1_370' title='bbox 909 3247 954 3306; x_wconf 92' lang='lat' dir='ltr'>hic</span> <span class='ocrx_word' id='word_1_371' title='bbox 972 3265 1083 3306; x_wconf 90' lang='lat' dir='ltr'>cuneus.</span> 
     </span>
    </p>
   </div>
   <div class='ocr_carea' id='block_1_7' title="bbox 196 3345 1562 4856">
    <p class='ocr_par' dir='ltr' id='par_1_11' title="bbox 196 3345 1562 4856">
     <span class='ocr_line' id='line_1_38' title="bbox 286 3345 1552 3419; baseline -0.006 -7"><span class='ocrx_word' id='word_1_372' title='bbox 286 3355 440 3412; x_wconf 81' lang='lat' dir='ltr'>Mercurius</span> <span class='ocrx_word' id='word_1_373' title='bbox 463 3353 492 3410; x_wconf 92' lang='lat' dir='ltr'>in</span> <span class='ocrx_word' id='word_1_374' title='bbox 515 3352 576 3407; x_wconf 88' lang='lat' dir='ltr'>VII.</span> <span class='ocrx_word' id='word_1_375' title='bbox 600 3349 766 3408; x_wconf 87' lang='lat' dir='ltr'>celeritatem</span> <span class='ocrx_word' id='word_1_376' title='bbox 794 3355 823 3402; x_wconf 92' lang='lat' dir='ltr'>et</span> <span class='ocrx_word' id='word_1_377' title='bbox 851 3345 953 3404; x_wconf 85' lang='lat' dir='ltr'>laboris</span> <span class='ocrx_word' id='word_1_378' title='bbox 982 3347 1086 3417; x_wconf 88' lang='lat' dir='ltr'>edium,</span> <span class='ocrx_word' id='word_1_379' title='bbox 1114 3347 1179 3418; x_wconf 88' lang='lat' dir='ltr'>quia</span> <span class='ocrx_word' id='word_1_380' title='bbox 1204 3347 1228 3402; x_wconf 93' lang='lat' dir='ltr'>is</span> <span class='ocrx_word' id='word_1_381' title='bbox 1258 3363 1366 3419; x_wconf 90' lang='lat' dir='ltr'>quoque</span> <span class='ocrx_word' id='word_1_382' title='bbox 1393 3348 1473 3404; x_wconf 81' lang='lat' dir='ltr'>velox</span> <span class='ocrx_word' id='word_1_383' title='bbox 1500 3353 1552 3416; x_wconf 90' lang='lat' dir='ltr'>est,</span> 
     </span>
     <span class='ocr_line' id='line_1_39' title="bbox 202 3413 1553 3510; baseline -0.007 -16"><span class='ocrx_word' id='word_1_384' title='bbox 202 3433 240 3510; x_wconf 84' lang='grc' dir='ltr'>Θ</span> <span class='ocrx_word' id='word_1_385' title='bbox 264 3438 294 3494; x_wconf 93' lang='lat' dir='ltr'>in</span> <span class='ocrx_word' id='word_1_386' title='bbox 312 3427 440 3510; x_wconf 73' lang='lat' dir='ltr'>sextilib</span> <span class='ocrx_word' id='word_1_387' title='bbox 460 3431 626 3504; x_wconf 87' lang='lat' dir='ltr'>diligentiam</span> <span class='ocrx_word' id='word_1_388' title='bbox 645 3437 672 3486; x_wconf 91' lang='lat' dir='ltr'>et</span> <span class='ocrx_word' id='word_1_389' title='bbox 689 3428 872 3486; x_wconf 86' lang='lat' dir='ltr'>tenacitatem.</span> <span class='ocrx_word' id='word_1_390' title='bbox 908 3427 984 3482; x_wconf 87' lang='lat' dir='ltr'>Haec</span> <span class='ocrx_word' id='word_1_391' title='bbox 1003 3413 1057 3482; x_wconf 87' lang='lat' dir='ltr'>duo</span> <span class='ocrx_word' id='word_1_392' title='bbox 1076 3434 1141 3482; x_wconf 89' lang='lat' dir='ltr'>snut</span> <span class='ocrx_word' id='word_1_393' title='bbox 1157 3428 1186 3482; x_wconf 90' lang='lat' dir='ltr'>in</span> <span class='ocrx_word' id='word_1_394' title='bbox 1203 3426 1312 3484; x_wconf 89' lang='lat' dir='ltr'>homine</span> <span class='ocrx_word' id='word_1_395' title='bbox 1330 3428 1473 3498; x_wconf 77' lang='lat' dir='ltr'>cucumis,</span> <span class='ocrx_word' id='word_1_396' title='bbox 1491 3444 1553 3498; x_wconf 93' lang='lat' dir='ltr'>per·</span> 
     </span>
     <span class='ocr_line' id='line_1_40' title="bbox 198 3506 1552 3588; baseline -0.006 -16"><span class='ocrx_word' id='word_1_397' title='bbox 198 3523 283 3588; x_wconf 89' lang='lat' dir='ltr'>petuo</span> <span class='ocrx_word' id='word_1_398' title='bbox 301 3515 440 3586; x_wconf 89' lang='lat' dir='ltr'>poenitere</span> <span class='ocrx_word' id='word_1_399' title='bbox 457 3519 565 3580; x_wconf 88' lang='lat' dir='ltr'>tempus</span> <span class='ocrx_word' id='word_1_400' title='bbox 584 3509 724 3571; x_wconf 84' lang='lat' dir='ltr'>amissum,</span> <span class='ocrx_word' id='word_1_401' title='bbox 748 3515 775 3561; x_wconf 93' lang='lat' dir='ltr'>et</span> <span class='ocrx_word' id='word_1_402' title='bbox 792 3513 884 3562; x_wconf 72' lang='lat' dir='ltr'>mmcn</span> <span class='ocrx_word' id='word_1_403' title='bbox 901 3521 1009 3576; x_wconf 88' lang='lat' dir='ltr'>semper</span> <span class='ocrx_word' id='word_1_404' title='bbox 1025 3506 1149 3564; x_wconf 88' lang='lat' dir='ltr'>amittere</span> <span class='ocrx_word' id='word_1_405' title='bbox 1170 3512 1276 3576; x_wconf 85' lang='lat' dir='ltr'>sponte.</span> <span class='ocrx_word' id='word_1_406' title='bbox 1310 3507 1461 3564; x_wconf 85' lang='lat' dir='ltr'>Mercurius</span> <span class='ocrx_word' id='word_1_407' title='bbox 1481 3509 1552 3564; x_wconf 90' lang='lat' dir='ltr'>enim</span> 
     </span>
     <span class='ocr_line' id='line_1_41' title="bbox 196 3584 1550 3668; baseline -0.009 -14"><span class='ocrx_word' id='word_1_408' title='bbox 196 3598 269 3668; x_wconf 87' lang='lat' dir='ltr'>jncis</span> <span class='ocrx_word' id='word_1_409' title='bbox 296 3603 324 3652; x_wconf 89' lang='lat' dir='ltr'>et</span> <span class='ocrx_word' id='word_1_410' title='bbox 344 3595 418 3652; x_wconf 90' lang='lat' dir='ltr'>lusui</span> <span class='ocrx_word' id='word_1_411' title='bbox 441 3591 562 3648; x_wconf 90' lang='lat' dir='ltr'>deditum</span> <span class='ocrx_word' id='word_1_412' title='bbox 586 3587 653 3644; x_wconf 82' lang='lat' dir='ltr'>facit</span> <span class='ocrx_word' id='word_1_413' title='bbox 675 3592 703 3643; x_wconf 88' lang='lat' dir='ltr'>et</span> <span class='ocrx_word' id='word_1_414' title='bbox 726 3584 1075 3656; x_wconf 76' lang='lat' dir='ltr'>delectationibusingcnii</span> <span class='ocrx_word' id='word_1_415' title='bbox 1097 3586 1126 3642; x_wconf 91' lang='lat' dir='ltr'>iu</span> <span class='ocrx_word' id='word_1_416' title='bbox 1144 3585 1227 3642; x_wconf 89' lang='lat' dir='ltr'>rebus</span> <span class='ocrx_word' id='word_1_417' title='bbox 1244 3585 1399 3642; x_wconf 76' lang='lat' dir='ltr'>levioribus.</span> <span class='ocrx_word' id='word_1_418' title='bbox 1435 3587 1506 3642; x_wconf 90' lang='lat' dir='ltr'>Nam</span> <span class='ocrx_word' id='word_1_419' title='bbox 1522 3587 1550 3642; x_wconf 91' lang='lat' dir='ltr'>in</span> 
     </span>
     <span class='ocr_line' id='line_1_42' title="bbox 199 3661 1553 3751; baseline -0.012 -15"><span class='ocrx_word' id='word_1_420' title='bbox 199 3675 318 3751; x_wconf 83' lang='lat' dir='ltr'>pueritia</span> <span class='ocrx_word' id='word_1_421' title='bbox 334 3675 389 3732; x_wconf 83' lang='lat' dir='ltr'>fuit</span> <span class='ocrx_word' id='word_1_422' title='bbox 405 3673 478 3729; x_wconf 90' lang='lat' dir='ltr'>lusui</span> <span class='ocrx_word' id='word_1_423' title='bbox 496 3669 697 3738; x_wconf 80' lang='lat' dir='ltr'>deditissimos3</span> <span class='ocrx_word' id='word_1_424' title='bbox 716 3673 747 3720; x_wconf 89' lang='lat' dir='ltr'>nt</span> <span class='ocrx_word' id='word_1_425' title='bbox 765 3661 897 3732; x_wconf 85' lang='lat' dir='ltr'>adolevit,</span> <span class='ocrx_word' id='word_1_426' title='bbox 916 3663 969 3720; x_wconf 88' lang='lat' dir='ltr'>alia</span> <span class='ocrx_word' id='word_1_427' title='bbox 986 3665 1104 3720; x_wconf 80' lang='lat' dir='ltr'>ammam</span> <span class='ocrx_word' id='word_1_428' title='bbox 1122 3663 1305 3734; x_wconf 89' lang='lat' dir='ltr'>delectabant,</span> <span class='ocrx_word' id='word_1_429' title='bbox 1332 3663 1392 3720; x_wconf 87' lang='lat' dir='ltr'>aliis</span> <span class='ocrx_word' id='word_1_430' title='bbox 1407 3665 1490 3734; x_wconf 87' lang='lat' dir='ltr'>igitur</span> <span class='ocrx_word' id='word_1_431' title='bbox 1507 3665 1553 3720; x_wconf 92' lang='lat' dir='ltr'>de·</span> 
     </span>
     <span class='ocr_line' id='line_1_43' title="bbox 199 3742 1552 3826; baseline -0.01 -12"><span class='ocrx_word' id='word_1_432' title='bbox 199 3757 274 3814; x_wconf 90' lang='lat' dir='ltr'>ditus</span> <span class='ocrx_word' id='word_1_433' title='bbox 292 3754 352 3826; x_wconf 87' lang='lat' dir='ltr'>fuit,</span> <span class='ocrx_word' id='word_1_434' title='bbox 371 3769 445 3822; x_wconf 86' lang='lat' dir='ltr'>ergo,</span> <span class='ocrx_word' id='word_1_435' title='bbox 464 3766 534 3820; x_wconf 88' lang='lat' dir='ltr'>quae</span> <span class='ocrx_word' id='word_1_436' title='bbox 552 3747 689 3806; x_wconf 89' lang='lat' dir='ltr'>hominem</span> <span class='ocrx_word' id='word_1_437' title='bbox 707 3743 888 3814; x_wconf 90' lang='lat' dir='ltr'>delectabant,</span> <span class='ocrx_word' id='word_1_438' title='bbox 903 3742 998 3811; x_wconf 90' lang='lat' dir='ltr'>judicii</span> <span class='ocrx_word' id='word_1_439' title='bbox 1017 3751 1059 3800; x_wconf 92' lang='lat' dir='ltr'>est</span> <span class='ocrx_word' id='word_1_440' title='bbox 1071 3751 1200 3801; x_wconf 84' lang='lat' dir='ltr'>statuere.</span> <span class='ocrx_word' id='word_1_441' title='bbox 1237 3743 1304 3800; x_wconf 85' lang='lat' dir='ltr'>Cum</span> <span class='ocrx_word' id='word_1_442' title='bbox 1315 3753 1406 3801; x_wconf 89' lang='lat' dir='ltr'>autem</span> <span class='ocrx_word' id='word_1_443' title='bbox 1419 3744 1552 3818; x_wconf 84' lang='lat' dir='ltr'>tenacitas</span> 
     </span>
     <span class='ocr_line' id='line_1_44' title="bbox 197 3823 1551 3907; baseline -0.01 -14"><span class='ocrx_word' id='word_1_444' title='bbox 197 3835 331 3907; x_wconf 86' lang='lat' dir='ltr'>pecuniae</span> <span class='ocrx_word' id='word_1_445' title='bbox 355 3831 451 3888; x_wconf 80' lang='lat' dir='ltr'>alissu</span> <span class='ocrx_word' id='word_1_446' title='bbox 470 3828 616 3896; x_wconf 88' lang='lat' dir='ltr'>absterret,</span> <span class='ocrx_word' id='word_1_447' title='bbox 643 3840 726 3897; x_wconf 91' lang='lat' dir='ltr'>saepe</span> <span class='ocrx_word' id='word_1_448' title='bbox 745 3839 836 3880; x_wconf 89' lang='lat' dir='ltr'>secum</span> <span class='ocrx_word' id='word_1_449' title='bbox 860 3823 939 3881; x_wconf 80' lang='lat' dir='ltr'>ludit</span> <span class='ocrx_word' id='word_1_450' title='bbox 976 3825 1013 3881; x_wconf 82' lang='lat' dir='ltr'>Et</span> <span class='ocrx_word' id='word_1_451' title='bbox 1037 3823 1203 3894; x_wconf 87' lang='lat' dir='ltr'>notandum,</span> <span class='ocrx_word' id='word_1_452' title='bbox 1227 3825 1359 3882; x_wconf 88' lang='lat' dir='ltr'>tenacitas</span> <span class='ocrx_word' id='word_1_453' title='bbox 1382 3831 1424 3880; x_wconf 91' lang='lat' dir='ltr'>est</span> <span class='ocrx_word' id='word_1_454' title='bbox 1443 3840 1499 3894; x_wconf 87' lang='lat' dir='ltr'>non</span> <span class='ocrx_word' id='word_1_455' title='bbox 1516 3823 1551 3880; x_wconf 89' lang='lat' dir='ltr'>ad</span> 
     </span>
     <span class='ocr_line' id='line_1_45' title="bbox 199 3901 1551 3986; baseline -0.01 -14"><span class='ocrx_word' id='word_1_456' title='bbox 199 3930 276 3986; x_wconf 93' lang='lat' dir='ltr'>opes,</span> <span class='ocrx_word' id='word_1_457' title='bbox 295 3911 345 3969; x_wconf 90' lang='lat' dir='ltr'>sed</span> <span class='ocrx_word' id='word_1_458' title='bbox 363 3911 398 3967; x_wconf 92' lang='lat' dir='ltr'>ad</span> <span class='ocrx_word' id='word_1_459' title='bbox 415 3908 566 3966; x_wconf 88' lang='lat' dir='ltr'>tollendum</span> <span class='ocrx_word' id='word_1_460' title='bbox 583 3915 685 3962; x_wconf 89' lang='lat' dir='ltr'>metum</span> <span class='ocrx_word' id='word_1_461' title='bbox 703 3903 848 3976; x_wconf 90' lang='lat' dir='ltr'>egestatis;</span> <span class='ocrx_word' id='word_1_462' title='bbox 867 3901 990 3973; x_wconf 78' lang='lat' dir='ltr'>quamuis</span> <span class='ocrx_word' id='word_1_463' title='bbox 1009 3903 1096 3960; x_wconf 89' lang='lat' dir='ltr'>omnis</span> <span class='ocrx_word' id='word_1_464' title='bbox 1113 3901 1184 3959; x_wconf 80' lang='lat' dir='ltr'>sorte</span> <span class='ocrx_word' id='word_1_465' title='bbox 1196 3901 1309 3959; x_wconf 78' lang='lat' dir='ltr'>arentia</span> <span class='ocrx_word' id='word_1_466' title='bbox 1327 3917 1362 3958; x_wconf 88' lang='lat' dir='ltr'>ex</span> <span class='ocrx_word' id='word_1_467' title='bbox 1373 3911 1551 3972; x_wconf 90' lang='lat' dir='ltr'>praepostero</span> 
     </span>
     <span class='ocr_line' id='line_1_46' title="bbox 203 3980 1552 4057; baseline -0.009 -9"><span class='ocrx_word' id='word_1_468' title='bbox 203 3999 287 4050; x_wconf 89' lang='lat' dir='ltr'>metu.</span> <span class='ocrx_word' id='word_1_469' title='bbox 322 3990 382 4046; x_wconf 91' lang='lat' dir='ltr'>Imo</span> <span class='ocrx_word' id='word_1_470' title='bbox 399 4003 462 4045; x_wconf 91' lang='lat' dir='ltr'>non.</span> <span class='ocrx_word' id='word_1_471' title='bbox 498 3987 552 4043; x_wconf 88' lang='lat' dir='ltr'>Sed</span> <span class='ocrx_word' id='word_1_472' title='bbox 571 3985 658 4057; x_wconf 91' lang='lat' dir='ltr'>ipsius</span> <span class='ocrx_word' id='word_1_473' title='bbox 675 4000 753 4040; x_wconf 90' lang='lat' dir='ltr'>amor</span> <span class='ocrx_word' id='word_1_474' title='bbox 769 3981 871 4038; x_wconf 86' lang='lat' dir='ltr'>nummi</span> <span class='ocrx_word' id='word_1_475' title='bbox 888 3980 989 4036; x_wconf 91' lang='lat' dir='ltr'>multoe</span> <span class='ocrx_word' id='word_1_476' title='bbox 1008 3981 1087 4052; x_wconf 90' lang='lat' dir='ltr'>capit.</span> <span class='ocrx_word' id='word_1_477' title='bbox 1124 3981 1176 4036; x_wconf 86' lang='lat' dir='ltr'>Hic</span> <span class='ocrx_word' id='word_1_478' title='bbox 1193 3997 1272 4037; x_wconf 91' lang='lat' dir='ltr'>nsum</span> <span class='ocrx_word' id='word_1_479' title='bbox 1295 3981 1407 4050; x_wconf 90' lang='lat' dir='ltr'>respicit</span> <span class='ocrx_word' id='word_1_480' title='bbox 1424 3989 1452 4036; x_wconf 93' lang='lat' dir='ltr'>et</span> <span class='ocrx_word' id='word_1_481' title='bbox 1469 3980 1552 4036; x_wconf 90' lang='lat' dir='ltr'>hone·</span> 
     </span>
     <span class='ocr_line' id='line_1_47' title="bbox 200 4058 1553 4132; baseline -0.009 -4"><span class='ocrx_word' id='word_1_482' title='bbox 200 4077 307 4128; x_wconf 83' lang='lat' dir='ltr'>statem</span> <span class='ocrx_word' id='word_1_483' title='bbox 344 4067 428 4124; x_wconf 81' lang='lat' dir='ltr'>Forte</span> <span class='ocrx_word' id='word_1_484' title='bbox 445 4067 526 4124; x_wconf 86' lang='lat' dir='ltr'>etiam</span> <span class='ocrx_word' id='word_1_485' title='bbox 551 4065 636 4120; x_wconf 86' lang='lat' dir='ltr'>multa</span> <span class='ocrx_word' id='word_1_486' title='bbox 654 4071 782 4122; x_wconf 88' lang='lat' dir='ltr'>causatur</span> <span class='ocrx_word' id='word_1_487' title='bbox 806 4058 895 4132; x_wconf 91' lang='lat' dir='ltr'>pudor</span> <span class='ocrx_word' id='word_1_488' title='bbox 919 4060 1057 4129; x_wconf 87' lang='lat' dir='ltr'>egestatis.</span> <span class='ocrx_word' id='word_1_489' title='bbox 1093 4059 1147 4114; x_wconf 81' lang='lat' dir='ltr'>Est</span> <span class='ocrx_word' id='word_1_490' title='bbox 1171 4074 1268 4130; x_wconf 90' lang='lat' dir='ltr'>nempe</span> <span class='ocrx_word' id='word_1_491' title='bbox 1290 4075 1421 4128; x_wconf 88' lang='lat' dir='ltr'>arrogans</span> <span class='ocrx_word' id='word_1_492' title='bbox 1444 4065 1472 4116; x_wconf 93' lang='lat' dir='ltr'>et</span> <span class='ocrx_word' id='word_1_493' title='bbox 1489 4076 1553 4116; x_wconf 88' lang='lat' dir='ltr'>con·</span> 
     </span>
     <span class='ocr_line' id='line_1_48' title="bbox 200 4135 1553 4217; baseline -0.007 -13"><span class='ocrx_word' id='word_1_494' title='bbox 200 4155 301 4206; x_wconf 89' lang='lat' dir='ltr'>temtus</span> <span class='ocrx_word' id='word_1_495' title='bbox 316 4145 481 4217; x_wconf 86' lang='lat' dir='ltr'>judiciorum</span> <span class='ocrx_word' id='word_1_496' title='bbox 498 4143 658 4216; x_wconf 81' lang='lat' dir='ltr'>uulgarium,</span> <span class='ocrx_word' id='word_1_497' title='bbox 682 4149 724 4203; x_wconf 90' lang='lat' dir='ltr'>est</span> <span class='ocrx_word' id='word_1_498' title='bbox 747 4157 844 4210; x_wconf 89' lang='lat' dir='ltr'>nempe</span> <span class='ocrx_word' id='word_1_499' title='bbox 863 4139 898 4196; x_wconf 88' lang='lat' dir='ltr'>ad</span> <span class='ocrx_word' id='word_1_500' title='bbox 921 4139 988 4196; x_wconf 90' lang='lat' dir='ltr'>dura</span> <span class='ocrx_word' id='word_1_501' title='bbox 1011 4139 1165 4195; x_wconf 88' lang='lat' dir='ltr'>inclinatus.</span> <span class='ocrx_word' id='word_1_502' title='bbox 1202 4136 1297 4206; x_wconf 75' lang='lat' dir='ltr'>Cresia</span> <span class='ocrx_word' id='word_1_503' title='bbox 1319 4153 1382 4191; x_wconf 83' lang='lat' dir='ltr'>vero</span> <span class='ocrx_word' id='word_1_504' title='bbox 1400 4135 1553 4194; x_wconf 84' lang='lat' dir='ltr'>Mercurius</span> 
     </span>
     <span class='ocr_line' id='line_1_49' title="bbox 199 4213 1553 4296; baseline -0.009 -12"><span class='ocrx_word' id='word_1_505' title='bbox 199 4229 364 4286; x_wconf 83' lang='lat' dir='ltr'>luctatione</span> <span class='ocrx_word' id='word_1_506' title='bbox 382 4233 424 4284; x_wconf 91' lang='lat' dir='ltr'>est</span> <span class='ocrx_word' id='word_1_507' title='bbox 445 4227 518 4284; x_wconf 89' lang='lat' dir='ltr'>etin</span> <span class='ocrx_word' id='word_1_508' title='bbox 543 4224 714 4296; x_wconf 88' lang='lat' dir='ltr'>oppositione</span> <span class='ocrx_word' id='word_1_509' title='bbox 737 4219 855 4278; x_wconf 86' lang='lat' dir='ltr'>Saturni</span> <span class='ocrx_word' id='word_1_510' title='bbox 892 4219 980 4276; x_wconf 83' lang='lat' dir='ltr'>Credo</span> <span class='ocrx_word' id='word_1_511' title='bbox 998 4217 1179 4287; x_wconf 86' lang='lat' dir='ltr'>Mercurium,</span> <span class='ocrx_word' id='word_1_512' title='bbox 1204 4231 1258 4287; x_wconf 91' lang='lat' dir='ltr'>quo</span> <span class='ocrx_word' id='word_1_513' title='bbox 1280 4213 1391 4270; x_wconf 89' lang='lat' dir='ltr'>liberior</span> <span class='ocrx_word' id='word_1_514' title='bbox 1413 4215 1449 4272; x_wconf 91' lang='lat' dir='ltr'>sit</span> <span class='ocrx_word' id='word_1_515' title='bbox 1469 4213 1553 4272; x_wconf 87' lang='lat' dir='ltr'>radiis</span> 
     </span>
     <span class='ocr_line' id='line_1_50' title="bbox 202 4295 1553 4379; baseline -0.009 -15"><span class='ocrx_word' id='word_1_516' title='bbox 202 4305 328 4379; x_wconf 85' lang='lat' dir='ltr'>aliorum,</span> <span class='ocrx_word' id='word_1_517' title='bbox 351 4308 405 4364; x_wconf 91' lang='lat' dir='ltr'>hoc</span> <span class='ocrx_word' id='word_1_518' title='bbox 425 4307 514 4362; x_wconf 90' lang='lat' dir='ltr'>minus</span> <span class='ocrx_word' id='word_1_519' title='bbox 531 4311 689 4374; x_wconf 86' lang='lat' dir='ltr'>corruptum</span> <span class='ocrx_word' id='word_1_520' title='bbox 707 4299 862 4374; x_wconf 84' lang='lat' dir='ltr'>significare</span> <span class='ocrx_word' id='word_1_521' title='bbox 876 4297 1023 4367; x_wconf 88' lang='lat' dir='ltr'>judicium,</span> <span class='ocrx_word' id='word_1_522' title='bbox 1051 4301 1082 4352; x_wconf 89' lang='lat' dir='ltr'>ut</span> <span class='ocrx_word' id='word_1_523' title='bbox 1100 4302 1127 4350; x_wconf 91' lang='lat' dir='ltr'>et</span> <span class='ocrx_word' id='word_1_524' title='bbox 1145 4295 1302 4352; x_wconf 88' lang='lat' dir='ltr'>ascendens.</span> <span class='ocrx_word' id='word_1_525' title='bbox 1339 4295 1371 4350; x_wconf 87' lang='grc' dir='ltr'>Ε.</span> <span class='ocrx_word' id='word_1_526' title='bbox 1389 4312 1415 4366; x_wconf 91' lang='lat' dir='ltr'>g.</span> <span class='ocrx_word' id='word_1_527' title='bbox 1440 4295 1553 4352; x_wconf 88' lang='lat' dir='ltr'>siMer·</span> 
     </span>
     <span class='ocr_line' id='line_1_51' title="bbox 202 4372 1554 4456; baseline -0.01 -13"><span class='ocrx_word' id='word_1_528' title='bbox 202 4388 307 4444; x_wconf 69' lang='lat' dir='ltr'>cunum</span> <span class='ocrx_word' id='word_1_529' title='bbox 324 4385 442 4456; x_wconf 82' lang='lat' dir='ltr'>adspicit</span> <span class='ocrx_word' id='word_1_530' title='bbox 459 4385 605 4454; x_wconf 87' lang='lat' dir='ltr'>Saturnus,</span> <span class='ocrx_word' id='word_1_531' title='bbox 630 4382 782 4451; x_wconf 78' lang='lat' dir='ltr'>infrigidat,</span> <span class='ocrx_word' id='word_1_532' title='bbox 812 4386 843 4435; x_wconf 93' lang='lat' dir='ltr'>ut</span> <span class='ocrx_word' id='word_1_533' title='bbox 861 4377 993 4435; x_wconf 90' lang='lat' dir='ltr'>hebescat</span> <span class='ocrx_word' id='word_1_534' title='bbox 1010 4373 1160 4444; x_wconf 89' lang='lat' dir='ltr'>ingenium,</span> <span class='ocrx_word' id='word_1_535' title='bbox 1186 4373 1210 4430; x_wconf 88' lang='lat' dir='ltr'>si</span> <span class='ocrx_word' id='word_1_536' title='bbox 1226 4374 1347 4444; x_wconf 87' lang='lat' dir='ltr'>Jupiter,</span> <span class='ocrx_word' id='word_1_537' title='bbox 1370 4372 1509 4432; x_wconf 84' lang='lat' dir='ltr'>humectat</span> <span class='ocrx_word' id='word_1_538' title='bbox 1526 4383 1554 4431; x_wconf 93' lang='lat' dir='ltr'>et</span> 
     </span>
     <span class='ocr_line' id='line_1_52' title="bbox 202 4453 1553 4540; baseline -0.01 -16"><span class='ocrx_word' id='word_1_539' title='bbox 202 4467 326 4540; x_wconf 71' lang='lat' dir='ltr'>calfacit,</span> <span class='ocrx_word' id='word_1_540' title='bbox 347 4467 404 4522; x_wconf 91' lang='lat' dir='ltr'>illic</span> <span class='ocrx_word' id='word_1_541' title='bbox 426 4467 509 4535; x_wconf 88' lang='lat' dir='ltr'>igitur</span> <span class='ocrx_word' id='word_1_542' title='bbox 532 4461 622 4519; x_wconf 87' lang='lat' dir='ltr'>omnia</span> <span class='ocrx_word' id='word_1_543' title='bbox 640 4461 786 4520; x_wconf 89' lang='lat' dir='ltr'>trahuntur</span> <span class='ocrx_word' id='word_1_544' title='bbox 808 4459 844 4514; x_wconf 86' lang='lat' dir='ltr'>ad</span> <span class='ocrx_word' id='word_1_545' title='bbox 866 4457 935 4512; x_wconf 92' lang='lat' dir='ltr'>lucri</span> <span class='ocrx_word' id='word_1_546' title='bbox 953 4455 1087 4524; x_wconf 86' lang='lat' dir='ltr'>studium,</span> <span class='ocrx_word' id='word_1_547' title='bbox 1113 4453 1156 4510; x_wconf 90' lang='lat' dir='ltr'>hic</span> <span class='ocrx_word' id='word_1_548' title='bbox 1179 4453 1269 4510; x_wconf 88' lang='lat' dir='ltr'>omnia</span> <span class='ocrx_word' id='word_1_549' title='bbox 1292 4453 1328 4509; x_wconf 90' lang='lat' dir='ltr'>ad</span> <span class='ocrx_word' id='word_1_550' title='bbox 1345 4454 1487 4510; x_wconf 89' lang='lat' dir='ltr'>honorum.</span> <span class='ocrx_word' id='word_1_551' title='bbox 1524 4453 1553 4518; x_wconf 81' lang='lat' dir='ltr'>Si</span> 
     </span>
     <span class='ocr_line' id='line_1_53' title="bbox 203 4531 1552 4616; baseline -0.01 -16"><span class='ocrx_word' id='word_1_552' title='bbox 203 4543 278 4602; x_wconf 86' lang='lat' dir='ltr'>ldars</span> <span class='ocrx_word' id='word_1_553' title='bbox 296 4545 421 4616; x_wconf 80' lang='lat' dir='ltr'>adspicit,</span> <span class='ocrx_word' id='word_1_554' title='bbox 441 4551 471 4599; x_wconf 92' lang='lat' dir='ltr'>ut</span> <span class='ocrx_word' id='word_1_555' title='bbox 488 4543 562 4614; x_wconf 93' lang='lat' dir='ltr'>mihi,</span> <span class='ocrx_word' id='word_1_556' title='bbox 581 4541 692 4598; x_wconf 89' lang='lat' dir='ltr'>nimium</span> <span class='ocrx_word' id='word_1_557' title='bbox 710 4546 802 4596; x_wconf 78' lang='lat' dir='ltr'>terret.</span> <span class='ocrx_word' id='word_1_558' title='bbox 837 4534 1005 4605; x_wconf 83' lang='lat' dir='ltr'>Praecipitat</span> <span class='ocrx_word' id='word_1_559' title='bbox 1022 4533 1105 4604; x_wconf 87' lang='lat' dir='ltr'>igitur</span> <span class='ocrx_word' id='word_1_560' title='bbox 1124 4531 1262 4602; x_wconf 89' lang='lat' dir='ltr'>ingenium</span> <span class='ocrx_word' id='word_1_561' title='bbox 1284 4538 1312 4588; x_wconf 92' lang='lat' dir='ltr'>et</span> <span class='ocrx_word' id='word_1_562' title='bbox 1330 4531 1450 4588; x_wconf 85' lang='lat' dir='ltr'>adirem</span> <span class='ocrx_word' id='word_1_563' title='bbox 1472 4533 1552 4606; x_wconf 89' lang='lat' dir='ltr'>repit,</span> 
     </span>
     <span class='ocr_line' id='line_1_54' title="bbox 203 4608 1552 4695; baseline -0.012 -15"><span class='ocrx_word' id='word_1_564' title='bbox 203 4625 238 4680; x_wconf 85' lang='lat' dir='ltr'>ad</span> <span class='ocrx_word' id='word_1_565' title='bbox 253 4625 344 4695; x_wconf 85' lang='lat' dir='ltr'>lusus,</span> <span class='ocrx_word' id='word_1_566' title='bbox 370 4624 407 4680; x_wconf 90' lang='lat' dir='ltr'>ad</span> <span class='ocrx_word' id='word_1_567' title='bbox 424 4622 582 4691; x_wconf 63' lang='lat' dir='ltr'>vadentes,</span> <span class='ocrx_word' id='word_1_568' title='bbox 605 4619 668 4676; x_wconf 87' lang='lat' dir='ltr'>inde</span> <span class='ocrx_word' id='word_1_569' title='bbox 686 4617 721 4673; x_wconf 85' lang='lat' dir='ltr'>td</span> <span class='ocrx_word' id='word_1_570' title='bbox 738 4615 881 4682; x_wconf 85' lang='lat' dir='ltr'>historias,</span> <span class='ocrx_word' id='word_1_571' title='bbox 905 4613 940 4668; x_wconf 92' lang='lat' dir='ltr'>ad</span> <span class='ocrx_word' id='word_1_572' title='bbox 957 4611 1042 4680; x_wconf 91' lang='lat' dir='ltr'>bella,</span> <span class='ocrx_word' id='word_1_573' title='bbox 1067 4611 1102 4666; x_wconf 87' lang='lat' dir='ltr'>ad</span> <span class='ocrx_word' id='word_1_574' title='bbox 1121 4611 1270 4681; x_wconf 88' lang='lat' dir='ltr'>patranda,</span> <span class='ocrx_word' id='word_1_575' title='bbox 1294 4609 1329 4664; x_wconf 90' lang='lat' dir='ltr'>ad</span> <span class='ocrx_word' id='word_1_576' title='bbox 1346 4608 1499 4674; x_wconf 86' lang='lat' dir='ltr'>audaciam,</span> <span class='ocrx_word' id='word_1_577' title='bbox 1517 4609 1552 4665; x_wconf 91' lang='lat' dir='ltr'>ad</span> 
     </span>
     <span class='ocr_line' id='line_1_55' title="bbox 203 4687 1551 4774; baseline -0.01 -18"><span class='ocrx_word' id='word_1_578' title='bbox 203 4709 465 4774; x_wconf 62' lang='lat' dir='ltr'>manustram,</span> <span class='ocrx_word' id='word_1_579' title='bbox 490 4715 560 4771; x_wconf 87' lang='lat' dir='ltr'>quae</span> <span class='ocrx_word' id='word_1_580' title='bbox 577 4705 642 4755; x_wconf 90' lang='lat' dir='ltr'>nato</span> <span class='ocrx_word' id='word_1_581' title='bbox 661 4695 751 4752; x_wconf 89' lang='lat' dir='ltr'>omnia</span> <span class='ocrx_word' id='word_1_582' title='bbox 771 4693 912 4762; x_wconf 76' lang='lat' dir='ltr'>ecljacent3</span> <span class='ocrx_word' id='word_1_583' title='bbox 940 4691 975 4748; x_wconf 92' lang='lat' dir='ltr'>ad</span> <span class='ocrx_word' id='word_1_584' title='bbox 993 4689 1246 4758; x_wconf 80' lang='lat' dir='ltr'>contradicendum.</span> <span class='ocrx_word' id='word_1_585' title='bbox 1274 4688 1309 4744; x_wconf 90' lang='lat' dir='ltr'>ad</span> <span class='ocrx_word' id='word_1_586' title='bbox 1330 4687 1551 4758; x_wconf 88' lang='lat' dir='ltr'>impugnandum,</span> 
     </span>
     <span class='ocr_line' id='line_1_56' title="bbox 204 4763 1562 4856; baseline -0.012 -14"><span class='ocrx_word' id='word_1_587' title='bbox 204 4780 240 4842; x_wconf 79' lang='lat' dir='ltr'>ad</span> <span class='ocrx_word' id='word_1_588' title='bbox 256 4783 493 4856; x_wconf 87' lang='lat' dir='ltr'>reprehendendos</span> <span class='ocrx_word' id='word_1_589' title='bbox 512 4793 605 4835; x_wconf 88' lang='lat' dir='ltr'>omnes</span> <span class='ocrx_word' id='word_1_590' title='bbox 623 4777 740 4843; x_wconf 87' lang='lat' dir='ltr'>ordines,</span> <span class='ocrx_word' id='word_1_591' title='bbox 758 4771 794 4830; x_wconf 87' lang='lat' dir='ltr'>ad</span> <span class='ocrx_word' id='word_1_592' title='bbox 812 4769 921 4828; x_wconf 77' lang='lat' dir='ltr'>anticos</span> <span class='ocrx_word' id='word_1_593' title='bbox 939 4785 1038 4826; x_wconf 85' lang='lat' dir='ltr'>mores.</span> <span class='ocrx_word' id='word_1_594' title='bbox 1074 4768 1144 4827; x_wconf 81' lang='lat' dir='ltr'>Nam</span> <span class='ocrx_word' id='word_1_595' title='bbox 1164 4765 1298 4835; x_wconf 86' lang='lat' dir='ltr'>notabile,</span> <span class='ocrx_word' id='word_1_596' title='bbox 1322 4765 1451 4838; x_wconf 89' lang='lat' dir='ltr'>quicquid</span> <span class='ocrx_word' id='word_1_597' title='bbox 1470 4763 1562 4842; x_wconf 81' lang='lat' dir='ltr'>homo¹</span> 
     </span>
    </p>
   </div>
   <div class='ocr_carea' id='block_1_8' title="bbox 0 0 1845 5526">
    <p class='ocr_par' dir='ltr' id='par_1_12' title="bbox 0 0 1845 5526">
     <span class='ocr_line' id='line_1_57' title="bbox 0 0 1845 5526; baseline 0 0"><span class='ocrx_word' id='word_1_598' title='bbox 0 0 1845 5526; x_wconf 95' lang='lat' dir='ltr'> </span> 
     </span>
    </p>
   </div>
  </div>
 </body>
</html>
