3564 5540
275 407 316 469 86
664 423 668 431 “
715 389 757 460 De
774 403 934 475 Figuratum
952 397 1173 462 Harmonicaru'm
1218 392 1221 398 ’

274 581 363 636 ductis
382 577 578 648 magonalibus.
614 579 679 634 (ium
704 583 793 634 autem
817 594 895 634 omne
922 569 976 635 tale
995 580 1157 649 triangulum
1182 583 1282 640 habeat
1299 589 1354 640 tres
1374 582 1500 664 (angulos)
1518 583 1628 642 dnobus

273 661 357 720 rectia
375 659 517 730 aequales:
544 661 572 713 in
590 659 715 730 trigouici
731 658 813 727 igitur
831 659 931 726 angulo
949 664 992 714 est
1014 675 1079 730 pars
1097 663 1193 731 tertia,
1220 661 1250 718 in
1270 661 1431 736 teu-agonici
1453 659 1629 718 elementaris

274 738 374 810 angulo
392 754 456 808 pars
474 744 580 808 quarta,
598 737 625 792 in
642 737 815 807 pentagonici
832 754 896 807 pars
915 737 1018 808 quinta,
1035 738 1063 798 in
1081 740 1254 810 heptagauioi
1272 755 1335 810 pars
1354 739 1471 810 septima
1487 745 1541 796 eta.
1562 739 1629 796 duo·

274 811 335 872 rum
352 824 497 872 rectorum.
533 815 571 870 Et
588 817 622 872 ab
640 816 691 871 tao
710 815 861 884 quantitate
879 815 972 891 anguli
989 816 1084 886 incipit
1103 817 1298 874 demonstratio
1316 819 1456 890 cujusque.
1568 879 1572 892 ,
1599 871 1620 892 ,-

360 889 418 949 ΧΙ.
443 891 635 952 Definitio.
680 891 843 968 Impropria
865 891 1073 958 demonstratio
1102 901 1159 968 est,
1189 911 1254 955 cum
1285 893 1433 972 proportio
1462 891 1566 954 lateris
1590 893 1628 956 ad

278 979 450 1040 diametrum
472 996 508 1040 er
531 980 594 1055 ipso
618 979 791 1054 angulorum
813 996 934 1039 numero
961 979 1128 1041 immediate
1159 977 1292 1042 adhibito
1316 983 1418 1059 nequit
1439 980 1630 1044 determinari

275 1069 465 1148 geometrica,
489 1065 742 1158 uisiadhibeatur
764 1065 842 1127 latus
864 1067 974 1144 figurae
997 1065 1131 1144 alterius,
1155 1087 1213 1129 non
1237 1068 1327 1148 duplo
1350 1077 1402 1129 aut
1424 1067 1547 1131 dimidio
1570 1089 1628 1132 nu·

242 1174 353 1218 -mero
375 1156 507 1226 laterum.
585 1201 587 1206 .
633 1157 639 1169 “
894 1169 898 1176 ’

361 1258 434 1320 XII.
458 1257 661 1316 Definitio.
708 1255 825 1316 Gradus
847 1258 987 1318 scientiae
1010 1257 1117 1319 diversi
1139 1267 1224 1342 sunt,
1255 1227 1307 1320 alii
1328 1212 1447 1332 remoti,
1481 1260 1534 1320 alii
1556 1279 1629 1338 pro·

274 1350 399 1428 pinqui..
423 1345 539 1404 Primus
562 1351 592 1422 qt
613 1345 763 1420 proximus
785 1343 903 1422 padus,
927 1362 993 1406 cum
1016 1345 1123 1410 lineam
1137 1346 1268 1424 aliquam
1290 1349 1351 1409 aeia
1374 1353 1404 1408 et
1425 1347 1627 1414 demonstrare

275 1452 394 1514 possum
416 1449 481 1494 esee
504 1431 646 1491 diametro
669 1431 840 1512 aequalem,
864 1442 916 1496 aut
937 1432 1066 1511 planum,
1090 1435 1159 1496 lieet
1181 1437 1266 1496 aliter
1287 1435 1457 1510 formatum,
1483 1436 1628 1512 quadrata

274 1523 407 1584 diametri
429 1519 563 1597 aequale.

360 1604 416 1662 Hic·
429 1618 556 1658 mansura
573 1607 639 1656 uota
655 1601 782 1672 perfecte,
801 1600 905 1658 scilicet
922 1617 952 1660 aa
970 1602 1037 1672 ipsa
1048 1607 1075 1659 et
1092 1619 1147 1659 uno
1160 1611 1230 1674 actu,
1249 1609 1389 1660 mensurat
1407 1605 1547 1662 noscibile.

360 1688 449 1755 xnt.
479 1692 680 1752 Definitio.
726 1693 877 1755 Secundus
906 1692 1028 1771 gradus,
1059 1712 1125 1755 cum
1154 1695 1293 1756 diametro
1322 1697 1352 1752 in
1384 1695 1499 1773 aliquot
1529 1706 1628 1775 partes

275 1784 414 1862 aequales
437 1787 515 1842 certo
539 1797 659 1840 numero
683 1780 793 1864 divisa,
823 1781 872 1841 vel
895 1782 958 1858 ejus
982 1781 1124 1858 quadrato
1147 1784 1294 1858 similiter,
1323 1782 1403 1844 linea
1431 1783 1479 1844 vel
1502 1785 1626 1864 planum

274 1873 456 1952 propositum
480 1875 624 1944 aequatur
645 1867 697 1941 tali
719 1871 794 1948 parti
818 1869 866 1930 val
888 1870 1029 1947 partibus.
1074 1867 1156 1930 Talis
1177 1871 1256 1932 linea
1284 1870 1389 1930 dicitur
1412 1869 1527 1933 Graece
1558 1869 1628 1954 ῥηιη

167 2023 173 2047 Κ
274 1984 368 2037 aquea,
399 1955 523 2018 effabilis
546 1955 737 2032 longitudine.
782 1957 907 2016 Planum
931 1974 1001 2016 vero
1023 1957 1082 2019 tale
1104 1947 1275 2036 simpliciter
1296 1958 1401 2018 dicitur
1424 1953 1530 2040 ῥητοτ,
1554 1963 1627 2023 afla-

275 2047 344 2110 bile.
389 2046 532 2127 Numerus
555 2045 632 2102 enim
656 2051 700 2108 eat
721 2051 933 2118 geometrarum
955 2063 1060 2106 sermo.

362 2127 406 2184 Ad
432 2129 504 2184 huno
523 2126 651 2184 scientiae
669 2126 782 2196 gradum
800 2127 843 2182 vel
862 2144 912 2198 per
931 2128 1141 2198 descriptionem
1168 2127 1426 2200 inscriptionemque
1443 2131 1628 2208 pervenimus,

274 2210 317 2266 vel
335 2209 414 2264 aliter
431 2207 511 2260 ctiam
530 2219 579 2274 per
597 2206 784 2274 cognationem
803 2223 864 2262 curn
881 2207 935 2262 alia
953 2207 1044 2278 aliqua
1062 2206 1227 2276 quantitate,
1255 2205 1389 2277 adquam
1407 2207 1524 2276 parilia
1540 2213 1629 2268 media

275 2287 487 2362 perveniebatur.
512 2285 608 2354 quue
626 2301 681 2339 uon
699 2283 860 2342 determinat
877 2285 945 2341 haec
963 2287 1078 2358 qualitas
1096 2285 1309 2357 unamaliquam
1323 2287 1519 2358 quantitatem
1539 2305 1627 2361 neque
1651 2335 1655 2346 .

275 2370 346 2425 enirn
365 2366 466 2424 sufficit
484 2365 519 2420 ad
537 2363 800 2434 determinationem,
827 2372 858 2419 ut
876 2365 975 2433 sciam,
1003 2362 1105 2436 aliquid
1131 2379 1213 2421 causa
1236 2366 1506 2422 commensurationis
1527 2369 1567 2426 sic
1585 2370 1627 2427 rel

212 2475 221 2492 r
276 2447 315 2504 sic
333 2461 393 2502 esse
412 2449 604 2514 comparatum,
624 2448 731 2511 oportet
743 2443 825 2498 etiam
836 2443 889 2499 hoe
902 2444 979 2514 scire,
998 2442 1142 2512 quomodo,
1159 2444 1242 2500 idest
1259 2461 1313 2514 quo
1331 2460 1444 2500 numero
1458 2446 1494 2501 sit
1506 2445 1627 2506 effabile.

362 2521 447 2580 XIV.
471 2519 677 2580 Definitio.
714 2518 838 2600 ¹'Tertius
868 2518 975 2596 gradus
1003 2526 1049 2578 est
1071 2521 1133 2589 hic,
1166 2536 1232 2579 cum
1262 2518 1342 2580 linea
1367 2521 1553 2598 longitudine
1584 2533 1627 2584 eat

276 2609 445 2684 ineffabilis,
486 2614 517 2670 at
549 2605 613 2680 ejus
647 2604 820 2681 quadratum
856 2606 972 2666 effabile
1002 2614 1033 2668 et
1066 2607 1212 2686 pertinens
1242 2605 1281 2666 ad
1308 2607 1469 2670 secuudum
1484 2611 1625 2688 gradum.

277 2689 485 2775 Dicitur-(ipen
508 2699 633 2764 doraum,
657 2691 781 2752 effabilis
803 2696 943 2771 potentia.
1039 2757 1044 2778 ι
1271 2696 1274 2702 “

362 2781 433 2842 XV.
456 2779 650 2840 Definitio.
695 2778 753 2856 Qui
776 2788 937 2862 sequuntur
959 2779 1082 2857 padus,
1106 2798 1206 2841 omues
1230 2780 1416 2861 appellantur
1437 2779 1555 2866 ἄλογοι,
1580 2789 1627 2846 iu·

277 2870 417 2934 effabiles.
461 2869 637 2944 Interpretes
660 2865 758 2928 Latini
780 2875 929 2929 verterunt
950 2869 1141 2942 irrationales,
1164 2885 1271 2946 magno
1295 2870 1496 2946 ambiguitatis
1520 2881 1551 2933 et
1572 2875 1627 2954 ab·

174 3001 177 3010 .
277 2958 428 3020 surditatis
450 2955 589 3036 periculo.
615 2953 681 3015 Nos
704 2955 881 3034 sepeliamus
903 2956 981 3016 huno
1003 2958 1195 3037 reclausum,
1218 2959 1290 3034 quia
1303 2957 1413 3042 multae
1428 2969 1499 3022 sunt
1521 2960 1626 3046 lineae,

277 3064 354 3123 quae
377 3047 511 3123 quamvis
534 3043 708 3118 ineffabiles,
741 3047 858 3122 optimis
885 3051 982 3104 tamm
1014 3047 1197 3106 continentur
1223 3045 1395 3106 rationibus.
1441 3047 1627 3110 Arithmetici

278 3133 420 3194 consimili
443 3130 634 3194 translatione
658 3131 807 3209 appellant
830 3149 965 3193 numeros
988 3131 1162 3207 aurdoa,.id
1185 3139 1230 3192 est
1252 3135 1302 3210 qui
1322 3150 1384 3195 nou
1407 3134 1475 3211 plus
1497 3135 1628 3214 loquun-

277 3229 331 3294 tur,
355 3217 441 3298 quam
457 3219 562 3281 surdus
578 3217 677 3278 audit:
701 3221 753 3279 sed
776 3221 831 3280 sub
853 3221 910 3279 hoo
932 3219 1048 3296 nemius
1071 3227 1131 3279 tam
1147 3219 1278 3280 affabiles
1293 3220 1358 3283 sola
1371 3213 1514 3299 potentia,
1539 3241 1627 3301 quam

276 3309 440 3370 ineffabiles
464 3309 643 3386 quantitates
667 3308 841 3385 intelligunt.
887 3308 939 3368 E'at
954 3309 1043 3384 igitur
1065 3313 1185 3384 quartus
1207 3309 1238 3365 in
1259 3308 1359 3368 ordine
1374 3309 1492 3386 padus,
1517 3315 1626 3390 primus

276 3414 346 3458 vcro
369 3396 581 3470 ineffabilium,
603 3395 721 3471 quando
748 3413 804 3456 nec
832 3395 912 3455 linea
940 3412 995 3455 nec
1018 3395 1081 3471 ejus
1105 3395 1279 3472 quadratum
1302 3403 1370 3455 sunt
1397 3398 1544 3474 effabilia,
1576 3400 1627 3461 sed

275 3493 372 3545 tamen
396 3484 570 3562 quadratum
586 3481 696 3543 'intale
710 3483 912 3561 rectangulum
928 3483 1125 3542 transformari
1139 3490 1245 3560 potest,
1269 3483 1353 3560 cujus
1368 3483 1465 3546 latera
1476 3489 1538 3546 sint
1554 3489 1626 3550 effa·
1645 3558 1649 3572 Ι

204 3587 211 3614 ¹
275 3573 345 3632 tilia
359 3571 464 3632 saltem
479 3572 620 3650 potentia.
664 3569 748 3631 Haec
762 3572 841 3632 linea
859 3571 962 3632 dicitur
977 3587 1057 3633 meso
1072 3569 1177 3652 (quoq),
1199 3573 1270 3646 quia
1284 3579 1328 3632 est
1343 3571 1443 3633 media
1456 3579 1626 3654 proportio·

275 3659 350 3720 nalie
373 3662 448 3720 inter
471 3661 543 3720 duas
567 3658 696 3718 affabiles
720 3659 785 3719 sola
804 3661 938 3737 potentia
953 3657 1241 3718 commensurabiles:
1265 3669 1299 3718 ut
1320 3661 1344 3718 si
1364 3676 1428 3719 una
1444 3662 1566 3738 quidem
1588 3666 1626 3723 sit

274 3746 399 3810 effabilis
421 3745 612 3825 longitudine,
637 3746 729 3806 altera
751 3747 816 3808 sola
836 3750 981 3825 potentia,
1007 3753 1059 3806 aut
1081 3747 1106 3804 si
1130 3754 1253 3822 utraque
1276 3745 1340 3806 sola
1361 3751 1495 3824 potentia
1520 3751 1625 3812 effabi-

189 3833 193 3851 “
274 3835 320 3908 lis,
343 3838 494 3913 potentiae
515 3841 613 3902 tamen
638 3835 712 3894 iuter
734 3853 765 3897 se
788 3853 846 3896 non
869 3837 927 3895 sint
950 3841 982 3894 ut
1004 3832 1165 3911 quadratus
1187 3849 1324 3893 numerus
1347 3834 1385 3893 ad
1400 3836 1589 3911 quadratum.
1600 3835 1625 3914 ³)

275 3923 357 3984 Talis
381 3923 459 3984 linea
482 3940 540 3982 non
564 3911 658 3981 scitur
675 3921 724 3980 rel
746 3929 930 3983 mensuratur
950 3921 1133 3997 longitudine
1149 3929 1291 3981 certarum
1306 3925 1432 3999 partium
1455 3926 1626 4001 aequalium

276 3997 420 4086 diametri,
445 4028 500 4071 nec
523 4010 587 4086 ejus
613 4008 785 4084 quadratum
808 3999 950 4088 quadrato
974 4011 1125 4085 diametri3
1154 3999 1207 4068 'aad
1229 4025 1284 4069 uec
1306 4009 1401 4070 lineae
1424 4022 1627 4073 mensurantur

274 4118 293 4160 a
319 4091 461 4160 diametro
485 4099 590 4160 ambae
612 4095 707 4169 simul,
732 4099 805 4158 inter
828 4115 901 4175 quas
923 4114 1003 4158 mese
1026 4105 1071 4157 est
1092 4096 1189 4157 media
1210 4097 1451 4174 proportionalis,
1483 4100 1536 4162 sed
1560 4099 1627 4162 illa·

277 4203 343 4245 rum
366 4174 509 4247 linearum
533 4183 684 4262 quadrata,
709 4184 782 4245 haec
805 4187 920 4246 demum
944 4204 962 4245 a
983 4183 1281 4263 quadratodiametri
1304 4195 1519 4282 meusugantur.
1544 4188 1626 4266 Qua-

279 4273 393 4333 dratum
417 4292 513 4336 meses
536 4281 565 4334 et
587 4275 683 4351 ipsum
705 4291 806 4334 meson
830 4275 947 4349 dieitur,
972 4276 1035 4334 sive
1058 4275 1097 4333 sit
1118 4272 1228 4333 formae
1251 4273 1410 4350 quadratae
1436 4291 1489 4336 seu
1504 4278 1534 4334 in
1551 4285 1626 4338 rect·

275 4359 414 4438 angulum
437 4368 660 4433 transmutatum
683 4368 787 4436 estque
808 4363 865 4422 hoc
888 4360 1011 4422 alterum
1033 4360 1114 4438 plani
1136 4378 1244 4442 genus,
1268 4368 1336 4437 post
1351 4361 1467 4424 effabile
1491 4363 1623 4440 planum.

275 4447 313 4505 Et
334 4447 414 4507 hisee
437 4449 553 4508 duobus
574 4449 686 4526 plenia,
716 4443 826 4510 effabili
859 4456 889 4511 et
918 4466 1017 4529 meso,
1047 4455 1203 4525 sequentes
1225 4451 1337 4525 speeies
1366 4451 1441 4508 iuter
1464 4467 1496 4511 se
1521 4451 1625 4514 distin-

275 4541 409 4612 guantur.

361 4619 673 4684 {avuncunlum
721 4622 766 4682 Ad
797 4624 891 4685 lineas
921 4621 995 4684 alias
1025 4621 1187 4701 singulares
1209 4622 1349 4682 mausitus
1381 4629 1426 4684 est
1455 4627 1543 4687 nobis
1575 4644 1625 4704 par

277 4707 661 4783 copulationem'linearum
682 4711 832 4786 binarum,
865 4728 941 4788 quae
969 4713 1050 4788 ipsas
1079 4726 1197 4787 quoque
1226 4725 1320 4770 novos
1347 4707 1457 4786 gradum
1486 4717 1623 4776 scientiae

278 4793 475 4870 interponunt.
528 4792 649 4854 Seaetur
676 4814 704 4855 n.
736 4798 785 4857 vel
812 4799 952 4860 diameter
980 4796 1030 4859 vel
1056 4797 1157 4873 aliqua
1182 4795 1323 4858 diametro
1353 4801 1622 4863 commensurabilis

278 4877 381 4940 saltem
404 4881 540 4961 potentia
561 4889 592 4940 et
611 4884 654 4944 sic
677 4883 815 4960 effabilist
846 4887 1006 4946 autetiam
1028 4883 1243 4962 aliquamesa,
1273 4892 1406 4970 secetur,
1429 4888 1567 4966 inquam,
1594 4890 1621 4947 in
