3564 5540
767 1763 845 1823 AD

248 1927 513 2000 Serenissimum
541 1931 576 2002 et
602 1926 879 1999 Potentissimum
906 1925 1097 2016 Principem
1124 1931 1161 2000 et
1187 1926 1368 2000 Dominum

528 2121 531 2132 ¹
617 2093 659 2186 ll.
698 2091 996 2201 intollit,

176 2287 304 2366 Magnae
327 2286 512 2363 Britanniae,
546 2287 703 2364 Prauciae,
725 2239 886 2350 Hiberniae
907 2287 1033 2365 Regem,
1064 2285 1149 2349 Fidei
1170 2251 1361 2348 Deieusonem
1381 2291 1436 2348 ete.

516 2407 675 2469 Dominum
697 2426 794 2471 meum
817 2408 1091 2471 Clemendssimum.

218 2599 281 2660 Gur
301 2599 356 2661 hos
378 2617 434 2678 ego
456 2579 648 2688 Harmo'nices
675 2599 766 2661 libros
788 2601 862 2661 inter
883 2599 1015 2660 homines
1037 2598 1211 2677 vulgandos,
1236 2618 1272 2661 ex
1292 2599 1479 2680 Imperatoris

136 2686 358 2766 Angustissimi,
390 2685 508 2748 Domini
536 2690 607 2760 mei,
636 2686 718 2762 aula,
749 2688 870 2764 exejus
897 2687 1008 2766 Regnis
1031 2697 1059 2748 et
1088 2687 1250 2750 Provinciis
1279 2685 1479 2749 haereditariis

136 2775 314 2850 Austriacis,
343 2792 379 2835 err
408 2778 473 2853 ipsa
495 2774 622 2878 denique
644 2763 816 2844 Germania,
846 2783 925 2835 trans
955 2791 1035 2834 mare
1066 2775 1233 2853 ablegarem
1263 2783 1386 2853 tuoque,
1415 2773 1479 2834 Rex

134 2860 253 2942 Inclyte,
278 2866 447 2941 conspectui
469 2863 653 2924 serenissimo
675 2863 820 2924 sisterem.
846 2879 949 2923 musas
971 2862 1062 2923 habui
1083 2866 1189 2943 partlm
1211 2870 1388 2942 praesentes,
1411 2880 1480 2941 par·

135 2952 185 3008 tim
208 2951 358 3025 antiquae

215 3037 348 3096 Primum
370 3039 447 3096 enim
468 3037 524 3098 hoe
546 3047 605 3096 non
627 3035 755 3096 alienum
777 3053 882 3097 amco
904 3051 1023 3104 munere
1045 3039 1162 3118 putavi,
1191 3044 1224 3099 ut
1253 3040 1324 3116 qnia
1347 3037 1481 3098 Caesaris

133 3124 162 3182 in
182 3141 211 3184 re
234 3123 443 3184 mathematica
464 3121 609 3204 stipendia
630 3141 743 3199 mereo,
767 3124 993 3185 demonstrarem
1014 3127 1102 3230 igitur
1124 3128 1211 3186 etiam
1235 3128 1359 3200 exteris,
1384 3142 1480 3202 quan·

132 3219 189 3271 tam
209 3219 327 3290 gereret
348 3210 563 3291 providentiam
585 3209 723 3291 Princeps
735 3168 821 3290 lleip.
838 3211 1019 3275 Christianae
1036 3201 1281 3274 divinissimorum
1303 3212 1480 3273 studiorum:

132 3304 163 3357 nt
183 3300 393 3377 intelligeretur
422 3315 458 3359 ex
480 3316 565 3359 cursu
587 3315 646 3359 non
667 3301 857 3361 interturbato
880 3301 960 3379 pacis
983 3311 1216 3361 ornamentorum
1247 3317 1297 3379 per
1326 3300 1380 3360 has
1404 3317 1478 3388 pro·

133 3388 258 3465 vineias,
290 3387 398 3446 lamam
425 3387 553 3447 intestini
581 3385 651 3446 belli
673 3389 820 3447 sinistram
848 3405 914 3448 oum
940 3389 1005 3466 ipsa
1032 3407 1062 3450 re
1086 3387 1186 3466 procul
1208 3388 1298 3449 dubio
1321 3389 1404 3449 brevi
1427 3406 1483 3448 ex·

133 3475 269 3534 stinctum
292 3477 343 3550 iri,
372 3473 641 3550 dissonantiamqne
664 3473 739 3534 hanc
765 3474 854 3553 paulo
878 3474 1037 3549 duriorem,
1067 3479 1128 3534 ut'
1121 3494 1149 3534 ιιι
1172 3476 1322 3555 pathetica
1343 3474 1481 3546 melodia,

129 3559 188 3636 jam
206 3563 331 3638 jamque
353 3563 385 3620 in
407 3579 527 3622 suarem
552 3559 712 3621 clausulam
734 3561 900 3622 desituram.
946 3561 1041 3638 Quem
1063 3581 1132 3624 vero
1157 3564 1294 3624 bonitatis
1316 3561 1482 3642 Imperato-

133 3651 190 3710 riae
214 3649 378 3725 digniorem
400 3652 616 3710 aestimatorem
637 3647 719 3726 Rege
742 3666 864 3726 magno,
881 3667 985 3728 ‘quem
1015 3653 1110 3730 operis
1134 3647 1169 3710 de
1193 3651 1340 3711 coelorum
1362 3651 1481 3710 harmo-

132 3737 189 3809 nia,
211 3736 415 3814 Pythagoram
437 3735 594 3796 redolentis
619 3743 648 3797 et
668 3735 830 3812 Platonem,
855 3740 1120 3798 convenientiorem
1145 3737 1305 3799 Patronum
1328 3738 1409 3814 Rege
1431 3735 1481 3794 illo

131 3821 276 3900 legissem,
301 3825 351 3900 qni
373 3821 542 3885 Platonicae
565 3825 726 3903 sapientiae
748 3825 876 3885 studium
900 3825 1065 3886 domesticis
1081 3829 1285 3906 monumentis,
1308 3841 1385 3901 quae
1408 3824 1480 3883 sub-

132 3909 260 3970 ditorum
283 3913 471 3972 veneratione
501 3913 588 3971 etiam
618 3911 737 3992 publica
764 3912 922 3989 habemus,
953 3920 998 3974 est
1024 3913 1168 3973 testatus?
1197 3915 1246 3990 qui
1277 3911 1482 4014 astronomiam

132 3997 284 4076 Tychnmms
307 3997 429 4075 Brahel,
457 4001 504 4058 cni
533 4017 606 4077 opus
634 3999 691 4059 lioo
719 4001 863 4072 innititur,
897 4018 967 4079 puer
990 4000 1085 4061 adhuc
1107 4002 1283 4061 ornamentis
1306 3999 1414 4075 ingenii
1437 4001 1483 4057 sni

132 4083 253 4162 dignam
276 4085 411 4146 censuit?
440 4087 492 4163 qni
514 4085 638 4162 denique
661 4089 706 4146 vir
727 4087 821 4148 iactus
846 4097 875 4148 et
896 4091 978 4166 regni
1001 4088 1199 4168 gubernacula
1221 4096 1364 4159 tractans,
1389 4093 1484 4144 astro·

129 4172 262 4250 logicam
276 4177 437 4233 vanitatem
458 4173 579 4252 publica
602 4189 724 4234 censura
744 4175 880 4235 notarit?
903 4193 979 4253 quaa
1002 4193 1081 4251 sane,
1104 4175 1179 4234 libro
1202 4174 1289 4250 hujus
1316 4173 1410 4250 operis
1429 4155 1481 4231 1'v.

131 4259 256 4322 detectis
284 4263 361 4322 veris
388 4258 583 4321 fundamentis
615 4260 768 4321 effectuum
795 4263 978 4339 sideralium,
1010 4263 1166 4324 clarissime
1190 4263 1328 4340 patescit.
1358 4268 1391 4320 ιιι
1412 4260 1483 4319 nulli

131 4346 257 4408 dubium
278 4365 342 4410 esse
364 4350 471 4425 possit,
495 4351 565 4426 quin
588 4349 678 4408 totius
699 4348 788 4426 huJus
811 4353 907 4428 operis
930 4353 1118 4428 omniumque
1141 4350 1205 4426 ejus
1228 4349 1352 4428 partium
1373 4348 1414 4408 sis
1435 4348 1484 4408 lu·

131 4441 214 4496 turus
239 4435 531 4513 intelligentissimus.

222 4521 321 4600 Maior
343 4541 413 4584 vero
434 4523 507 4583 milri
530 4540 619 4584 causa
646 4521 838 4585 dedicationis
868 4543 903 4585 ex
930 4527 1051 4601 antiquo
1082 4530 1127 4583 eet
1149 4526 1214 4584 ista
1260 4523 1334 4584 Cum
1360 4525 1484 4603 primum

131 4617 200 4670 ante
225 4627 318 4671 annos
340 4609 429 4690 paulo
452 4613 547 4672 minus
568 4611 674 4688 viginti
688 4613 837 4672 materiam
853 4613 948 4692 operis
969 4614 1065 4671 animo
1091 4614 1286 4692 concepissem
1309 4614 1483 4688 titulumque

131 4715 366 4778 nuncupassem,
387 4697 516 4759 nondum
539 4701 662 4776 cognitis
683 4697 864 4777 planetarum
887 4699 1017 4759 motibus
1039 4699 1176 4778 propriis,
1205 4701 1364 4778 inquibus
1387 4707 1483 4758 tamen

133 4785 232 4846 inesse
254 4786 420 4847 harmonias
443 4789 595 4846 instinctus
610 4793 731 4846 naturae
747 4784 891 4845 dictabat:
913 4786 975 4864 jam
997 4795 1066 4846 tuuc
1089 4803 1144 4863 ego
1168 4791 1358 4866 patrocinium
1379 4789 1482 4864 operis,

132 4873 158 4932 si
182 4872 301 4950 quando
324 4873 355 4934 id
377 4873 545 4934 succederet
558 4875 783 4950 absolutumque
809 4883 895 4951 esset,
917 4873 1071 4951 llajestati
1094 4881 1161 4936 tuae
1183 4875 1347 4952 destinaviJ
1369 4873 1484 4949 hocque
