3676 5536
631 363 808 420 Harmonicis.
842 363 924 420 Isiher
940 363 988 418 111.
1007 364 1095 432 Caput
1112 362 1169 419 XV.
1511 367 1571 425 189

233 548 264 601 ot
286 548 392 617 quarto
415 540 633 614 ecclesiasticis,
664 543 714 616 qui
735 540 857 619 Phrygii
880 544 1041 615 veteribus,
1073 558 1156 603 verso
1178 548 1298 601 naturae
1322 538 1437 611 ordine,
1465 556 1574 615 queru-

230 628 302 702 lum,
325 628 445 688 lractum
469 637 497 689 et
518 627 704 688 lamentabile
727 631 877 707 quippiam
893 633 991 690 sonari
1007 636 1230 690 consentaneum
1247 635 1299 686 est
1344 628 1386 686 At
1401 644 1467 686 cum
1482 629 1572 686 semi-

231 718 346 776 tonium
368 723 411 776 est
432 717 496 775 loco
518 715 623 790 medio,
647 715 759 776 modius
782 727 827 776 est
848 719 969 778 allectus
993 716 1218 792 tranquillitatis,
1241 715 1440 786 humanitatis,
1463 715 1573 791 jucun-

232 803 333 866 ditatis
356 821 391 862 er
413 803 566 879 colloquiis
588 811 618 862 et
639 805 870 880 narrationibus;
894 807 999 882 quihus
1022 807 1082 880 apti
1105 806 1212 881 primus
1235 812 1264 862 et
1283 802 1436 876 secundus,
1460 805 1574 878 generis

233 908 275 950 sc.
299 892 394 950 mollis
417 901 444 950 et
468 890 701 968 feminina-quos
725 891 830 951 Dorios
854 892 923 950 olim
946 892 1039 952 dictos
1061 901 1174 970 putant.
1218 890 1340 948 Dorium
1362 906 1433 950 sane
1455 893 1498 948 sic
1522 889 1575 948 de·

233 979 335 1038 sorihit
358 979 526 1038 Vincentius
549 976 714 1051 Galilaeae,
739 979 818 1055 quod
841 983 879 1039 sit
901 989 1005 1040 natura
1026 978 1156 1052 stabilis,
1181 979 1309 1053 quietus,
1340 981 1401 1036 sine
1425 978 1574 1050 violentia,

234 1076 322 1143 aptus
345 1065 383 1124 ad
404 1068 577 1141 gravitatem
609 1075 639 1125 et
660 1069 863 1141 severitatem3
891 1067 969 1143 quod
1000 1067 1035 1126 de
1059 1067 1171 1125 duobus
1193 1066 1273 1123 hisce
1301 1064 1459 1124 secundum
1482 1067 1575 1140 magis

235 1162 267 1212 ct
286 1155 381 1212 miuus
404 1171 502 1212 verum
525 1161 578 1212 est.
623 1153 698 1214 Nam
719 1171 833 1234 semper
860 1154 1007 1215 molliores
1030 1163 1142 1232 oportet
1164 1169 1228 1212 esse
1255 1161 1339 1211 tonos
1369 1154 1432 1229 pari
1455 1169 1574 1210 numero

236 1241 343 1314 dictos,
366 1242 474 1317 quippe
496 1240 626 1316 plagales
649 1243 709 1302 suis
732 1241 889 1312 authentis,
913 1243 951 1304 ab
975 1244 1075 1318 impari
1099 1239 1300 1311 denominatis,
1323 1256 1477 1317 excausa,
1499 1257 1575 1315 quae

234 1327 325 1405 paulo
347 1335 434 1388 autea
454 1328 507 1388 No.
531 1328 583 1386 IV.
607 1327 698 1387 allata
719 1328 783 1388 suit.
827 1328 931 1405 Itaque
954 1333 1042 1390 etiam
1066 1328 1216 1388 Galilaeae
1246 1325 1377 1404 plagium
1398 1329 1483 1401 primi
1506 1328 1575 1386 lacit

235 1414 414 1492 languidum,
437 1414 570 1488 flebilem,
595 1415 818 1490 meticulosum3
839 1425 949 1476 motum
972 1419 1048 1476 enim
1070 1434 1171 1476 versus
1193 1417 1297 1492 gravia
1318 1413 1483 1490 languoris,
1508 1431 1574 1472 ver-

237 1521 288 1563 sus
310 1510 396 1562 acuta
419 1503 527 1579 vigoris
549 1520 622 1562 esse.
667 1503 731 1562 Etsi
753 1504 853 1564 malim
876 1521 931 1582 ego
954 1513 983 1564 et
1006 1513 1163 1580 temperare
1184 1505 1241 1562 ista
1256 1502 1386 1580 epitheta
1409 1510 1438 1562 ot
1459 1517 1577 1560 causam

240 1590 426 1666 distinguere.
470 1589 536 1649 Non
558 1599 603 1650 est
622 1609 650 1650 n.
674 1591 832 1651 Doriorum
853 1592 1014 1670 proprietas
1037 1591 1167 1668 languor,
1191 1591 1275 1650 fletus
1298 1597 1327 1648 et
1345 1596 1449 1661 metus,
1472 1587 1525 1648 sed
1548 1591 1577 1644 in

240 1695 346 1755 geuene
368 1694 540 1737 excursuum
562 1676 601 1737 ad
622 1681 726 1754 gravia
748 1686 778 1738 et
800 1678 957 1739 descensus
980 1680 1073 1740 crebri
1095 1680 1168 1738 infra
1190 1678 1325 1737 radicem.

327 1764 382 1824 IX.
413 1763 563 1824 Hactenus
592 1763 627 1823 de
658 1767 717 1824 situ
746 1765 908 1840 semitonii3
947 1766 1070 1826 necdum
1106 1775 1201 1826 amen
1231 1765 1365 1825 omnihus
1397 1765 1474 1823 tonis
1508 1780 1577 1822 suas

240 1853 454 1928 assignavimus
475 1853 675 1930 proprietates.
721 1851 857 1928 Sequitur
886 1855 988 1929 igitur,
1020 1861 1049 1912 ut
1071 1857 1158 1913 ctiam
1189 1852 1226 1912 de
1248 1853 1447 1913 consonantiis
1470 1853 1577 1928 imper-

240 1940 324 2000 lcctis
346 1947 375 1998 et
397 1939 567 1999 adulterinis
589 1938 734 2013 dicamus,
758 1940 865 2015 quihus
886 1941 1076 2000 articulantur
1097 1940 1205 2000 socleta
1234 1947 1413 2001 octavarum.
1458 1938 1494 1998 Et
1516 1940 1577 2016 pri-

232 2045 314 2088 mum
330 2026 447 2103 quidem
462 2027 576 2086 illarum
588 2027 682 2086 veluti
694 2029 822 2088 essentia
832 2030 887 2086 erit
895 2027 1085 2104 inspicienda,
1108 2035 1212 2106 postca
1231 2025 1338 2086 locatio
1356 2029 1386 2084 in
1401 2033 1571 2104 systemate.

216 2145 220 2154 ·
320 2114 392 2174 Cum
423 2116 510 2190 igiter
536 2113 677 2174 naturalis
700 2123 730 2174 et
751 2117 902 2192 primaeva
932 2123 976 2174 est
998 2117 1165 2192 systematis
1195 2122 1318 2175 octavae
1348 2114 1516 2191 dispositio,
1547 2115 1576 2172 in

235 2219 296 2279 qua
317 2219 381 2261 cnm
404 2203 462 2261 ima
483 2200 592 2261 chorda
614 2201 738 2278 perfecte
762 2211 905 2263 consonat
926 2204 1025 2275 tertia,
1050 2211 1166 2278 quarta,
1194 2204 1294 2278 quinta
1316 2209 1462 2262 etsexta:
1491 2207 1577 2259 tonus

233 2289 302 2350 talis
325 2291 421 2348 omnia
443 2289 494 2348 illa
516 2290 545 2348 in
568 2292 665 2348 animo
688 2292 754 2363 ciet,
777 2307 853 2366 quae
876 2289 985 2350 hahent
1000 2289 1159 2350 secundum
1179 2295 1322 2360 naturam,
1345 2287 1442 2347 mollis
1459 2287 1576 2364 quidem

234 2379 400 2456 passiones,
430 2376 518 2435 durus
541 2379 670 2436 actiones
700 2376 749 2437 vel
778 2377 898 2438 affectus
928 2379 963 2435 iis
994 2384 1089 2455 aptos.
1134 2377 1231 2436 Haec.
1246 2377 1407 2455 proprietas
1437 2377 1576 2452 competit

234 2467 326 2542 primo
349 2472 378 2524 et
401 2472 505 2524 octavo
528 2483 563 2524 ex
589 2463 616 2522 G
639 2465 843 2541 smgentihus,
873 2481 932 2541 quo
955 2468 1072 2524 nomine
1101 2481 1157 2524 non
1185 2464 1292 2540 injuria
1314 2460 1466 2524 Galilaeae
1495 2462 1576 2520 affir-

234 2554 367 2624 maverit,
391 2559 527 2612 octavam
549 2553 729 2629 comprimo
752 2551 931 2626 coincidere;
955 2552 1083 2626 intellige
1099 2559 1207 2630 tamen,
1229 2559 1348 2610 servata
1367 2553 1472 2628 cuique
1489 2567 1576 2623 sexus

235 2657 289 2699 scu
310 2640 422 2716 generis
445 2643 629 2718 proprietate.
674 2639 721 2698 lta
743 2637 849 2717 duplici
871 2641 987 2698 nomine
1011 2641 1150 2717 septimus
1173 2648 1203 2699 et
1218 2647 1342 2710 octavus
1365 2641 1468 2699 ceteris
1491 2655 1577 2716 prae-

239 2735 307 2800 stat,
330 2735 388 2785 tam
410 2727 448 2786 ob
472 2727 558 2786 situm
581 2729 735 2798 semitonii,
759 2745 848 2802 quam
871 2727 958 2786 etiam
981 2727 1019 2786 oh
1043 2727 1257 2803 perlectionem.
1593 2717 1596 2736 ¹

324 2813 349 2873 u
370 2815 523 2890 contrario,
552 2816 671 2890 quintus
695 2822 725 2872 et
746 2821 856 2888 sextus,
881 2816 982 2872 tertius
1005 2823 1035 2874 et
1048 2821 1168 2890 quartus
1188 2813 1384 2874 consonantiis
1400 2812 1475 2872 inlra
1490 2824 1578 2870 utun-

242 2908 289 2960 tur
315 2899 483 2961 adulterinis
511 2909 541 2961 et
571 2903 685 2974 auchs',
714 2901 764 2960 ille
788 2901 984 2974 diatessaron,
1015 2901 1063 2960 hic
1092 2901 1240 2978 diapente3
1269 2918 1345 2978 quac
1367 2917 1413 2958 res
1441 2902 1500 2959 vim
1524 2900 1580 2958 illis

240 2989 375 3048 conciliat
396 2990 560 3048 moestitiae
583 2996 613 3049 et
633 2989 787 3048 affectuum
809 2989 847 3048 ab
870 2987 998 3048 humana
1022 2991 1229 3067 temperatione
1245 2987 1464 3048 discedentium.
1503 2987 1578 3048 Nam

241 3079 270 3134 in
293 3078 392 3153 quinto
419 3084 448 3136 et
471 3083 553 3136 sexto
577 3075 758 3135 diatessaron
781 3074 900 3152 quidem
929 3083 974 3135 est
996 3072 1111 3154 ὄρθιον,
1143 3075 1266 3135 naturali
1294 3077 1351 3134 situ
1379 3076 1526 3134 semitonii
1550 3078 1580 3133 in

240 3180 361 3238 summo,
384 3181 441 3231 aon
464 3166 559 3224 minus
581 3181 667 3240 quarn
690 3166 718 3221 in
742 3167 866 3242 septimo
889 3170 919 3222 et
941 3170 1063 3238 octavo,
1087 3171 1117 3224 at
1139 3163 1197 3224 duo
1219 3163 1345 3238 majores
1360 3165 1422 3221 toni
1443 3171 1511 3236 sunt
1534 3164 1581 3220 in-

240 3250 308 3310 limo
335 3250 417 3324 loco,
449 3259 515 3328 post
543 3267 594 3312 eos
622 3253 823 3325 semitonium,
856 3268 892 3310 ex
920 3252 1039 3325 quihus.
1054 3251 1194 3311 conflatur
1228 3251 1407 3310 diatessaron
1439 3259 1581 3308 commate

240 3338 401 3398 abundans.
446 3336 542 3413 Quare
565 3338 795 3415 magnitudinem
819 3340 906 3406 etiam
929 3339 949 3396 ii
972 3337 1051 3397 modi
1074 3346 1246 3415 promovent
1267 3339 1403 3410 affectus,
1436 3345 1464 3396 ut
1488 3337 1581 3397 devo-

240 3429 357 3499 tionem,
380 3423 612 3504 admirationem,
635 3425 900 3504 amplificationem,
924 3425 1070 3497 dolorem3
1093 3443 1202 3485 rursum
1218 3443 1308 3504 apem,
1329 3424 1474 3498 fiduciam,
1498 3427 1581 3499 quasi

241 3512 432 3573 elevationem
454 3516 558 3573 mentia
581 3530 670 3591 supra
693 3521 799 3574 cortem
822 3520 1011 3590 praesentem.
1056 3512 1089 3570 In
1113 3517 1198 3572 tertio
1221 3531 1290 3573 vero
1317 3522 1346 3573 et
1368 3519 1471 3587 quarto
1493 3529 1580 3588 prae-

241 3609 285 3660 ter
307 3603 395 3678 ipsius
427 3600 608 3662 diatessaron
639 3603 760 3661 sormam
789 3603 934 3658 inversam
963 3599 1075 3660 accedit
1104 3602 1191 3660 etiam
1221 3601 1293 3660 haec
1324 3601 1579 3659 consonantiarum

243 3688 424 3748 termentatio
445 3695 589 3764 augetque
612 3690 758 3748 tristitiam
781 3695 811 3747 et
832 3686 988 3764 languores
1011 3689 1108 3747 animi.

327 3774 436 3850 Quodsi
458 3775 526 3836 licet
548 3775 715 3852 analogiam
738 3777 873 3853 prosequi
896 3774 972 3836 ultra
994 3783 1079 3834 tonos
1102 3776 1232 3846 usitatos,
1257 3773 1295 3832 ad
1317 3775 1445 3851 speciem
1466 3772 1521 3832 Ill.
1546 3791 1581 3834 ex

240 3865 322 3937 meis,
345 3871 445 3932 mutus
465 3861 571 3936 mollis,
595 3881 631 3922 ex
654 3866 682 3922 Α
704 3863 893 3938 descriptam,
918 3866 985 3938 quia
1008 3861 1058 3921 illa
1072 3864 1255 3922 semitonium
1278 3861 1394 3938 quidem
1409 3861 1492 3933 inira,
1516 3859 1581 3920 dia-

242 3959 373 4009 tessaron
396 3967 473 4010 vero
488 3949 642 4028 perlectum
665 3951 769 4024 hahet,
801 3951 877 4009 hano
899 3953 984 4024 igitur
1007 3967 1062 4027 ego
1081 3951 1225 4026 jucundae
1256 3951 1391 4015 tristitiae
1413 3964 1580 4008 accommo-

240 4037 352 4122 darcm3
381 4046 496 4100 etcum
518 4037 603 4096 nohis
625 4036 772 4115 placemus
803 4041 831 4095 in
855 4037 977 4098 mollitie
999 4040 1105 4118 animi,
1135 4041 1164 4098 in
1186 4039 1342 4098 amoribus
1361 4043 1390 4096 et
1419 4033 1578 4109 desideriis,

232 4133 296 4184 xaut
318 4141 383 4184 cum
406 4124 549 4184 lacrumas
571 4123 708 4199 gandium
731 4127 874 4202 exprimit.
1109 4131 1115 4136 '

326 4211 409 4272 Haeo
432 4211 468 4271 de
491 4213 688 4272 consonantiis
710 4215 822 4272 ratione
844 4216 905 4286 sui;
934 4231 1008 4273 nuuc
1030 4221 1140 4274 ratione
1162 4214 1218 4272 loci
1251 4214 1279 4270 in
1302 4217 1476 4288 systemate,
1508 4212 1579 4287 quid

243 4299 387 4372 efficiant,
410 4298 570 4359 videamus.
1371 4369 1376 4378 ⁸

329 4385 400 4445 Cum
421 4389 506 4462 igitur
528 4407 595 4464 roan
618 4393 648 4446 et
669 4407 784 4446 πεττεια
806 4388 883 4446 circa
905 4393 1036 4463 quartam
1064 4394 1093 4448 et
1114 4393 1227 4446 sextam
1253 4382 1376 4444 chordas
1389 4385 1580 4462 potissimum

242 4481 427 4553 occupantur,
450 4475 492 4532 sic
514 4481 546 4532 ut
567 4480 714 4552 appareat,
738 4471 917 4532 diatessaron
940 4473 1004 4534 looo
1026 4477 1083 4534 imo
1106 4475 1144 4534 ab
1167 4476 1202 4534 iis
1225 4474 1331 4545 amini,
1363 4473 1511 4548 quiahoc
1534 4483 1580 4534 est

241 4561 415 4622 tetrachordi
437 4559 630 4636 intervallum,
653 4561 733 4637 quod
755 4577 855 4622 omnes
878 4568 935 4619 tres
958 4565 1163 4621 concinnatum
1188 4555 1305 4639 'species
1327 4569 1372 4620 eet
1394 4562 1579 4639 complexum

242 4665 334 4727 eoque
356 4651 543 4726 praecipuum
571 4655 616 4708 cst
642 4650 672 4706 in
700 4647 757 4707 hac
778 4654 913 4707 tonorum
935 4649 1128 4721 animatione,
1158 4655 1227 4708 tunc
1255 4645 1327 4708 haec
1349 4646 1441 4708 forma
1464 4657 1581 4710 centum

242 4736 280 4796 ad
301 4735 492 4796 humilitatem
514 4737 632 4810 invitat,
666 4753 702 4796 ex
723 4752 812 4795 causa
834 4732 936 4795 eadem
961 4751 1048 4810 quam
1075 4752 1163 4814 supra
1183 4735 1238 4796 No.
1260 4735 1313 4794 IV.
1337 4737 1483 4815 usurpavi.
1528 4737 1580 4798 su
1693 4799 1697 4810 ,
1741 4781 1747 4802 .

243 4830 416 4904 occupentur
437 4824 494 4884 hae
517 4831 613 4900 partes
636 4831 739 4886 cantus
766 4825 843 4886 circa
864 4824 978 4884 tertiam
999 4831 1028 4884 et
1050 4824 1194 4902 quintam,
1218 4831 1376 4886 statuentes
1399 4824 1580 4886 canonos
