<?xml version="1.0" encoding="UTF-8"?>
<!DOCTYPE html PUBLIC "-//W3C//DTD XHTML 1.0 Transitional//EN"
    "http://www.w3.org/TR/xhtml1/DTD/xhtml1-transitional.dtd">
<html xmlns="http://www.w3.org/1999/xhtml" xml:lang="en" lang="en">
 <head>
  <title>
</title>
<meta http-equiv="Content-Type" content="text/html;charset=utf-8" />
  <meta name='ocr-system' content='tesseract 3.04.00' />
  <meta name='ocr-capabilities' content='ocr_page ocr_carea ocr_par ocr_line ocrx_word'/>
</head>
<body>
  <div class='ocr_page' id='page_1' title='image "./joanniskepleria26frisgoog_0069.png"; bbox 0 0 3480 5548; ppageno 0'>
   <div class='ocr_carea' id='block_1_1' title="bbox 282 381 1255 459">
    <p class='ocr_par' dir='ltr' id='par_1_1' title="bbox 282 381 1255 459">
     <span class='ocr_line' id='line_1_1' title="bbox 282 381 1255 459; baseline -0.004 -12"><span class='ocrx_word' id='word_1_1' title='bbox 282 393 327 458; x_wconf 70' lang='lat' dir='ltr'><strong>bii</strong></span> <span class='ocrx_word' id='word_1_2' title='bbox 675 385 817 459; x_wconf 77' lang='lat' dir='ltr'><strong>Epistolte</strong></span> <span class='ocrx_word' id='word_1_3' title='bbox 833 382 944 458; x_wconf 70' lang='lat' dir='ltr'><strong>sepiat</strong></span> <span class='ocrx_word' id='word_1_4' title='bbox 959 381 1129 454; x_wconf 51' lang='lat' dir='ltr'><strong>&amp;tumque</strong></span> <span class='ocrx_word' id='word_1_5' title='bbox 1144 390 1255 443; x_wconf 84' lang='lat' dir='ltr'><strong>nntme</strong></span> 
     </span>
    </p>
   </div>
   <div class='ocr_carea' id='block_1_2' title="bbox 277 559 1630 2050">
    <p class='ocr_par' dir='ltr' id='par_1_2' title="bbox 277 559 1630 1962">
     <span class='ocr_line' id='line_1_2' title="bbox 282 559 1629 646; baseline -0.005 -15"><span class='ocrx_word' id='word_1_6' title='bbox 282 565 435 646; x_wconf 63' lang='lat' dir='ltr'><strong>mimmii,</strong></span> <span class='ocrx_word' id='word_1_7' title='bbox 458 565 590 630; x_wconf 72' lang='lat' dir='ltr'><strong>delemus</strong></span> <span class='ocrx_word' id='word_1_8' title='bbox 612 561 849 628; x_wconf 79' lang='lat' dir='ltr'><strong>obsusaiionnm</strong></span> <span class='ocrx_word' id='word_1_9' title='bbox 869 563 1019 642; x_wconf 62' lang='lat' dir='ltr'><strong>mendi,</strong></span> <span class='ocrx_word' id='word_1_10' title='bbox 1042 563 1136 626; x_wconf 85' lang='lat' dir='ltr'><strong>sicubi</strong></span> <span class='ocrx_word' id='word_1_11' title='bbox 1161 567 1322 638; x_wconf 74' lang='lat' dir='ltr'><strong>oemunt,</strong></span> <span class='ocrx_word' id='word_1_12' title='bbox 1345 559 1515 623; x_wconf 69' lang='lat' dir='ltr'><strong>menes</strong></span> <span class='ocrx_word' id='word_1_13' title='bbox 1528 575 1629 624; x_wconf 82' lang='lat' dir='ltr'><strong>eures</strong></span> 
     </span>
     <span class='ocr_line' id='line_1_3' title="bbox 282 648 1628 736; baseline -0.004 -22"><span class='ocrx_word' id='word_1_14' title='bbox 282 653 548 736; x_wconf 82' lang='lat' dir='ltr'><strong>circumspiciendi,</strong></span> <span class='ocrx_word' id='word_1_15' title='bbox 572 671 610 714; x_wconf 89' lang='lat' dir='ltr'><strong>an</strong></span> <span class='ocrx_word' id='word_1_16' title='bbox 632 653 716 714; x_wconf 85' lang='lat' dir='ltr'><strong>Luna</strong></span> <span class='ocrx_word' id='word_1_17' title='bbox 737 653 898 714; x_wconf 74' lang='lat' dir='ltr'><strong>claritatem</strong></span> <span class='ocrx_word' id='word_1_18' title='bbox 919 652 1034 728; x_wconf 88' lang='lat' dir='ltr'><strong>iecerit,</strong></span> <span class='ocrx_word' id='word_1_19' title='bbox 1056 657 1106 713; x_wconf 77' lang='lat' dir='ltr'><strong>atr</strong></span> <span class='ocrx_word' id='word_1_20' title='bbox 1127 669 1216 730; x_wconf 89' lang='lat' dir='ltr'><strong>pnrns</strong></span> <span class='ocrx_word' id='word_1_21' title='bbox 1237 651 1341 726; x_wconf 88' lang='lat' dir='ltr'><strong>tuerit,</strong></span> <span class='ocrx_word' id='word_1_22' title='bbox 1370 648 1458 711; x_wconf 85' lang='lat' dir='ltr'><strong>stella</strong></span> <span class='ocrx_word' id='word_1_23' title='bbox 1480 649 1560 710; x_wconf 83' lang='lat' dir='ltr'><strong>elasa</strong></span> <span class='ocrx_word' id='word_1_24' title='bbox 1581 651 1628 724; x_wconf 83' lang='lat' dir='ltr'><strong>ait,</strong></span> 
     </span>
     <span class='ocr_line' id='line_1_4' title="bbox 281 735 1629 826; baseline -0.005 -23"><span class='ocrx_word' id='word_1_25' title='bbox 281 741 400 805; x_wconf 88' lang='lat' dir='ltr'><strong>humilis</strong></span> <span class='ocrx_word' id='word_1_26' title='bbox 422 762 460 806; x_wconf 92' lang='lat' dir='ltr'><strong>an</strong></span> <span class='ocrx_word' id='word_1_27' title='bbox 483 741 545 807; x_wconf 86' lang='lat' dir='ltr'><strong>alta</strong></span> <span class='ocrx_word' id='word_1_28' title='bbox 565 743 667 818; x_wconf 86' lang='lat' dir='ltr'><strong>inerit;</strong></span> <span class='ocrx_word' id='word_1_29' title='bbox 691 741 770 826; x_wconf 80' lang='lat' dir='ltr'><strong>qnod</strong></span> <span class='ocrx_word' id='word_1_30' title='bbox 784 741 1014 816; x_wconf 76' lang='lat' dir='ltr'><strong>instrumentum,</strong></span> <span class='ocrx_word' id='word_1_31' title='bbox 1037 756 1095 818; x_wconf 90' lang='lat' dir='ltr'><strong>qna</strong></span> <span class='ocrx_word' id='word_1_32' title='bbox 1110 739 1167 802; x_wconf 87' lang='lat' dir='ltr'><strong>tide</strong></span> <span class='ocrx_word' id='word_1_33' title='bbox 1181 739 1277 825; x_wconf 80' lang='lat' dir='ltr'><strong>inerit,</strong></span> <span class='ocrx_word' id='word_1_34' title='bbox 1301 735 1442 811; x_wconf 74' lang='lat' dir='ltr'><strong>distantia</strong></span> <span class='ocrx_word' id='word_1_35' title='bbox 1463 739 1502 798; x_wconf 92' lang='lat' dir='ltr'><strong>sit</strong></span> <span class='ocrx_word' id='word_1_36' title='bbox 1515 753 1629 814; x_wconf 84' lang='lat' dir='ltr'><strong>aequa·</strong></span> 
     </span>
     <span class='ocr_line' id='line_1_5' title="bbox 282 823 1630 906; baseline -0.004 -14"><span class='ocrx_word' id='word_1_37' title='bbox 282 834 359 892; x_wconf 89' lang='lat' dir='ltr'><strong>toria</strong></span> <span class='ocrx_word' id='word_1_38' title='bbox 385 850 423 894; x_wconf 87' lang='lat' dir='ltr'><strong>an</strong></span> <span class='ocrx_word' id='word_1_39' title='bbox 451 835 482 892; x_wconf 90' lang='lat' dir='ltr'><strong>in</strong></span> <span class='ocrx_word' id='word_1_40' title='bbox 504 828 740 906; x_wconf 64' lang='lat' dir='ltr'><strong>montemagno</strong></span> <span class='ocrx_word' id='word_1_41' title='bbox 769 847 821 906; x_wconf 88' lang='lat' dir='ltr'><strong>per</strong></span> <span class='ocrx_word' id='word_1_42' title='bbox 843 827 958 894; x_wconf 81' lang='lat' dir='ltr'><strong>stoliast</strong></span> <span class='ocrx_word' id='word_1_43' title='bbox 989 827 1064 893; x_wconf 78' lang='lat' dir='ltr'><strong>bueo</strong></span> <span class='ocrx_word' id='word_1_44' title='bbox 1092 831 1191 892; x_wconf 86' lang='lat' dir='ltr'><strong>omnia</strong></span> <span class='ocrx_word' id='word_1_45' title='bbox 1211 834 1333 905; x_wconf 64' lang='lat' dir='ltr'><strong>‘tempus</strong></span> <span class='ocrx_word' id='word_1_46' title='bbox 1354 823 1491 904; x_wconf 74' lang='lat' dir='ltr'><strong>longius,</strong></span> <span class='ocrx_word' id='word_1_47' title='bbox 1520 825 1630 888; x_wconf 84' lang='lat' dir='ltr'><strong>collata</strong></span> 
     </span>
     <span class='ocr_line' id='line_1_6' title="bbox 281 911 1630 1002; baseline -0.006 -22"><span class='ocrx_word' id='word_1_48' title='bbox 281 919 413 996; x_wconf 79' lang='lat' dir='ltr'><strong>tonsilia,</strong></span> <span class='ocrx_word' id='word_1_49' title='bbox 435 920 564 980; x_wconf 79' lang='lat' dir='ltr'><strong>taboram</strong></span> <span class='ocrx_word' id='word_1_50' title='bbox 578 919 725 994; x_wconf 72' lang='lat' dir='ltr'><strong>ingentem</strong></span> <span class='ocrx_word' id='word_1_51' title='bbox 739 919 926 1002; x_wconf 74' lang='lat' dir='ltr'><strong>requirerent,</strong></span> <span class='ocrx_word' id='word_1_52' title='bbox 948 922 981 976; x_wconf 92' lang='lat' dir='ltr'><strong>nt</strong></span> <span class='ocrx_word' id='word_1_53' title='bbox 1001 917 1120 978; x_wconf 89' lang='lat' dir='ltr'><strong>omnino</strong></span> <span class='ocrx_word' id='word_1_54' title='bbox 1140 921 1278 996; x_wconf 83' lang='lat' dir='ltr'><strong>praestet,</strong></span> <span class='ocrx_word' id='word_1_55' title='bbox 1301 915 1485 991; x_wconf 83' lang='lat' dir='ltr'><strong>acquiescere</strong></span> <span class='ocrx_word' id='word_1_56' title='bbox 1506 911 1630 991; x_wconf 59' lang='lat' dir='ltr'><strong>tpetso·</strong></span> 
     </span>
     <span class='ocr_line' id='line_1_7' title="bbox 280 1001 1628 1090; baseline -0.006 -22"><span class='ocrx_word' id='word_1_57' title='bbox 280 1009 354 1070; x_wconf 85' lang='lat' dir='ltr'><strong>niuis</strong></span> <span class='ocrx_word' id='word_1_58' title='bbox 377 1005 649 1086; x_wconf 86' lang='lat' dir='ltr'><strong>computationibus,</strong></span> <span class='ocrx_word' id='word_1_59' title='bbox 673 1021 762 1081; x_wconf 88' lang='lat' dir='ltr'><strong>quam</strong></span> <span class='ocrx_word' id='word_1_60' title='bbox 784 1006 940 1066; x_wconf 83' lang='lat' dir='ltr'><strong>oscitanter</strong></span> <span class='ocrx_word' id='word_1_61' title='bbox 961 1004 1018 1090; x_wconf 80' lang='lat' dir='ltr'><strong>ista</strong></span> <span class='ocrx_word' id='word_1_62' title='bbox 1040 1003 1168 1082; x_wconf 75' lang='lat' dir='ltr'><strong>aggredi.</strong></span> <span class='ocrx_word' id='word_1_63' title='bbox 1213 1003 1275 1064; x_wconf 88' lang='lat' dir='ltr'><strong>Nos</strong></span> <span class='ocrx_word' id='word_1_64' title='bbox 1291 1019 1360 1063; x_wconf 88' lang='lat' dir='ltr'><strong>sero</strong></span> <span class='ocrx_word' id='word_1_65' title='bbox 1382 1001 1515 1063; x_wconf 86' lang='lat' dir='ltr'><strong>iocorum</strong></span> <span class='ocrx_word' id='word_1_66' title='bbox 1537 1001 1628 1060; x_wconf 87' lang='lat' dir='ltr'><strong>inter·</strong></span> 
     </span>
     <span class='ocr_line' id='line_1_8' title="bbox 277 1089 1630 1170; baseline -0.008 -12"><span class='ocrx_word' id='word_1_67' title='bbox 277 1095 362 1158; x_wconf 78' lang='lat' dir='ltr'><strong>salla</strong></span> <span class='ocrx_word' id='word_1_68' title='bbox 384 1095 531 1170; x_wconf 83' lang='lat' dir='ltr'><strong>dividunt,</strong></span> <span class='ocrx_word' id='word_1_69' title='bbox 560 1091 631 1152; x_wconf 91' lang='lat' dir='ltr'><strong>mibi</strong></span> <span class='ocrx_word' id='word_1_70' title='bbox 648 1097 757 1154; x_wconf 51' lang='lat' dir='ltr'><strong>*tomos</strong></span> <span class='ocrx_word' id='word_1_71' title='bbox 779 1093 1017 1154; x_wconf 83' lang='lat' dir='ltr'><strong>observationum</strong></span> <span class='ocrx_word' id='word_1_72' title='bbox 1038 1093 1160 1153; x_wconf 82' lang='lat' dir='ltr'><strong>itineris.</strong></span> <span class='ocrx_word' id='word_1_73' title='bbox 1171 1089 1310 1169; x_wconf 83' lang='lat' dir='ltr'><strong>perieulis</strong></span> <span class='ocrx_word' id='word_1_74' title='bbox 1337 1107 1482 1168; x_wconf 43' lang='lat' dir='ltr'><strong>exponere,</strong></span> <span class='ocrx_word' id='word_1_75' title='bbox 1502 1105 1563 1150; x_wconf 87' lang='lat' dir='ltr'><strong>non</strong></span> <span class='ocrx_word' id='word_1_76' title='bbox 1585 1096 1630 1148; x_wconf 90' lang='lat' dir='ltr'><strong>est</strong></span> 
     </span>
     <span class='ocr_line' id='line_1_9' title="bbox 281 1175 1629 1262; baseline -0.009 -14"><span class='ocrx_word' id='word_1_77' title='bbox 281 1185 442 1262; x_wconf 69' lang='lat' dir='ltr'><strong>integrum</strong></span> <span class='ocrx_word' id='word_1_78' title='bbox 464 1190 498 1244; x_wconf 90' lang='lat' dir='ltr'><strong>ut</strong></span> <span class='ocrx_word' id='word_1_79' title='bbox 519 1179 690 1256; x_wconf 85' lang='lat' dir='ltr'><strong>exscribam,</strong></span> <span class='ocrx_word' id='word_1_80' title='bbox 713 1186 798 1242; x_wconf 87' lang='lat' dir='ltr'><strong>sator</strong></span> <span class='ocrx_word' id='word_1_81' title='bbox 820 1178 1000 1258; x_wconf 79' lang='lat' dir='ltr'><strong>obligatione</strong></span> <span class='ocrx_word' id='word_1_82' title='bbox 1020 1195 1104 1255; x_wconf 90' lang='lat' dir='ltr'><strong>mea,</strong></span> <span class='ocrx_word' id='word_1_83' title='bbox 1126 1181 1185 1242; x_wconf 86' lang='lat' dir='ltr'><strong>nisi</strong></span> <span class='ocrx_word' id='word_1_84' title='bbox 1206 1179 1383 1243; x_wconf 73' lang='lat' dir='ltr'><strong>tutissimus</strong></span> <span class='ocrx_word' id='word_1_85' title='bbox 1404 1180 1461 1240; x_wconf 70' lang='lat' dir='ltr'><strong>um</strong></span> <span class='ocrx_word' id='word_1_86' title='bbox 1482 1175 1520 1238; x_wconf 88' lang='lat' dir='ltr'><strong>de</strong></span> <span class='ocrx_word' id='word_1_87' title='bbox 1541 1177 1629 1238; x_wconf 92' lang='lat' dir='ltr'><strong>resti-</strong></span> 
     </span>
     <span class='ocr_line' id='line_1_10' title="bbox 282 1263 1629 1347; baseline -0.006 -15"><span class='ocrx_word' id='word_1_88' title='bbox 282 1273 394 1332; x_wconf 91' lang='lat' dir='ltr'><strong>tutione</strong></span> <span class='ocrx_word' id='word_1_89' title='bbox 416 1267 540 1347; x_wconf 83' lang='lat' dir='ltr'><strong>exempti</strong></span> <span class='ocrx_word' id='word_1_90' title='bbox 571 1283 630 1329; x_wconf 88' lang='lat' dir='ltr'><strong>nors</strong></span> <span class='ocrx_word' id='word_1_91' title='bbox 654 1266 730 1329; x_wconf 87' lang='lat' dir='ltr'><strong>allas</strong></span> <span class='ocrx_word' id='word_1_92' title='bbox 744 1266 935 1330; x_wconf 78' lang='lat' dir='ltr'><strong>describendi.</strong></span> <span class='ocrx_word' id='word_1_93' title='bbox 973 1267 1057 1327; x_wconf 82' lang='lat' dir='ltr'><strong>litut</strong></span> <span class='ocrx_word' id='word_1_94' title='bbox 1071 1267 1119 1328; x_wconf 92' lang='lat' dir='ltr'><strong>hie</strong></span> <span class='ocrx_word' id='word_1_95' title='bbox 1133 1269 1189 1330; x_wconf 90' lang='lat' dir='ltr'><strong>sim</strong></span> <span class='ocrx_word' id='word_1_96' title='bbox 1203 1267 1413 1342; x_wconf 82' lang='lat' dir='ltr'><strong>ssondseimns,</strong></span> <span class='ocrx_word' id='word_1_97' title='bbox 1436 1263 1502 1346; x_wconf 90' lang='lat' dir='ltr'><strong>quis</strong></span> <span class='ocrx_word' id='word_1_98' title='bbox 1518 1281 1629 1342; x_wconf 78' lang='lat' dir='ltr'><strong>quaeso</strong></span> 
     </span>
     <span class='ocr_line' id='line_1_11' title="bbox 278 1351 1628 1439; baseline -0.007 -17"><span class='ocrx_word' id='word_1_99' title='bbox 278 1359 354 1422; x_wconf 87' lang='lat' dir='ltr'><strong>alius</strong></span> <span class='ocrx_word' id='word_1_100' title='bbox 383 1359 548 1422; x_wconf 87' lang='lat' dir='ltr'><strong>necessaria</strong></span> <span class='ocrx_word' id='word_1_101' title='bbox 575 1361 711 1434; x_wconf 86' lang='lat' dir='ltr'><strong>excerpat</strong></span> <span class='ocrx_word' id='word_1_102' title='bbox 733 1351 817 1439; x_wconf 88' lang='lat' dir='ltr'><strong>(nam</strong></span> <span class='ocrx_word' id='word_1_103' title='bbox 846 1357 893 1417; x_wconf 90' lang='lat' dir='ltr'><strong>cui</strong></span> <span class='ocrx_word' id='word_1_104' title='bbox 915 1357 992 1417; x_wconf 92' lang='lat' dir='ltr'><strong>bono</strong></span> <span class='ocrx_word' id='word_1_105' title='bbox 1022 1353 1229 1436; x_wconf 83' lang='lat' dir='ltr'><strong>descriptiones</strong></span> <span class='ocrx_word' id='word_1_106' title='bbox 1260 1353 1445 1433; x_wconf 74' lang='lat' dir='ltr'><strong>integrati),</strong></span> <span class='ocrx_word' id='word_1_107' title='bbox 1479 1353 1538 1412; x_wconf 89' lang='lat' dir='ltr'><strong>imo</strong></span> <span class='ocrx_word' id='word_1_108' title='bbox 1562 1353 1628 1430; x_wconf 90' lang='lat' dir='ltr'><strong>quis</strong></span> 
     </span>
     <span class='ocr_line' id='line_1_12' title="bbox 279 1439 1629 1518; baseline -0.006 -12"><span class='ocrx_word' id='word_1_109' title='bbox 279 1445 403 1516; x_wconf 83' lang='lat' dir='ltr'><strong>fideliter</strong></span> <span class='ocrx_word' id='word_1_110' title='bbox 424 1453 538 1508; x_wconf 85' lang='lat' dir='ltr'><strong>tantum</strong></span> <span class='ocrx_word' id='word_1_111' title='bbox 560 1449 590 1503; x_wconf 92' lang='lat' dir='ltr'><strong>et</strong></span> <span class='ocrx_word' id='word_1_112' title='bbox 611 1443 737 1504; x_wconf 87' lang='lat' dir='ltr'><strong>scientar</strong></span> <span class='ocrx_word' id='word_1_113' title='bbox 759 1443 912 1518; x_wconf 84' lang='lat' dir='ltr'><strong>describet,</strong></span> <span class='ocrx_word' id='word_1_114' title='bbox 934 1446 991 1504; x_wconf 89' lang='lat' dir='ltr'><strong>nisi</strong></span> <span class='ocrx_word' id='word_1_115' title='bbox 1013 1445 1056 1504; x_wconf 87' lang='lat' dir='ltr'><strong>tui</strong></span> <span class='ocrx_word' id='word_1_116' title='bbox 1078 1444 1208 1506; x_wconf 77' lang='lat' dir='ltr'><strong>similis?</strong></span> <span class='ocrx_word' id='word_1_117' title='bbox 1241 1440 1363 1506; x_wconf 86' lang='lat' dir='ltr'><strong>Utinam</strong></span> <span class='ocrx_word' id='word_1_118' title='bbox 1384 1449 1437 1502; x_wconf 90' lang='lat' dir='ltr'><strong>aut</strong></span> <span class='ocrx_word' id='word_1_119' title='bbox 1455 1439 1510 1502; x_wconf 91' lang='lat' dir='ltr'><strong>tibi</strong></span> <span class='ocrx_word' id='word_1_120' title='bbox 1533 1439 1629 1501; x_wconf 83' lang='lat' dir='ltr'><strong>Lincii</strong></span> 
     </span>
     <span class='ocr_line' id='line_1_13' title="bbox 279 1527 1628 1610; baseline -0.003 -17"><span class='ocrx_word' id='word_1_121' title='bbox 279 1540 330 1594; x_wconf 90' lang='lat' dir='ltr'><strong>ant</strong></span> <span class='ocrx_word' id='word_1_122' title='bbox 360 1535 431 1594; x_wconf 90' lang='lat' dir='ltr'><strong>mihi</strong></span> <span class='ocrx_word' id='word_1_123' title='bbox 453 1533 605 1610; x_wconf 82' lang='lat' dir='ltr'><strong>Nirtingse</strong></span> <span class='ocrx_word' id='word_1_124' title='bbox 627 1529 728 1592; x_wconf 88' lang='lat' dir='ltr'><strong>liceret</strong></span> <span class='ocrx_word' id='word_1_125' title='bbox 754 1527 934 1608; x_wconf 85' lang='lat' dir='ltr'><strong>aliquamdiu</strong></span> <span class='ocrx_word' id='word_1_126' title='bbox 963 1535 1139 1596; x_wconf 80' lang='lat' dir='ltr'><strong>conversari.</strong></span> <span class='ocrx_word' id='word_1_127' title='bbox 1189 1530 1249 1595; x_wconf 78' lang='lat' dir='ltr'><strong>ead</strong></span> <span class='ocrx_word' id='word_1_128' title='bbox 1277 1530 1421 1608; x_wconf 77' lang='lat' dir='ltr'><strong>fingamus</strong></span> <span class='ocrx_word' id='word_1_129' title='bbox 1456 1528 1513 1606; x_wconf 85' lang='lat' dir='ltr'><strong>ipsi</strong></span> <span class='ocrx_word' id='word_1_130' title='bbox 1541 1529 1628 1592; x_wconf 89' lang='lat' dir='ltr'><strong>uobis</strong></span> 
     </span>
     <span class='ocr_line' id='line_1_14' title="bbox 277 1615 1627 1698; baseline -0.007 -15"><span class='ocrx_word' id='word_1_131' title='bbox 277 1624 408 1683; x_wconf 75' lang='lat' dir='ltr'><strong>somnus</strong></span> <span class='ocrx_word' id='word_1_132' title='bbox 431 1629 515 1684; x_wconf 75' lang='lat' dir='ltr'><strong>munt</strong></span> <span class='ocrx_word' id='word_1_133' title='bbox 537 1619 656 1682; x_wconf 87' lang='lat' dir='ltr'><strong>comitia</strong></span> <span class='ocrx_word' id='word_1_134' title='bbox 678 1618 800 1686; x_wconf 79' lang='lat' dir='ltr'><strong>forsitan</strong></span> <span class='ocrx_word' id='word_1_135' title='bbox 822 1619 922 1698; x_wconf 83' lang='lat' dir='ltr'><strong>aliqua</strong></span> <span class='ocrx_word' id='word_1_136' title='bbox 936 1617 1124 1696; x_wconf 82' lang='lat' dir='ltr'><strong>Ratisbonae,</strong></span> <span class='ocrx_word' id='word_1_137' title='bbox 1148 1637 1214 1681; x_wconf 88' lang='lat' dir='ltr'><strong>cnm</strong></span> <span class='ocrx_word' id='word_1_138' title='bbox 1229 1624 1262 1681; x_wconf 88' lang='lat' dir='ltr'><strong>tn</strong></span> <span class='ocrx_word' id='word_1_139' title='bbox 1284 1621 1314 1678; x_wconf 90' lang='lat' dir='ltr'><strong>in</strong></span> <span class='ocrx_word' id='word_1_140' title='bbox 1331 1615 1471 1680; x_wconf 79' lang='lat' dir='ltr'><strong>comitatu</strong></span> <span class='ocrx_word' id='word_1_141' title='bbox 1485 1615 1627 1677; x_wconf 81' lang='lat' dir='ltr'><strong>wirtem-</strong></span> 
     </span>
     <span class='ocr_line' id='line_1_15' title="bbox 278 1703 1627 1787; baseline -0.005 -17"><span class='ocrx_word' id='word_1_142' title='bbox 278 1710 398 1787; x_wconf 86' lang='lat' dir='ltr'><strong>berglei,</strong></span> <span class='ocrx_word' id='word_1_143' title='bbox 422 1727 477 1787; x_wconf 84' lang='lat' dir='ltr'><strong>ego</strong></span> <span class='ocrx_word' id='word_1_144' title='bbox 498 1711 537 1767; x_wconf 87' lang='lat' dir='ltr'><strong>in·</strong></span> <span class='ocrx_word' id='word_1_145' title='bbox 554 1707 694 1768; x_wconf 84' lang='lat' dir='ltr'><strong>comitatu</strong></span> <span class='ocrx_word' id='word_1_146' title='bbox 710 1706 843 1784; x_wconf 79' lang='lat' dir='ltr'><strong>Caesaris</strong></span> <span class='ocrx_word' id='word_1_147' title='bbox 866 1709 1021 1770; x_wconf 88' lang='lat' dir='ltr'><strong>convenire</strong></span> <span class='ocrx_word' id='word_1_148' title='bbox 1043 1709 1211 1786; x_wconf 80' lang='lat' dir='ltr'><strong>poterimus.</strong></span> <span class='ocrx_word' id='word_1_149' title='bbox 1255 1707 1332 1767; x_wconf 88' lang='lat' dir='ltr'><strong>Nam</strong></span> <span class='ocrx_word' id='word_1_150' title='bbox 1351 1705 1539 1767; x_wconf 84' lang='lat' dir='ltr'><strong>Austrlaeanr</strong></span> <span class='ocrx_word' id='word_1_151' title='bbox 1560 1703 1627 1764; x_wconf 89' lang='lat' dir='ltr'><strong>inn-</strong></span> 
     </span>
     <span class='ocr_line' id='line_1_16' title="bbox 279 1792 1627 1873; baseline -0.004 -15"><span class='ocrx_word' id='word_1_152' title='bbox 279 1799 405 1858; x_wconf 87' lang='lat' dir='ltr'><strong>otionem</strong></span> <span class='ocrx_word' id='word_1_153' title='bbox 427 1795 656 1858; x_wconf 86' lang='lat' dir='ltr'><strong>eeclesiasticam</strong></span> <span class='ocrx_word' id='word_1_154' title='bbox 676 1811 735 1855; x_wconf 91' lang='lat' dir='ltr'><strong>non</strong></span> <span class='ocrx_word' id='word_1_155' title='bbox 758 1804 787 1857; x_wconf 91' lang='lat' dir='ltr'><strong>te</strong></span> <span class='ocrx_word' id='word_1_156' title='bbox 808 1795 935 1873; x_wconf 87' lang='lat' dir='ltr'><strong>patiatur</strong></span> <span class='ocrx_word' id='word_1_157' title='bbox 956 1797 1102 1873; x_wconf 83' lang='lat' dir='ltr'><strong>suscipere</strong></span> <span class='ocrx_word' id='word_1_158' title='bbox 1124 1813 1215 1872; x_wconf 84' lang='lat' dir='ltr'><strong>uxor,</strong></span> <span class='ocrx_word' id='word_1_159' title='bbox 1238 1809 1298 1858; x_wconf 84' lang='lat' dir='ltr'><strong>non</strong></span> <span class='ocrx_word' id='word_1_160' title='bbox 1319 1794 1443 1859; x_wconf 86' lang='lat' dir='ltr'><strong>eruditio</strong></span> <span class='ocrx_word' id='word_1_161' title='bbox 1466 1799 1538 1856; x_wconf 82' lang='lat' dir='ltr'><strong>tua:</strong></span> <span class='ocrx_word' id='word_1_162' title='bbox 1564 1792 1627 1870; x_wconf 81' lang='lat' dir='ltr'><strong>jan</strong></span> 
     </span>
     <span class='ocr_line' id='line_1_17' title="bbox 280 1880 1255 1962; baseline 0.004 -17"><span class='ocrx_word' id='word_1_163' title='bbox 280 1888 357 1946; x_wconf 90' lang='lat' dir='ltr'><strong>enim</strong></span> <span class='ocrx_word' id='word_1_164' title='bbox 378 1885 462 1945; x_wconf 86' lang='lat' dir='ltr'><strong>loona</strong></span> <span class='ocrx_word' id='word_1_165' title='bbox 482 1884 537 1945; x_wconf 92' lang='lat' dir='ltr'><strong>tibi</strong></span> <span class='ocrx_word' id='word_1_166' title='bbox 558 1883 587 1942; x_wconf 91' lang='lat' dir='ltr'><strong>in</strong></span> <span class='ocrx_word' id='word_1_167' title='bbox 610 1880 762 1944; x_wconf 88' lang='lat' dir='ltr'><strong>academia</strong></span> <span class='ocrx_word' id='word_1_168' title='bbox 782 1883 891 1962; x_wconf 86' lang='lat' dir='ltr'><strong>patria,</strong></span> <span class='ocrx_word' id='word_1_169' title='bbox 920 1885 999 1959; x_wconf 83' lang='lat' dir='ltr'><strong>seio,</strong></span> <span class='ocrx_word' id='word_1_170' title='bbox 1022 1882 1181 1962; x_wconf 80' lang='lat' dir='ltr'><strong>deputatus</strong></span> <span class='ocrx_word' id='word_1_171' title='bbox 1201 1890 1255 1949; x_wconf 84' lang='lat' dir='ltr'><strong>est</strong></span> 
     </span>
    </p>

    <p class='ocr_par' dir='ltr' id='par_1_3' title="bbox 365 1965 1625 2050">
     <span class='ocr_line' id='line_1_18' title="bbox 365 1965 1625 2050; baseline -0.006 -18"><span class='ocrx_word' id='word_1_172' title='bbox 365 1970 473 2050; x_wconf 76' lang='lat' dir='ltr'><strong>Scripsi</strong></span> <span class='ocrx_word' id='word_1_173' title='bbox 493 1972 548 2033; x_wconf 87' lang='lat' dir='ltr'><strong>tibi</strong></span> <span class='ocrx_word' id='word_1_174' title='bbox 571 1977 601 2032; x_wconf 90' lang='lat' dir='ltr'><strong>at</strong></span> <span class='ocrx_word' id='word_1_175' title='bbox 622 1976 693 2031; x_wconf 78' lang='lat' dir='ltr'><strong>sota</strong></span> <span class='ocrx_word' id='word_1_176' title='bbox 713 1971 1007 2050; x_wconf 86' lang='lat' dir='ltr'><strong>promtitndinemqna</strong></span> <span class='ocrx_word' id='word_1_177' title='bbox 1029 1988 1126 2033; x_wconf 88' lang='lat' dir='ltr'><strong>meam</strong></span> <span class='ocrx_word' id='word_1_178' title='bbox 1156 1980 1185 2034; x_wconf 89' lang='lat' dir='ltr'><strong>et</strong></span> <span class='ocrx_word' id='word_1_179' title='bbox 1207 1967 1423 2048; x_wconf 79' lang='lat' dir='ltr'><strong>impedimenta</strong></span> <span class='ocrx_word' id='word_1_180' title='bbox 1467 1967 1554 2029; x_wconf 84' lang='lat' dir='ltr'><strong>Nunc</strong></span> <span class='ocrx_word' id='word_1_181' title='bbox 1575 1965 1625 2027; x_wconf 87' lang='lat' dir='ltr'><strong>alii</strong></span> 
     </span>
    </p>
   </div>
   <div class='ocr_carea' id='block_1_3' title="bbox 162 2053 1625 2138">
    <p class='ocr_par' dir='ltr' id='par_1_4' title="bbox 162 2053 1625 2138">
     <span class='ocr_line' id='line_1_19' title="bbox 162 2053 1625 2138; baseline -0.005 -17"><span class='ocrx_word' id='word_1_182' title='bbox 162 2081 165 2090; x_wconf 89' lang='lat'><em>·</em></span> <span class='ocrx_word' id='word_1_183' title='bbox 279 2059 400 2120; x_wconf 87' lang='lat' dir='ltr'><strong>oonsilio</strong></span> <span class='ocrx_word' id='word_1_184' title='bbox 423 2058 583 2120; x_wconf 88' lang='lat' dir='ltr'><strong>secundnm</strong></span> <span class='ocrx_word' id='word_1_185' title='bbox 604 2055 702 2120; x_wconf 87' lang='lat' dir='ltr'><strong>locum</strong></span> <span class='ocrx_word' id='word_1_186' title='bbox 724 2058 771 2120; x_wconf 89' lang='lat' dir='ltr'><strong>do.</strong></span> <span class='ocrx_word' id='word_1_187' title='bbox 816 2059 893 2120; x_wconf 84' lang='lat' dir='ltr'><strong>liant</strong></span> <span class='ocrx_word' id='word_1_188' title='bbox 914 2060 1048 2120; x_wconf 27' lang='lat' dir='ltr'><strong>sirmavis</strong></span> <span class='ocrx_word' id='word_1_189' title='bbox 1070 2063 1187 2138; x_wconf 90' lang='lat' dir='ltr'><strong>proprio</strong></span> <span class='ocrx_word' id='word_1_190' title='bbox 1210 2060 1326 2120; x_wconf 88' lang='lat' dir='ltr'><strong>nornine</strong></span> <span class='ocrx_word' id='word_1_191' title='bbox 1346 2055 1427 2119; x_wconf 89' lang='lat' dir='ltr'><strong>solus</strong></span> <span class='ocrx_word' id='word_1_192' title='bbox 1450 2054 1537 2117; x_wconf 90' lang='lat' dir='ltr'><strong>edere</strong></span> <span class='ocrx_word' id='word_1_193' title='bbox 1558 2053 1625 2132; x_wconf 77' lang='lat' dir='ltr'><strong>glo-</strong></span> 
     </span>
    </p>
   </div>
   <div class='ocr_carea' id='block_1_4' title="bbox 199 2141 1626 4760">
    <p class='ocr_par' dir='ltr' id='par_1_5' title="bbox 199 2141 1625 2838">
     <span class='ocr_line' id='line_1_20' title="bbox 278 2141 1625 2226; baseline -0.004 -18"><span class='ocrx_word' id='word_1_194' title='bbox 278 2148 362 2208; x_wconf 82' lang='lat' dir='ltr'><strong>bum:</strong></span> <span class='ocrx_word' id='word_1_195' title='bbox 385 2163 448 2226; x_wconf 75' lang='lat' dir='ltr'><strong>age,</strong></span> <span class='ocrx_word' id='word_1_196' title='bbox 472 2149 566 2209; x_wconf 85' lang='lat' dir='ltr'><strong>exstat</strong></span> <span class='ocrx_word' id='word_1_197' title='bbox 587 2145 739 2225; x_wconf 84' lang='lat' dir='ltr'><strong>catologus</strong></span> <span class='ocrx_word' id='word_1_198' title='bbox 760 2146 839 2208; x_wconf 89' lang='lat' dir='ltr'><strong>mille</strong></span> <span class='ocrx_word' id='word_1_199' title='bbox 861 2145 984 2207; x_wconf 62' lang='lat' dir='ltr'><strong>&amp;arum</strong></span> <span class='ocrx_word' id='word_1_200' title='bbox 1000 2145 1149 2226; x_wconf 82' lang='lat' dir='ltr'><strong>Tyclsonis</strong></span> <span class='ocrx_word' id='word_1_201' title='bbox 1163 2145 1260 2209; x_wconf 88' lang='lat' dir='ltr'><strong>Brabe</strong></span> <span class='ocrx_word' id='word_1_202' title='bbox 1282 2163 1348 2206; x_wconf 90' lang='lat' dir='ltr'><strong>eum</strong></span> <span class='ocrx_word' id='word_1_203' title='bbox 1363 2145 1525 2222; x_wconf 78' lang='lat' dir='ltr'><strong>imaginum</strong></span> <span class='ocrx_word' id='word_1_204' title='bbox 1547 2141 1625 2203; x_wconf 85' lang='lat' dir='ltr'><strong>diar-</strong></span> 
     </span>
     <span class='ocr_line' id='line_1_21' title="bbox 276 2230 1624 2318; baseline -0.004 -20"><span class='ocrx_word' id='word_1_205' title='bbox 276 2235 369 2308; x_wconf 77' lang='lat' dir='ltr'><strong>tltrosi</strong></span> <span class='ocrx_word' id='word_1_206' title='bbox 398 2234 493 2298; x_wconf 75' lang='lat' dir='ltr'><strong>attus</strong></span> <span class='ocrx_word' id='word_1_207' title='bbox 516 2234 628 2298; x_wconf 85' lang='lat' dir='ltr'><strong>Romae</strong></span> <span class='ocrx_word' id='word_1_208' title='bbox 654 2241 696 2303; x_wconf 88' lang='lat' dir='ltr'><strong>(li.</strong></span> <span class='ocrx_word' id='word_1_209' title='bbox 723 2239 802 2310; x_wconf 71' lang='lat' dir='ltr'><strong>ibi),</strong></span> <span class='ocrx_word' id='word_1_210' title='bbox 829 2251 916 2312; x_wconf 86' lang='lat' dir='ltr'><strong>quem</strong></span> <span class='ocrx_word' id='word_1_211' title='bbox 946 2234 1075 2295; x_wconf 71' lang='lat' dir='ltr'><strong>conane</strong></span> <span class='ocrx_word' id='word_1_212' title='bbox 1089 2311 1091 2318; x_wconf 16' lang='grc' dir='ltr'><strong><em>γ</em></strong></span> <span class='ocrx_word' id='word_1_213' title='bbox 1105 2237 1214 2312; x_wconf 88' lang='lat' dir='ltr'><strong>poteris</strong></span> <span class='ocrx_word' id='word_1_214' title='bbox 1244 2249 1311 2294; x_wconf 89' lang='lat' dir='ltr'><strong>cum</strong></span> <span class='ocrx_word' id='word_1_215' title='bbox 1338 2230 1439 2309; x_wconf 80' lang='lat' dir='ltr'><strong>lisjeri</strong></span> <span class='ocrx_word' id='word_1_216' title='bbox 1460 2230 1624 2309; x_wconf 75' lang='lat' dir='ltr'><strong>Augustani</strong></span> 
     </span>
     <span class='ocr_line' id='line_1_22' title="bbox 277 2319 1623 2402; baseline -0.004 -18"><span class='ocrx_word' id='word_1_217' title='bbox 277 2319 507 2402; x_wconf 74' lang='lat' dir='ltr'><strong>Urauoguspbis,</strong></span> <span class='ocrx_word' id='word_1_218' title='bbox 529 2330 620 2401; x_wconf 51' lang='lat' dir='ltr'><strong>¹atque</strong></span> <span class='ocrx_word' id='word_1_219' title='bbox 643 2339 698 2402; x_wconf 77' lang='lat' dir='ltr'><strong>ego</strong></span> <span class='ocrx_word' id='word_1_220' title='bbox 721 2323 775 2382; x_wconf 87' lang='lat' dir='ltr'><strong>tibi</strong></span> <span class='ocrx_word' id='word_1_221' title='bbox 796 2321 919 2384; x_wconf 82' lang='lat' dir='ltr'><strong>fideliter</strong></span> <span class='ocrx_word' id='word_1_222' title='bbox 940 2321 1087 2397; x_wconf 86' lang='lat' dir='ltr'><strong>indicabo,</strong></span> <span class='ocrx_word' id='word_1_223' title='bbox 1109 2323 1204 2384; x_wconf 87' lang='lat' dir='ltr'><strong>sicubi</strong></span> <span class='ocrx_word' id='word_1_224' title='bbox 1225 2321 1276 2383; x_wconf 87' lang='lat' dir='ltr'><strong>lile</strong></span> <span class='ocrx_word' id='word_1_225' title='bbox 1297 2339 1316 2381; x_wconf 88' lang='lat' dir='ltr'><strong>a</strong></span> <span class='ocrx_word' id='word_1_226' title='bbox 1337 2323 1406 2382; x_wconf 85' lang='lat' dir='ltr'><strong>urso</strong></span> <span class='ocrx_word' id='word_1_227' title='bbox 1427 2320 1623 2396; x_wconf 70' lang='lat' dir='ltr'><strong>manumisso</strong></span> 
     </span>
     <span class='ocr_line' id='line_1_23' title="bbox 276 2403 1622 2490; baseline -0.006 -17"><span class='ocrx_word' id='word_1_228' title='bbox 276 2409 399 2473; x_wconf 80' lang='lat' dir='ltr'><strong>differat.</strong></span> <span class='ocrx_word' id='word_1_229' title='bbox 443 2410 491 2473; x_wconf 87' lang='lat' dir='ltr'><strong>Ita</strong></span> <span class='ocrx_word' id='word_1_230' title='bbox 511 2423 571 2472; x_wconf 89' lang='lat' dir='ltr'><strong>non</strong></span> <span class='ocrx_word' id='word_1_231' title='bbox 592 2427 667 2490; x_wconf 89' lang='lat' dir='ltr'><strong>opus</strong></span> <span class='ocrx_word' id='word_1_232' title='bbox 689 2410 760 2484; x_wconf 88' lang='lat' dir='ltr'><strong>erit,</strong></span> <span class='ocrx_word' id='word_1_233' title='bbox 789 2416 822 2469; x_wconf 87' lang='lat' dir='ltr'><strong>nt</strong></span> <span class='ocrx_word' id='word_1_234' title='bbox 850 2409 889 2470; x_wconf 89' lang='lat' dir='ltr'><strong>ad</strong></span> <span class='ocrx_word' id='word_1_235' title='bbox 910 2426 956 2470; x_wconf 90' lang='lat' dir='ltr'><strong>ma</strong></span> <span class='ocrx_word' id='word_1_236' title='bbox 983 2425 1147 2487; x_wconf 74' lang='lat' dir='ltr'><strong>mosaeam</strong></span> <span class='ocrx_word' id='word_1_237' title='bbox 1169 2409 1311 2470; x_wconf 81' lang='lat' dir='ltr'><strong>insidiam</strong></span> <span class='ocrx_word' id='word_1_238' title='bbox 1339 2407 1411 2469; x_wconf 85' lang='lat' dir='ltr'><strong>mibi</strong></span> <span class='ocrx_word' id='word_1_239' title='bbox 1442 2423 1524 2468; x_wconf 85' lang='lat' dir='ltr'><strong>oreas</strong></span> <span class='ocrx_word' id='word_1_240' title='bbox 1546 2403 1622 2484; x_wconf 81' lang='lat' dir='ltr'><strong>apud</strong></span> 
     </span>
     <span class='ocr_line' id='line_1_24' title="bbox 199 2493 1622 2577; baseline -0.005 -14"><span class='ocrx_word' id='word_1_241' title='bbox 199 2493 202 2500; x_wconf 79' lang='grc'><strong>’</strong></span> <span class='ocrx_word' id='word_1_242' title='bbox 278 2497 458 2562; x_wconf 84' lang='lat' dir='ltr'><strong>Brabesnoe.</strong></span> <span class='ocrx_word' id='word_1_243' title='bbox 504 2497 634 2560; x_wconf 59' lang='lat' dir='ltr'><strong>&amp;osilia</strong></span> <span class='ocrx_word' id='word_1_244' title='bbox 655 2514 722 2560; x_wconf 86' lang='lat' dir='ltr'><strong>msa</strong></span> <span class='ocrx_word' id='word_1_245' title='bbox 743 2495 781 2558; x_wconf 89' lang='lat' dir='ltr'><strong>ds</strong></span> <span class='ocrx_word' id='word_1_246' title='bbox 803 2501 999 2577; x_wconf 71' lang='lat' dir='ltr'><strong>tecpepnoam</strong></span> <span class='ocrx_word' id='word_1_247' title='bbox 1017 2498 1081 2574; x_wconf 83' lang='lat' dir='ltr'><strong>jnrn</strong></span> <span class='ocrx_word' id='word_1_248' title='bbox 1097 2499 1168 2559; x_wconf 75' lang='lat' dir='ltr'><strong>satu</strong></span> <span class='ocrx_word' id='word_1_249' title='bbox 1189 2497 1365 2576; x_wconf 84' lang='lat' dir='ltr'><strong>perspexisti</strong></span> <span class='ocrx_word' id='word_1_250' title='bbox 1387 2513 1424 2558; x_wconf 82' lang='lat' dir='ltr'><strong>es</strong></span> <span class='ocrx_word' id='word_1_251' title='bbox 1445 2502 1622 2573; x_wconf 74' lang='lat' dir='ltr'><strong>typoaesso</strong></span> 
     </span>
     <span class='ocr_line' id='line_1_25' title="bbox 278 2581 1623 2663; baseline -0.002 -17"><span class='ocrx_word' id='word_1_252' title='bbox 278 2585 345 2646; x_wconf 87' lang='lat' dir='ltr'><strong>libri</strong></span> <span class='ocrx_word' id='word_1_253' title='bbox 366 2585 402 2648; x_wconf 89' lang='lat' dir='ltr'><strong>de</strong></span> <span class='ocrx_word' id='word_1_254' title='bbox 424 2583 518 2646; x_wconf 75' lang='lat' dir='ltr'><strong>stetu</strong></span> <span class='ocrx_word' id='word_1_255' title='bbox 538 2602 618 2648; x_wconf 86' lang='lat' dir='ltr'><strong>nosa</strong></span> <span class='ocrx_word' id='word_1_256' title='bbox 641 2593 685 2653; x_wconf 78' lang='lat' dir='ltr'><strong>iit</strong></span> <span class='ocrx_word' id='word_1_257' title='bbox 709 2589 800 2658; x_wconf 79' lang='lat'><strong>666),¹</strong></span> <span class='ocrx_word' id='word_1_258' title='bbox 813 2591 848 2662; x_wconf 42' lang='lat' dir='ltr'><strong>et,</strong></span> <span class='ocrx_word' id='word_1_259' title='bbox 864 2585 1011 2646; x_wconf 75' lang='lat' dir='ltr'><strong>contusus</strong></span> <span class='ocrx_word' id='word_1_260' title='bbox 1031 2583 1084 2646; x_wconf 87' lang='lat' dir='ltr'><strong>illa</strong></span> <span class='ocrx_word' id='word_1_261' title='bbox 1097 2591 1193 2646; x_wconf 69' lang='lat' dir='ltr'><strong>burm</strong></span> <span class='ocrx_word' id='word_1_262' title='bbox 1213 2601 1300 2663; x_wconf 88' lang='lat' dir='ltr'><strong>porro</strong></span> <span class='ocrx_word' id='word_1_263' title='bbox 1316 2599 1457 2661; x_wconf 60' lang='lat' dir='ltr'><strong>quoque.v</strong></span> <span class='ocrx_word' id='word_1_264' title='bbox 1482 2581 1623 2646; x_wconf 78' lang='lat' dir='ltr'><strong>tlxistimo</strong></span> 
     </span>
     <span class='ocr_line' id='line_1_26' title="bbox 274 2671 1622 2750; baseline -0.004 -14"><span class='ocrx_word' id='word_1_265' title='bbox 274 2673 377 2736; x_wconf 37' lang='lat' dir='ltr'><strong>sunan</strong></span> <span class='ocrx_word' id='word_1_266' title='bbox 398 2672 532 2735; x_wconf 82' lang='lat' dir='ltr'><strong>sufficere</strong></span> <span class='ocrx_word' id='word_1_267' title='bbox 553 2675 615 2749; x_wconf 88' lang='lat' dir='ltr'><strong>tibi,</strong></span> <span class='ocrx_word' id='word_1_268' title='bbox 639 2671 821 2734; x_wconf 86' lang='lat' dir='ltr'><strong>admonitum</strong></span> <span class='ocrx_word' id='word_1_269' title='bbox 842 2689 922 2735; x_wconf 83' lang='lat' dir='ltr'><strong>esse:</strong></span> <span class='ocrx_word' id='word_1_270' title='bbox 944 2680 1050 2734; x_wconf 77' lang='lat' dir='ltr'><strong>cetera</strong></span> <span class='ocrx_word' id='word_1_271' title='bbox 1063 2681 1093 2734; x_wconf 87' lang='lat' dir='ltr'><strong>te</strong></span> <span class='ocrx_word' id='word_1_272' title='bbox 1108 2673 1162 2734; x_wconf 83' lang='lat' dir='ltr'><strong>sbs</strong></span> <span class='ocrx_word' id='word_1_273' title='bbox 1183 2674 1294 2750; x_wconf 90' lang='lat' dir='ltr'><strong>teipso</strong></span> <span class='ocrx_word' id='word_1_274' title='bbox 1308 2687 1396 2750; x_wconf 70' lang='lat' dir='ltr'><strong>pons</strong></span> <span class='ocrx_word' id='word_1_275' title='bbox 1409 2676 1510 2750; x_wconf 83' lang='lat' dir='ltr'><strong>potare</strong></span> <span class='ocrx_word' id='word_1_276' title='bbox 1530 2687 1622 2747; x_wconf 83' lang='lat' dir='ltr'><strong>exque</strong></span> 
     </span>
     <span class='ocr_line' id='line_1_27' title="bbox 279 2759 1076 2838; baseline -0.005 -14"><span class='ocrx_word' id='word_1_277' title='bbox 279 2759 413 2838; x_wconf 80' lang='lat' dir='ltr'><strong>diligenti</strong></span> <span class='ocrx_word' id='word_1_278' title='bbox 434 2761 541 2822; x_wconf 88' lang='lat' dir='ltr'><strong>intuitu</strong></span> <span class='ocrx_word' id='word_1_279' title='bbox 565 2759 820 2823; x_wconf 83' lang='lat' dir='ltr'><strong>constellationum</strong></span> <span class='ocrx_word' id='word_1_280' title='bbox 841 2761 872 2820; x_wconf 92' lang='lat' dir='ltr'><strong>in</strong></span> <span class='ocrx_word' id='word_1_281' title='bbox 894 2763 960 2838; x_wconf 86' lang='lat' dir='ltr'><strong>ipso</strong></span> <span class='ocrx_word' id='word_1_282' title='bbox 982 2759 1076 2822; x_wconf 90' lang='lat' dir='ltr'><strong>coelo.</strong></span> 
     </span>
    </p>

    <p class='ocr_par' dir='ltr' id='par_1_6' title="bbox 238 2844 1626 4760">
     <span class='ocr_line' id='line_1_28' title="bbox 334 2844 1624 2929; baseline -0.002 -21"><span class='ocrx_word' id='word_1_283' title='bbox 334 2913 343 2929; x_wconf 42' lang='grc' dir='ltr'>Η</span> <span class='ocrx_word' id='word_1_284' title='bbox 366 2846 392 2908; x_wconf 91' lang='lat'>0</span> <span class='ocrx_word' id='word_1_285' title='bbox 414 2847 550 2910; x_wconf 73' lang='lat' dir='ltr'><strong>munem</strong></span> <span class='ocrx_word' id='word_1_286' title='bbox 572 2865 693 2912; x_wconf 86' lang='lat' dir='ltr'><strong>uxorem</strong></span> <span class='ocrx_word' id='word_1_287' title='bbox 714 2853 809 2923; x_wconf 77' lang='lat' dir='ltr'><strong>mam,</strong></span> <span class='ocrx_word' id='word_1_288' title='bbox 832 2863 851 2910; x_wconf 92' lang='lat' dir='ltr'><strong>o</strong></span> <span class='ocrx_word' id='word_1_289' title='bbox 872 2847 1081 2910; x_wconf 72' lang='lat' dir='ltr'><strong>emanantem</strong></span> <span class='ocrx_word' id='word_1_290' title='bbox 1102 2847 1146 2908; x_wconf 91' lang='lat' dir='ltr'><strong>illi</strong></span> <span class='ocrx_word' id='word_1_291' title='bbox 1167 2844 1326 2908; x_wconf 84' lang='lat' dir='ltr'><strong>adrentum</strong></span> <span class='ocrx_word' id='word_1_292' title='bbox 1347 2861 1459 2919; x_wconf 88' lang='lat' dir='ltr'><strong>meum,</strong></span> <span class='ocrx_word' id='word_1_293' title='bbox 1487 2845 1540 2922; x_wconf 90' lang='lat' dir='ltr'><strong>qul</strong></span> <span class='ocrx_word' id='word_1_294' title='bbox 1563 2863 1624 2906; x_wconf 87' lang='lat' dir='ltr'><strong>ms·</strong></span> 
     </span>
     <span class='ocr_line' id='line_1_29' title="bbox 280 2929 1624 3016; baseline -0.004 -20"><span class='ocrx_word' id='word_1_295' title='bbox 280 2935 367 2998; x_wconf 88' lang='lat' dir='ltr'><strong>ritum</strong></span> <span class='ocrx_word' id='word_1_296' title='bbox 383 2937 447 3012; x_wconf 76' lang='lat' dir='ltr'><strong>&#39;ipsi</strong></span> <span class='ocrx_word' id='word_1_297' title='bbox 468 2941 555 2996; x_wconf 82' lang='lat' dir='ltr'><strong>snum</strong></span> <span class='ocrx_word' id='word_1_298' title='bbox 577 2939 683 3016; x_wconf 86' lang='lat' dir='ltr'><strong>eripuit</strong></span> <span class='ocrx_word' id='word_1_299' title='bbox 708 2941 798 3013; x_wconf 88' lang='lat' dir='ltr'><strong>inque</strong></span> <span class='ocrx_word' id='word_1_300' title='bbox 818 2936 985 2998; x_wconf 73' lang='lat' dir='ltr'><strong>utatiseseos</strong></span> <span class='ocrx_word' id='word_1_301' title='bbox 1008 2935 1123 2998; x_wconf 66' lang='lat' dir='ltr'><strong>mesta</strong></span> <span class='ocrx_word' id='word_1_302' title='bbox 1151 2941 1181 2996; x_wconf 87' lang='lat' dir='ltr'><strong>et</strong></span> <span class='ocrx_word' id='word_1_303' title='bbox 1209 2935 1291 2998; x_wconf 88' lang='lat' dir='ltr'><strong>lusia</strong></span> <span class='ocrx_word' id='word_1_304' title='bbox 1313 2933 1380 2996; x_wconf 87' lang='lat' dir='ltr'><strong>loca</strong></span> <span class='ocrx_word' id='word_1_305' title='bbox 1406 2929 1547 3008; x_wconf 81' lang='lat' dir='ltr'><strong>abduxit,</strong></span> <span class='ocrx_word' id='word_1_306' title='bbox 1577 2933 1624 2994; x_wconf 92' lang='lat' dir='ltr'><strong>ubi</strong></span> 
     </span>
     <span class='ocr_line' id='line_1_30' title="bbox 279 3021 1623 3104; baseline -0.001 -22"><span class='ocrx_word' id='word_1_307' title='bbox 279 3021 329 3084; x_wconf 90' lang='lat' dir='ltr'><strong>ille</strong></span> <span class='ocrx_word' id='word_1_308' title='bbox 356 3025 594 3102; x_wconf 78' lang='lat' dir='ltr'><strong>trigonometrise</strong></span> <span class='ocrx_word' id='word_1_309' title='bbox 624 3025 751 3104; x_wconf 83' lang='lat' dir='ltr'><strong>vepretis</strong></span> <span class='ocrx_word' id='word_1_310' title='bbox 781 3021 973 3104; x_wconf 79' lang='lat' dir='ltr'><strong>adhaerescit,</strong></span> <span class='ocrx_word' id='word_1_311' title='bbox 1016 3022 1076 3085; x_wconf 83' lang='lat' dir='ltr'><strong>iled</strong></span> <span class='ocrx_word' id='word_1_312' title='bbox 1105 3023 1197 3098; x_wconf 76' lang='lat' dir='ltr'><strong>sedo,</strong></span> <span class='ocrx_word' id='word_1_313' title='bbox 1235 3023 1280 3083; x_wconf 88' lang='lat' dir='ltr'><strong>tui</strong></span> <span class='ocrx_word' id='word_1_314' title='bbox 1314 3027 1391 3082; x_wconf 88' lang='lat' dir='ltr'><strong>uerte</strong></span> <span class='ocrx_word' id='word_1_315' title='bbox 1421 3037 1469 3082; x_wconf 87' lang='lat' dir='ltr'><strong>nse</strong></span> <span class='ocrx_word' id='word_1_316' title='bbox 1500 3022 1623 3096; x_wconf 74' lang='lat' dir='ltr'><strong>miseni,</strong></span> 
     </span>
     <span class='ocr_line' id='line_1_31' title="bbox 281 3105 1625 3190; baseline -0.001 -18"><span class='ocrx_word' id='word_1_317' title='bbox 281 3111 331 3188; x_wconf 87' lang='lat' dir='ltr'><strong>qui</strong></span> <span class='ocrx_word' id='word_1_318' title='bbox 360 3119 474 3188; x_wconf 88' lang='lat' dir='ltr'><strong>tempus</strong></span> <span class='ocrx_word' id='word_1_319' title='bbox 504 3111 682 3174; x_wconf 85' lang='lat' dir='ltr'><strong>aGalendis</strong></span> <span class='ocrx_word' id='word_1_320' title='bbox 704 3109 840 3173; x_wconf 80' lang='lat' dir='ltr'><strong>ianuarii</strong></span> <span class='ocrx_word' id='word_1_321' title='bbox 867 3111 1020 3190; x_wconf 86' lang='lat' dir='ltr'><strong>bucusque</strong></span> <span class='ocrx_word' id='word_1_322' title='bbox 1049 3109 1153 3188; x_wconf 87' lang='lat' dir='ltr'><strong>procul</strong></span> <span class='ocrx_word' id='word_1_323' title='bbox 1180 3107 1270 3170; x_wconf 87' lang='lat' dir='ltr'><strong>dnbio</strong></span> <span class='ocrx_word' id='word_1_324' title='bbox 1298 3105 1459 3188; x_wconf 81' lang='lat' dir='ltr'><strong>perdidisti.</strong></span> <span class='ocrx_word' id='word_1_325' title='bbox 1504 3107 1625 3170; x_wconf 80' lang='lat' dir='ltr'><strong>Invenio</strong></span> 
     </span>
     <span class='ocr_line' id='line_1_32' title="bbox 260 3195 1626 3277; baseline 0.001 -21"><span class='ocrx_word' id='word_1_326' title='bbox 260 3204 311 3258; x_wconf 85' lang='lat' dir='ltr'><strong>¹et</strong></span> <span class='ocrx_word' id='word_1_327' title='bbox 331 3199 406 3260; x_wconf 88' lang='lat' dir='ltr'><strong>inter</strong></span> <span class='ocrx_word' id='word_1_328' title='bbox 427 3216 494 3262; x_wconf 87' lang='lat' dir='ltr'><strong>mea</strong></span> <span class='ocrx_word' id='word_1_329' title='bbox 515 3200 731 3277; x_wconf 79' lang='lat' dir='ltr'><strong>epicheremata</strong></span> <span class='ocrx_word' id='word_1_330' title='bbox 761 3201 821 3260; x_wconf 87' lang='lat' dir='ltr'><strong>tuis</strong></span> <span class='ocrx_word' id='word_1_331' title='bbox 843 3201 998 3262; x_wconf 88' lang='lat' dir='ltr'><strong>conatibus</strong></span> <span class='ocrx_word' id='word_1_332' title='bbox 1018 3197 1140 3271; x_wconf 89' lang='lat' dir='ltr'><strong>similia,</strong></span> <span class='ocrx_word' id='word_1_333' title='bbox 1171 3197 1334 3260; x_wconf 85' lang='lat' dir='ltr'><strong>trustrsnea</strong></span> <span class='ocrx_word' id='word_1_334' title='bbox 1360 3203 1391 3270; x_wconf 81' lang='lat' dir='ltr'><strong>et</strong></span> <span class='ocrx_word' id='word_1_335' title='bbox 1410 3195 1626 3258; x_wconf 83' lang='lat' dir='ltr'><strong>inconsiderata</strong></span> 
     </span>
     <span class='ocr_line' id='line_1_33' title="bbox 280 3281 1626 3363; baseline -0.001 -17"><span class='ocrx_word' id='word_1_336' title='bbox 280 3286 386 3348; x_wconf 77' lang='lat' dir='ltr'><strong>omnia</strong></span> <span class='ocrx_word' id='word_1_337' title='bbox 431 3285 507 3348; x_wconf 77' lang='lat' dir='ltr'><strong>liam</strong></span> <span class='ocrx_word' id='word_1_338' title='bbox 528 3289 554 3348; x_wconf 90' lang='lat' dir='ltr'><strong>si</strong></span> <span class='ocrx_word' id='word_1_339' title='bbox 577 3296 686 3350; x_wconf 78' lang='lat' dir='ltr'><strong>cauum</strong></span> <span class='ocrx_word' id='word_1_340' title='bbox 708 3294 766 3362; x_wconf 88' lang='lat' dir='ltr'><strong>est,</strong></span> <span class='ocrx_word' id='word_1_341' title='bbox 798 3295 831 3348; x_wconf 88' lang='lat' dir='ltr'><strong>ut</strong></span> <span class='ocrx_word' id='word_1_342' title='bbox 852 3295 897 3359; x_wconf 82' lang='lat' dir='ltr'><strong>est</strong></span> <span class='ocrx_word' id='word_1_343' title='bbox 916 3287 1125 3363; x_wconf 76' lang='lat' dir='ltr'><strong>eerbssimum,</strong></span> <span class='ocrx_word' id='word_1_344' title='bbox 1158 3286 1202 3347; x_wconf 88' lang='lat' dir='ltr'><strong>sic</strong></span> <span class='ocrx_word' id='word_1_345' title='bbox 1222 3298 1287 3347; x_wconf 87' lang='lat' dir='ltr'><strong>essa</strong></span> <span class='ocrx_word' id='word_1_346' title='bbox 1309 3287 1383 3346; x_wconf 88' lang='lat' dir='ltr'><strong>iuter</strong></span> <span class='ocrx_word' id='word_1_347' title='bbox 1404 3299 1437 3346; x_wconf 91' lang='lat' dir='ltr'><strong>se</strong></span> <span class='ocrx_word' id='word_1_348' title='bbox 1457 3281 1555 3348; x_wconf 77' lang='lat' dir='ltr'><strong>latura</strong></span> <span class='ocrx_word' id='word_1_349' title='bbox 1575 3287 1626 3344; x_wconf 81' lang='lat' dir='ltr'><strong>ui-</strong></span> 
     </span>
     <span class='ocr_line' id='line_1_34' title="bbox 278 3371 1626 3452; baseline -0.001 -19"><span class='ocrx_word' id='word_1_350' title='bbox 278 3373 468 3452; x_wconf 72' lang='lat' dir='ltr'><strong>anpulorum,</strong></span> <span class='ocrx_word' id='word_1_351' title='bbox 498 3375 575 3436; x_wconf 88' lang='lat' dir='ltr'><strong>sieut</strong></span> <span class='ocrx_word' id='word_1_352' title='bbox 594 3384 664 3438; x_wconf 88' lang='lat' dir='ltr'><strong>sunt</strong></span> <span class='ocrx_word' id='word_1_353' title='bbox 685 3379 759 3438; x_wconf 90' lang='lat' dir='ltr'><strong>inter</strong></span> <span class='ocrx_word' id='word_1_354' title='bbox 780 3392 813 3436; x_wconf 90' lang='lat' dir='ltr'><strong>se</strong></span> <span class='ocrx_word' id='word_1_355' title='bbox 834 3376 941 3436; x_wconf 87' lang='lat' dir='ltr'><strong>sinus</strong></span> <span class='ocrx_word' id='word_1_356' title='bbox 963 3375 1136 3452; x_wconf 75' lang='lat' dir='ltr'><strong>angulorum</strong></span> <span class='ocrx_word' id='word_1_357' title='bbox 1163 3374 1379 3451; x_wconf 84' lang='lat' dir='ltr'><strong>oppositorum,</strong></span> <span class='ocrx_word' id='word_1_358' title='bbox 1411 3371 1518 3434; x_wconf 84' lang='lat' dir='ltr'><strong>trustra</strong></span> <span class='ocrx_word' id='word_1_359' title='bbox 1539 3373 1626 3451; x_wconf 74' lang='lat' dir='ltr'><strong>igitur</strong></span> 
     </span>
     <span class='ocr_line' id='line_1_35' title="bbox 279 3458 1625 3540; baseline -0.001 -18"><span class='ocrx_word' id='word_1_360' title='bbox 279 3461 498 3538; x_wconf 86' lang='lat' dir='ltr'><strong>proportionem</strong></span> <span class='ocrx_word' id='word_1_361' title='bbox 527 3463 756 3540; x_wconf 80' lang='lat' dir='ltr'><strong>angulorum</strong></span> <span class='ocrx_word' id='word_1_362' title='bbox 783 3463 913 3540; x_wconf 86' lang='lat' dir='ltr'><strong>ipsoinm</strong></span> <span class='ocrx_word' id='word_1_363' title='bbox 942 3465 1121 3540; x_wconf 73' lang='lat' dir='ltr'><strong>quesumus,</strong></span> <span class='ocrx_word' id='word_1_364' title='bbox 1155 3477 1232 3538; x_wconf 88' lang='lat' dir='ltr'><strong>qnae</strong></span> <span class='ocrx_word' id='word_1_365' title='bbox 1260 3463 1380 3522; x_wconf 89' lang='lat' dir='ltr'><strong>omnino</strong></span> <span class='ocrx_word' id='word_1_366' title='bbox 1408 3458 1505 3522; x_wconf 79' lang='lat' dir='ltr'><strong>iiten</strong></span> <span class='ocrx_word' id='word_1_367' title='bbox 1536 3477 1557 3521; x_wconf 88' lang='lat' dir='ltr'><strong>s</strong></span> <span class='ocrx_word' id='word_1_368' title='bbox 1585 3463 1625 3521; x_wconf 87' lang='lat' dir='ltr'><strong>st-</strong></span> 
     </span>
     <span class='ocr_line' id='line_1_36' title="bbox 278 3543 1624 3634; baseline 0.001 -26"><span class='ocrx_word' id='word_1_369' title='bbox 278 3563 369 3610; x_wconf 91' lang='lat' dir='ltr'><strong>nnum</strong></span> <span class='ocrx_word' id='word_1_370' title='bbox 390 3551 594 3627; x_wconf 88' lang='lat' dir='ltr'><strong>proportione,</strong></span> <span class='ocrx_word' id='word_1_371' title='bbox 619 3554 691 3613; x_wconf 88' lang='lat' dir='ltr'><strong>recti</strong></span> <span class='ocrx_word' id='word_1_372' title='bbox 713 3551 791 3611; x_wconf 89' lang='lat' dir='ltr'><strong>enim</strong></span> <span class='ocrx_word' id='word_1_373' title='bbox 813 3557 843 3613; x_wconf 87' lang='lat' dir='ltr'><strong>at</strong></span> <span class='ocrx_word' id='word_1_374' title='bbox 865 3551 947 3612; x_wconf 88' lang='lat' dir='ltr'><strong>corvi</strong></span> <span class='ocrx_word' id='word_1_375' title='bbox 968 3546 1066 3634; x_wconf 85' lang='lat' dir='ltr'><strong>(sinus</strong></span> <span class='ocrx_word' id='word_1_376' title='bbox 1087 3549 1263 3628; x_wconf 83' lang='lat' dir='ltr'><strong>laterisque,</strong></span> <span class='ocrx_word' id='word_1_377' title='bbox 1292 3555 1322 3610; x_wconf 94' lang='lat' dir='ltr'><strong>et</strong></span> <span class='ocrx_word' id='word_1_378' title='bbox 1344 3563 1429 3610; x_wconf 76' lang='lat' dir='ltr'><strong>mous</strong></span> <span class='ocrx_word' id='word_1_379' title='bbox 1450 3543 1624 3629; x_wconf 73' lang='lat' dir='ltr'><strong>angelique)</strong></span> 
     </span>
     <span class='ocr_line' id='line_1_37' title="bbox 278 3633 1625 3714; baseline 0.002 -21"><span class='ocrx_word' id='word_1_380' title='bbox 278 3635 361 3698; x_wconf 91' lang='lat' dir='ltr'><strong>nulla</strong></span> <span class='ocrx_word' id='word_1_381' title='bbox 381 3643 427 3698; x_wconf 83' lang='lat' dir='ltr'><strong>est</strong></span> <span class='ocrx_word' id='word_1_382' title='bbox 448 3640 598 3714; x_wconf 89' lang='lat' dir='ltr'><strong>proportio</strong></span> <span class='ocrx_word' id='word_1_383' title='bbox 619 3637 752 3714; x_wconf 76' lang='lat' dir='ltr'><strong>eiiabilb,</strong></span> <span class='ocrx_word' id='word_1_384' title='bbox 773 3635 857 3699; x_wconf 83' lang='lat' dir='ltr'><strong>nulia</strong></span> <span class='ocrx_word' id='word_1_385' title='bbox 877 3633 1188 3700; x_wconf 63' lang='lat' dir='ltr'><strong>nemetinensis</strong></span> <span class='ocrx_word' id='word_1_386' title='bbox 1210 3634 1326 3698; x_wconf 85' lang='lat' dir='ltr'><strong>decimo</strong></span> <span class='ocrx_word' id='word_1_387' title='bbox 1345 3634 1483 3711; x_wconf 82' lang='lat' dir='ltr'><strong>Euclidis,</strong></span> <span class='ocrx_word' id='word_1_388' title='bbox 1506 3637 1560 3698; x_wconf 84' lang='lat' dir='ltr'><strong>aad</strong></span> <span class='ocrx_word' id='word_1_389' title='bbox 1581 3639 1625 3696; x_wconf 88' lang='lat' dir='ltr'><strong>in·</strong></span> 
     </span>
     <span class='ocr_line' id='line_1_38' title="bbox 262 3721 1624 3804; baseline -0.002 -18"><span class='ocrx_word' id='word_1_390' title='bbox 262 3722 471 3787; x_wconf 79' lang='lat' dir='ltr'><strong>-iluitadatnr</strong></span> <span class='ocrx_word' id='word_1_391' title='bbox 492 3721 737 3804; x_wconf 82' lang='lat' dir='ltr'><strong>appropinquatio</strong></span> <span class='ocrx_word' id='word_1_392' title='bbox 759 3727 880 3786; x_wconf 84' lang='lat' dir='ltr'><strong>sinuum&#39;</strong></span> <span class='ocrx_word' id='word_1_393' title='bbox 895 3742 965 3803; x_wconf 79' lang='lat' dir='ltr'><strong>erga</strong></span> <span class='ocrx_word' id='word_1_394' title='bbox 986 3742 1056 3787; x_wconf 88' lang='lat' dir='ltr'><strong>suos</strong></span> <span class='ocrx_word' id='word_1_395' title='bbox 1078 3741 1162 3787; x_wconf 85' lang='lat' dir='ltr'><strong>arnus</strong></span> <span class='ocrx_word' id='word_1_396' title='bbox 1178 3725 1382 3803; x_wconf 85' lang='lat' dir='ltr'><strong>proportionis,</strong></span> <span class='ocrx_word' id='word_1_397' title='bbox 1405 3727 1624 3802; x_wconf 88' lang='lat' dir='ltr'><strong>aproportiona</strong></span> 
     </span>
     <span class='ocr_line' id='line_1_39' title="bbox 238 3807 1625 3890; baseline -0.002 -16"><span class='ocrx_word' id='word_1_398' title='bbox 238 3815 240 3821; x_wconf 81' lang='grc'>’</span> <span class='ocrx_word' id='word_1_399' title='bbox 261 3813 409 3880; x_wconf 78' lang='lat' dir='ltr'><strong>‚mutina</strong></span> <span class='ocrx_word' id='word_1_400' title='bbox 428 3814 511 3874; x_wconf 87' lang='lat' dir='ltr'><strong>sinna</strong></span> <span class='ocrx_word' id='word_1_401' title='bbox 532 3814 603 3874; x_wconf 86' lang='lat' dir='ltr'><strong>resti</strong></span> <span class='ocrx_word' id='word_1_402' title='bbox 625 3814 665 3876; x_wconf 90' lang='lat' dir='ltr'><strong>ad</strong></span> <span class='ocrx_word' id='word_1_403' title='bbox 685 3812 892 3890; x_wconf 85' lang='lat' dir='ltr'><strong>quadrantem,</strong></span> <span class='ocrx_word' id='word_1_404' title='bbox 914 3812 955 3873; x_wconf 90' lang='lat' dir='ltr'><strong>ad</strong></span> <span class='ocrx_word' id='word_1_405' title='bbox 975 3815 1142 3889; x_wconf 87' lang='lat' dir='ltr'><strong>minimam,</strong></span> <span class='ocrx_word' id='word_1_406' title='bbox 1157 3811 1188 3874; x_wconf 88' lang='lat' dir='ltr'><strong>id</strong></span> <span class='ocrx_word' id='word_1_407' title='bbox 1210 3821 1255 3876; x_wconf 89' lang='lat' dir='ltr'><strong>est</strong></span> <span class='ocrx_word' id='word_1_408' title='bbox 1275 3807 1479 3889; x_wconf 78' lang='lat' dir='ltr'><strong>aequalitatis,</strong></span> <span class='ocrx_word' id='word_1_409' title='bbox 1502 3829 1625 3890; x_wconf 86' lang='lat' dir='ltr'><strong>propor-</strong></span> 
     </span>
     <span class='ocr_line' id='line_1_40' title="bbox 278 3897 1623 3980; baseline -0.001 -18"><span class='ocrx_word' id='word_1_410' title='bbox 278 3901 389 3962; x_wconf 83' lang='lat' dir='ltr'><strong>tionem</strong></span> <span class='ocrx_word' id='word_1_411' title='bbox 416 3901 498 3962; x_wconf 86' lang='lat' dir='ltr'><strong>sinus</strong></span> <span class='ocrx_word' id='word_1_412' title='bbox 521 3897 652 3978; x_wconf 81' lang='lat' dir='ltr'><strong>minimi,</strong></span> <span class='ocrx_word' id='word_1_413' title='bbox 681 3901 738 3963; x_wconf 90' lang='lat' dir='ltr'><strong>boc</strong></span> <span class='ocrx_word' id='word_1_414' title='bbox 764 3907 811 3964; x_wconf 87' lang='lat' dir='ltr'><strong>est</strong></span> <span class='ocrx_word' id='word_1_415' title='bbox 830 3903 930 3980; x_wconf 87' lang='lat' dir='ltr'><strong>puncti</strong></span> <span class='ocrx_word' id='word_1_416' title='bbox 957 3901 996 3962; x_wconf 88' lang='lat' dir='ltr'><strong>ad</strong></span> <span class='ocrx_word' id='word_1_417' title='bbox 1023 3917 1123 3962; x_wconf 74' lang='lat' dir='ltr'><strong>menan</strong></span> <span class='ocrx_word' id='word_1_418' title='bbox 1152 3901 1321 3975; x_wconf 90' lang='lat' dir='ltr'><strong>minimum,</strong></span> <span class='ocrx_word' id='word_1_419' title='bbox 1337 3897 1453 3960; x_wconf 75' lang='lat' dir='ltr'><strong>&#39;itidem</strong></span> <span class='ocrx_word' id='word_1_420' title='bbox 1473 3908 1623 3976; x_wconf 68' lang='lat' dir='ltr'><strong>passuum.</strong></span> 
     </span>
     <span class='ocr_line' id='line_1_41' title="bbox 279 3985 1623 4069; baseline -0.001 -20"><span class='ocrx_word' id='word_1_421' title='bbox 279 3985 393 4064; x_wconf 84' lang='lat' dir='ltr'><strong>Quodsi</strong></span> <span class='ocrx_word' id='word_1_422' title='bbox 414 4005 482 4050; x_wconf 90' lang='lat' dir='ltr'><strong>nos·</strong></span> <span class='ocrx_word' id='word_1_423' title='bbox 497 4005 556 4049; x_wconf 91' lang='lat' dir='ltr'><strong>non</strong></span> <span class='ocrx_word' id='word_1_424' title='bbox 578 3988 670 4067; x_wconf 91' lang='lat' dir='ltr'><strong>pudet</strong></span> <span class='ocrx_word' id='word_1_425' title='bbox 697 4005 815 4050; x_wconf 86' lang='lat' dir='ltr'><strong>mensae</strong></span> <span class='ocrx_word' id='word_1_426' title='bbox 836 3988 1067 4069; x_wconf 74' lang='lat' dir='ltr'><strong>Pydssqodese,</strong></span> <span class='ocrx_word' id='word_1_427' title='bbox 1095 3985 1191 4066; x_wconf 85' lang='lat' dir='ltr'><strong>neque</strong></span> <span class='ocrx_word' id='word_1_428' title='bbox 1211 3991 1333 4050; x_wconf 84' lang='lat' dir='ltr'><strong>canonis</strong></span> <span class='ocrx_word' id='word_1_429' title='bbox 1360 3989 1484 4068; x_wconf 79' lang='lat' dir='ltr'><strong>sisinum¹</strong></span> <span class='ocrx_word' id='word_1_430' title='bbox 1497 3987 1623 4066; x_wconf 66' lang='lat' dir='ltr'><strong>pedesq</strong></span> 
     </span>
     <span class='ocr_line' id='line_1_42' title="bbox 277 4073 1624 4155; baseline 0 -19"><span class='ocrx_word' id='word_1_431' title='bbox 277 4079 432 4153; x_wconf 74' lang='lat' dir='ltr'><strong>angustiae</strong></span> <span class='ocrx_word' id='word_1_432' title='bbox 454 4077 553 4154; x_wconf 88' lang='lat' dir='ltr'><strong>potius</strong></span> <span class='ocrx_word' id='word_1_433' title='bbox 574 4095 629 4138; x_wconf 93' lang='lat' dir='ltr'><strong>nos</strong></span> <span class='ocrx_word' id='word_1_434' title='bbox 650 4073 762 4155; x_wconf 82' lang='lat' dir='ltr'><strong>pudeat</strong></span> <span class='ocrx_word' id='word_1_435' title='bbox 782 4079 939 4139; x_wconf 84' lang='lat' dir='ltr'><strong>memoriae</strong></span> <span class='ocrx_word' id='word_1_436' title='bbox 961 4085 1094 4151; x_wconf 80' lang='lat' dir='ltr'><strong>nocuae,</strong></span> <span class='ocrx_word' id='word_1_437' title='bbox 1123 4080 1174 4155; x_wconf 87' lang='lat' dir='ltr'><strong>qui</strong></span> <span class='ocrx_word' id='word_1_438' title='bbox 1196 4077 1369 4138; x_wconf 84' lang='lat' dir='ltr'><strong>infinitatem</strong></span> <span class='ocrx_word' id='word_1_439' title='bbox 1398 4073 1480 4136; x_wconf 86' lang='lat' dir='ltr'><strong>illam</strong></span> <span class='ocrx_word' id='word_1_440' title='bbox 1501 4093 1624 4154; x_wconf 89' lang='lat' dir='ltr'><strong>propor-</strong></span> 
     </span>
     <span class='ocr_line' id='line_1_43' title="bbox 277 4163 1623 4244; baseline 0.003 -24"><span class='ocrx_word' id='word_1_441' title='bbox 277 4163 390 4225; x_wconf 87' lang='lat' dir='ltr'><strong>tionum</strong></span> <span class='ocrx_word' id='word_1_442' title='bbox 413 4163 513 4226; x_wconf 84' lang='lat' dir='ltr'><strong>circuli</strong></span> <span class='ocrx_word' id='word_1_443' title='bbox 534 4181 594 4225; x_wconf 91' lang='lat' dir='ltr'><strong>non</strong></span> <span class='ocrx_word' id='word_1_444' title='bbox 616 4163 757 4244; x_wconf 71' lang='lat' dir='ltr'><strong>capimus.</strong></span> <span class='ocrx_word' id='word_1_445' title='bbox 795 4164 931 4227; x_wconf 84' lang='lat' dir='ltr'><strong>Contenti</strong></span> <span class='ocrx_word' id='word_1_446' title='bbox 951 4168 1052 4242; x_wconf 84' lang='lat' dir='ltr'><strong>simus,</strong></span> <span class='ocrx_word' id='word_1_447' title='bbox 1075 4163 1137 4226; x_wconf 86' lang='lat' dir='ltr'><strong>deri</strong></span> <span class='ocrx_word' id='word_1_448' title='bbox 1151 4164 1245 4226; x_wconf 88' lang='lat' dir='ltr'><strong>lineas</strong></span> <span class='ocrx_word' id='word_1_449' title='bbox 1267 4167 1429 4240; x_wconf 86' lang='lat' dir='ltr'><strong>cuicunque</strong></span> <span class='ocrx_word' id='word_1_450' title='bbox 1451 4165 1535 4224; x_wconf 74' lang='lat' dir='ltr'><strong>arou</strong></span> <span class='ocrx_word' id='word_1_451' title='bbox 1556 4167 1623 4242; x_wconf 89' lang='lat' dir='ltr'><strong>pro-</strong></span> 
     </span>
     <span class='ocr_line' id='line_1_44' title="bbox 277 4249 1623 4332; baseline 0.004 -24"><span class='ocrx_word' id='word_1_452' title='bbox 277 4249 372 4330; x_wconf 71' lang='lat' dir='ltr'><strong>ximas</strong></span> <span class='ocrx_word' id='word_1_453' title='bbox 393 4255 487 4330; x_wconf 60' lang='lat' dir='ltr'><strong>mama</strong></span> <span class='ocrx_word' id='word_1_454' title='bbox 508 4254 662 4331; x_wconf 78' lang='lat' dir='ltr'><strong>magisque</strong></span> <span class='ocrx_word' id='word_1_455' title='bbox 679 4253 715 4312; x_wconf 70' lang='lat' dir='ltr'><strong>‘in</strong></span> <span class='ocrx_word' id='word_1_456' title='bbox 736 4251 881 4314; x_wconf 88' lang='lat' dir='ltr'><strong>infinitum</strong></span> <span class='ocrx_word' id='word_1_457' title='bbox 901 4270 1010 4332; x_wconf 87' lang='lat' dir='ltr'><strong>usquo,</strong></span> <span class='ocrx_word' id='word_1_458' title='bbox 1039 4255 1067 4314; x_wconf 90' lang='lat' dir='ltr'><strong>si</strong></span> <span class='ocrx_word' id='word_1_459' title='bbox 1089 4254 1154 4330; x_wconf 90' lang='lat' dir='ltr'><strong>quis</strong></span> <span class='ocrx_word' id='word_1_460' title='bbox 1176 4251 1268 4313; x_wconf 80' lang='lat' dir='ltr'><strong>sobet</strong></span> <span class='ocrx_word' id='word_1_461' title='bbox 1287 4251 1557 4324; x_wconf 80' lang='lat' dir='ltr'><strong>laboremsnmare</strong></span> <span class='ocrx_word' id='word_1_462' title='bbox 1578 4261 1623 4313; x_wconf 88' lang='lat' dir='ltr'><strong>to·</strong></span> 
     </span>
     <span class='ocr_line' id='line_1_45' title="bbox 276 4336 1622 4422; baseline 0.006 -28"><span class='ocrx_word' id='word_1_463' title='bbox 276 4336 392 4412; x_wconf 83' lang='lat' dir='ltr'><strong>tiaeque</strong></span> <span class='ocrx_word' id='word_1_464' title='bbox 413 4346 509 4402; x_wconf 87' lang='lat' dir='ltr'><strong>sctum</strong></span> <span class='ocrx_word' id='word_1_465' title='bbox 531 4357 629 4418; x_wconf 54' lang='lat' dir='ltr'><strong>mere.</strong></span> <span class='ocrx_word' id='word_1_466' title='bbox 648 4347 653 4360; x_wconf 92' lang='lat'>&#39;</span> <span class='ocrx_word' id='word_1_467' title='bbox 672 4340 749 4401; x_wconf 81' lang='lat' dir='ltr'><strong>llam</strong></span> <span class='ocrx_word' id='word_1_468' title='bbox 769 4355 890 4402; x_wconf 78' lang='lat' dir='ltr'><strong>menum</strong></span> <span class='ocrx_word' id='word_1_469' title='bbox 912 4343 1051 4422; x_wconf 86' lang='lat' dir='ltr'><strong>ipsorum,</strong></span> <span class='ocrx_word' id='word_1_470' title='bbox 1075 4343 1127 4420; x_wconf 89' lang='lat' dir='ltr'><strong>qui</strong></span> <span class='ocrx_word' id='word_1_471' title='bbox 1146 4341 1274 4402; x_wconf 79' lang='lat' dir='ltr'><strong>numerb</strong></span> <span class='ocrx_word' id='word_1_472' title='bbox 1297 4341 1504 4418; x_wconf 87' lang='lat' dir='ltr'><strong>exprimuntur,</strong></span> <span class='ocrx_word' id='word_1_473' title='bbox 1531 4339 1622 4402; x_wconf 71' lang='lat' dir='ltr'><strong>usae</strong></span> 
     </span>
     <span class='ocr_line' id='line_1_46' title="bbox 276 4419 1622 4506; baseline 0.006 -25"><span class='ocrx_word' id='word_1_474' title='bbox 276 4419 447 4498; x_wconf 86' lang='lat' dir='ltr'><strong>pleraeque,</strong></span> <span class='ocrx_word' id='word_1_475' title='bbox 469 4444 506 4488; x_wconf 90' lang='lat' dir='ltr'><strong>ne</strong></span> <span class='ocrx_word' id='word_1_476' title='bbox 528 4427 659 4504; x_wconf 80' lang='lat' dir='ltr'><strong>utana,</strong></span> <span class='ocrx_word' id='word_1_477' title='bbox 680 4445 739 4489; x_wconf 92' lang='lat' dir='ltr'><strong>non</strong></span> <span class='ocrx_word' id='word_1_478' title='bbox 761 4435 875 4490; x_wconf 84' lang='lat' dir='ltr'><strong>tantum</strong></span> <span class='ocrx_word' id='word_1_479' title='bbox 896 4429 1067 4506; x_wconf 79' lang='lat' dir='ltr'><strong>ineffabiles,</strong></span> <span class='ocrx_word' id='word_1_480' title='bbox 1091 4427 1144 4491; x_wconf 88' lang='lat' dir='ltr'><strong>sed</strong></span> <span class='ocrx_word' id='word_1_481' title='bbox 1166 4427 1253 4506; x_wconf 85' lang='lat' dir='ltr'><strong>pians</strong></span> <span class='ocrx_word' id='word_1_482' title='bbox 1269 4427 1425 4489; x_wconf 62' lang='lat' dir='ltr'><strong>=ineoibilea</strong></span> <span class='ocrx_word' id='word_1_483' title='bbox 1446 4435 1537 4488; x_wconf 86' lang='lat' dir='ltr'><strong>sunt·</strong></span> <span class='ocrx_word' id='word_1_484' title='bbox 1570 4425 1622 4489; x_wconf 88' lang='lat' dir='ltr'><strong>Ul·</strong></span> 
     </span>
     <span class='ocr_line' id='line_1_47' title="bbox 277 4511 1622 4594; baseline 0.007 -27"><span class='ocrx_word' id='word_1_485' title='bbox 277 4511 349 4570; x_wconf 88' lang='lat' dir='ltr'><strong>tima</strong></span> <span class='ocrx_word' id='word_1_486' title='bbox 371 4517 401 4570; x_wconf 92' lang='lat' dir='ltr'><strong>at</strong></span> <span class='ocrx_word' id='word_1_487' title='bbox 422 4513 542 4575; x_wconf 88' lang='lat' dir='ltr'><strong>minima</strong></span> <span class='ocrx_word' id='word_1_488' title='bbox 561 4517 776 4593; x_wconf 85' lang='lat' dir='ltr'><strong>subtensaruni,</strong></span> <span class='ocrx_word' id='word_1_489' title='bbox 800 4516 910 4578; x_wconf 90' lang='lat' dir='ltr'><strong>eircqu</strong></span> <span class='ocrx_word' id='word_1_490' title='bbox 932 4519 1013 4578; x_wconf 74' lang='lat' dir='ltr'><strong>same</strong></span> <span class='ocrx_word' id='word_1_491' title='bbox 1035 4523 1126 4594; x_wconf 87' lang='lat' dir='ltr'><strong>secto,</strong></span> <span class='ocrx_word' id='word_1_492' title='bbox 1148 4519 1180 4575; x_wconf 88' lang='lat' dir='ltr'><strong>iu</strong></span> <span class='ocrx_word' id='word_1_493' title='bbox 1194 4516 1333 4594; x_wconf 54' lang='lat' dir='ltr'><strong>aqualia</strong></span> <span class='ocrx_word' id='word_1_494' title='bbox 1346 4521 1462 4591; x_wconf 82' lang='lat' dir='ltr'><strong>tamen,</strong></span> <span class='ocrx_word' id='word_1_495' title='bbox 1485 4521 1532 4577; x_wconf 88' lang='lat' dir='ltr'><strong>est</strong></span> <span class='ocrx_word' id='word_1_496' title='bbox 1553 4515 1622 4576; x_wconf 88' lang='lat' dir='ltr'><strong>sub·</strong></span> 
     </span>
     <span class='ocr_line' id='line_1_48' title="bbox 276 4598 1621 4684; baseline 0.007 -27"><span class='ocrx_word' id='word_1_497' title='bbox 276 4598 475 4659; x_wconf 79' lang='lat' dir='ltr'><strong>terratribus</strong></span> <span class='ocrx_word' id='word_1_498' title='bbox 496 4601 643 4677; x_wconf 66' lang='lat' dir='ltr'><strong>madibus.</strong></span> <span class='ocrx_word' id='word_1_499' title='bbox 687 4601 781 4667; x_wconf 88' lang='lat' dir='ltr'><strong>Unius</strong></span> <span class='ocrx_word' id='word_1_500' title='bbox 804 4603 912 4684; x_wconf 63' lang='lat' dir='ltr'><strong>modus</strong></span> <span class='ocrx_word' id='word_1_501' title='bbox 931 4605 1105 4668; x_wconf 23' lang='lat' dir='ltr'><strong>,subortam</strong></span> <span class='ocrx_word' id='word_1_502' title='bbox 1129 4619 1254 4667; x_wconf 77' lang='lat' dir='ltr'><strong>nsceme</strong></span> <span class='ocrx_word' id='word_1_503' title='bbox 1275 4611 1321 4665; x_wconf 88' lang='lat' dir='ltr'><strong>est</strong></span> <span class='ocrx_word' id='word_1_504' title='bbox 1347 4603 1485 4682; x_wconf 62' lang='lat' dir='ltr'><strong>merul.</strong></span> <span class='ocrx_word' id='word_1_505' title='bbox 1530 4603 1621 4666; x_wconf 81' lang='lat' dir='ltr'><strong>naus</strong></span> 
     </span>
     <span class='ocr_line' id='line_1_49' title="bbox 275 4684 1620 4760; baseline 0.005 -15"><span class='ocrx_word' id='word_1_506' title='bbox 275 4684 394 4760; x_wconf 89' lang='lat' dir='ltr'><strong>quidem</strong></span> <span class='ocrx_word' id='word_1_507' title='bbox 422 4686 563 4748; x_wconf 75' lang='lat' dir='ltr'><strong>subteneo</strong></span> <span class='ocrx_word' id='word_1_508' title='bbox 588 4687 621 4748; x_wconf 84' lang='lat'><strong>1⁰</strong></span> <span class='ocrx_word' id='word_1_509' title='bbox 644 4687 695 4754; x_wconf 72' lang='lat'><strong>80¹</strong></span> <span class='ocrx_word' id='word_1_510' title='bbox 720 4700 749 4756; x_wconf 90' lang='lat' dir='ltr'><strong>ot</strong></span> <span class='ocrx_word' id='word_1_511' title='bbox 771 4688 807 4755; x_wconf 85' lang='lat'><strong>0⁰</strong></span> <span class='ocrx_word' id='word_1_512' title='bbox 829 4689 882 4754; x_wconf 75' lang='lat'><strong>45¹</strong></span> <span class='ocrx_word' id='word_1_513' title='bbox 910 4699 941 4756; x_wconf 92' lang='lat' dir='ltr'><strong>at</strong></span> <span class='ocrx_word' id='word_1_514' title='bbox 961 4687 998 4754; x_wconf 90' lang='lat'><strong>0⁰</strong></span> <span class='ocrx_word' id='word_1_515' title='bbox 1020 4691 1073 4753; x_wconf 75' lang='lat'><strong>22¹</strong></span> <span class='ocrx_word' id='word_1_516' title='bbox 1097 4693 1159 4754; x_wconf 69' lang='lat'><strong>30⁸¹</strong></span> <span class='ocrx_word' id='word_1_517' title='bbox 1180 4698 1210 4752; x_wconf 91' lang='lat' dir='ltr'><strong>et</strong></span> <span class='ocrx_word' id='word_1_518' title='bbox 1232 4687 1268 4752; x_wconf 88' lang='lat'><strong>0⁰</strong></span> <span class='ocrx_word' id='word_1_519' title='bbox 1282 4687 1342 4752; x_wconf 55' lang='lat'><strong>211‘</strong></span> <span class='ocrx_word' id='word_1_520' title='bbox 1351 4687 1428 4752; x_wconf 71' lang='lat'><strong><em>&#39;1⁶¹¹</em></strong></span> <span class='ocrx_word' id='word_1_521' title='bbox 1460 4697 1490 4752; x_wconf 90' lang='lat' dir='ltr'><strong>at</strong></span> <span class='ocrx_word' id='word_1_522' title='bbox 1522 4691 1620 4752; x_wconf 87' lang='lat' dir='ltr'><strong>sicin</strong></span> 
     </span>
    </p>
   </div>
   <div class='ocr_carea' id='block_1_5' title="bbox 150 4771 1620 4860">
    <p class='ocr_par' dir='ltr' id='par_1_7' title="bbox 150 4771 1620 4860">
     <span class='ocr_line' id='line_1_50' title="bbox 150 4771 1620 4860; baseline 0.005 -28"><span class='ocrx_word' id='word_1_523' title='bbox 150 4783 158 4797; x_wconf 91' lang='lat'>·</span> <span class='ocrx_word' id='word_1_524' title='bbox 274 4771 432 4849; x_wconf 87' lang='lat' dir='ltr'><strong>inlinitum,</strong></span> <span class='ocrx_word' id='word_1_525' title='bbox 461 4771 515 4835; x_wconf 89' lang='lat' dir='ltr'><strong>sed</strong></span> <span class='ocrx_word' id='word_1_526' title='bbox 536 4774 705 4840; x_wconf 87' lang='lat' dir='ltr'><strong>biseotlonis</strong></span> <span class='ocrx_word' id='word_1_527' title='bbox 727 4779 891 4860; x_wconf 84' lang='lat' dir='ltr'><strong>aequabilis</strong></span> <span class='ocrx_word' id='word_1_528' title='bbox 912 4781 1079 4857; x_wconf 87' lang='lat' dir='ltr'><strong>uniiormis,</strong></span> <span class='ocrx_word' id='word_1_529' title='bbox 1110 4786 1143 4840; x_wconf 92' lang='lat' dir='ltr'><strong>at</strong></span> <span class='ocrx_word' id='word_1_530' title='bbox 1164 4780 1296 4840; x_wconf 68' lang='lat' dir='ltr'><strong>macedo</strong></span> <span class='ocrx_word' id='word_1_531' title='bbox 1326 4777 1488 4840; x_wconf 83' lang='lat' dir='ltr'><strong>scientifica</strong></span> <span class='ocrx_word' id='word_1_532' title='bbox 1509 4778 1620 4840; x_wconf 78' lang='lat' dir='ltr'><strong>ininaits</strong></span> 
     </span>
    </p>
   </div>
   <div class='ocr_carea' id='block_1_6' title="bbox 272 4858 1618 4967">
    <p class='ocr_par' dir='ltr' id='par_1_8' title="bbox 272 4858 1618 4967">
     <span class='ocr_line' id='line_1_51' title="bbox 272 4858 1618 4967; baseline 0.01 -48"><span class='ocrx_word' id='word_1_533' title='bbox 272 4871 332 4924; x_wconf 90' lang='lat' dir='ltr'><strong>non</strong></span> <span class='ocrx_word' id='word_1_534' title='bbox 353 4861 447 4941; x_wconf 85' lang='lat' dir='ltr'><strong>datur,</strong></span> <span class='ocrx_word' id='word_1_535' title='bbox 476 4878 532 4926; x_wconf 91' lang='lat' dir='ltr'><strong>neo</strong></span> <span class='ocrx_word' id='word_1_536' title='bbox 553 4863 736 4941; x_wconf 76' lang='lat' dir='ltr'><strong>quintiacus.</strong></span> <span class='ocrx_word' id='word_1_537' title='bbox 780 4869 918 4932; x_wconf 73' lang='grc' dir='ltr'><strong>θοοοίοοο</strong></span> <span class='ocrx_word' id='word_1_538' title='bbox 940 4867 1060 4967; x_wconf 79' lang='lat' dir='ltr'><strong>quidem</strong></span> <span class='ocrx_word' id='word_1_539' title='bbox 1087 4869 1284 4947; x_wconf 71' lang='lat' dir='ltr'><strong>maculosas,</strong></span> <span class='ocrx_word' id='word_1_540' title='bbox 1314 4858 1545 4945; x_wconf 87' lang='lat' dir='ltr'><strong>quintseationes</strong></span> <span class='ocrx_word' id='word_1_541' title='bbox 1567 4875 1618 4933; x_wconf 79' lang='lat' dir='ltr'><strong>eta</strong></span> 
     </span>
    </p>
   </div>
   <div class='ocr_carea' id='block_1_7' title="bbox 0 0 1744 5548">
    <p class='ocr_par' dir='ltr' id='par_1_9' title="bbox 0 0 1744 5548">
     <span class='ocr_line' id='line_1_52' title="bbox 0 0 1744 5548; baseline 0 2"><span class='ocrx_word' id='word_1_542' title='bbox 0 0 1744 5548; x_wconf 95' lang='lat' dir='ltr'><strong> </strong></span> 
     </span>
    </p>
   </div>
  </div>
 </body>
</html>
