3676 5536
278 368 338 435 186
700 337 701 344 ἵ
804 377 846 432 Dc
863 375 1086 448 Propordcnibus

243 617 246 623 ,
275 550 315 610 ad
336 551 455 613 ciendos
476 555 595 615 affectus
617 557 777 616 imitatione
798 571 951 628 sonorum,
986 573 1060 630 quos
1090 555 1180 616 edunt
1205 557 1344 616 animalia
1375 556 1412 616 ad
1435 555 1619 618 testificanda

276 656 330 698 sua
352 639 509 716 desideria,
532 643 709 720 hincpatet,
733 645 843 702 variam
860 650 890 701 et
903 642 1092 721 multiplicem
1107 661 1171 704 esse
1187 643 1261 705 hauc
1278 645 1504 722 disputationem
1523 646 1618 706 adeo-

278 743 333 802 que
356 729 484 790 infinitae
506 729 642 806 similem3
664 747 740 807 quac
759 747 828 788 cum
851 747 932 790 meos
946 729 1070 790 lacertos
1092 741 1216 808 superet,
1243 735 1350 792 rectius
1373 735 1617 793 transmitteretur

276 815 413 874 universa
435 820 585 895 empiricis,
607 819 663 876 hoc
685 826 729 878 eet
750 820 868 876 musicis
890 819 1038 894 practicis,
1062 821 1170 896 quippe
1193 821 1243 896 qui
1266 821 1327 879 sine
1350 821 1616 898 praeceptionibus,

276 902 340 962 solo
363 911 482 964 naturae
505 905 591 964 ductu
614 904 828 964 admirabilium
851 905 1040 967 melodiarum
1063 905 1187 966 subinde
1210 915 1343 966 auctores
1366 909 1509 980 existunt,
1536 907 1618 984 quod

277 991 347 1066 ipsis
369 990 455 1066 lenge
478 1001 522 1052 est
542 991 663 1067 facilius,
687 1002 838 1069 quamue,
861 991 930 1067 quid
952 995 990 1051 sit
1013 1000 1114 1052 cantus
1138 1001 1167 1052 et
1188 997 1217 1051 in
1234 1011 1293 1070 quo
1309 997 1451 1054 consistat
1472 1005 1525 1056 aut
1539 1010 1616 1071 quo·
1651 1007 1656 1018 ⁴

276 1077 363 1137 ruodo
386 1077 479 1138 iactus
501 1082 552 1153 sit,
577 1083 706 1140 oratione
729 1079 819 1156 longa
840 1086 868 1138 et
891 1079 999 1140 diserta
1021 1073 1203 1156 eloquant'ur.
1249 1081 1323 1141 Cum
1345 1085 1438 1156 enim,
1469 1090 1501 1141 ut
1524 1085 1618 1141 oratio

176 1193 182 1212 ι
279 1182 374 1241 prosa,
400 1168 532 1238 carmine,
554 1169 598 1226 sic
619 1186 707 1228 voces
731 1174 760 1227 et
782 1173 881 1241 gestus
905 1169 1083 1227 animantum
1108 1177 1195 1227 cautu
1211 1177 1461 1247 repraesententur
1484 1177 1513 1229 ct
1528 1170 1620 1228 veluti

281 1252 486 1328 depingantur,
519 1261 595 1315 certe
617 1264 650 1314 ut
672 1257 802 1332 poetice,
836 1257 879 1313 sie
900 1255 988 1313 etiam
1010 1258 1123 1314 musica
1151 1264 1255 1315 cantus
1277 1257 1468 1335 componendi
1497 1256 1621 1316 incultas

278 1356 333 1399 usu
356 1347 385 1399 et
407 1345 613 1401 exercitatione
635 1344 709 1414 sola,
732 1345 756 1400 si
780 1343 865 1402 luerit
886 1344 1033 1419 ingenium
1057 1345 1143 1403 etiam
1167 1352 1272 1403 natura
1294 1344 1404 1403 factum
1426 1345 1465 1404 ad
1487 1344 1553 1416 hoc,
1576 1351 1620 1404 est

277 1426 462 1486 addiscenda.

362 1513 439 1590 Quia
460 1527 557 1576 tanuen
580 1534 647 1594 pars
670 1525 713 1575 eat
734 1517 1006 1576 honestissimarum
1021 1518 1110 1574 animi
1129 1519 1349 1591 recreationem,
1373 1517 1512 1593 indagare
1526 1535 1620 1577 rerum
1658 1559 1661 1566 .

275 1621 388 1672 causas,
411 1613 462 1664 aut
483 1603 521 1662 ab
544 1603 610 1662 aliia
630 1612 759 1682 repertas
782 1606 943 1663 comminue
966 1605 1080 1674 intueri,
1105 1603 1181 1664 adeo
1196 1603 1322 1679 quidem,
1346 1613 1379 1664 ut
1401 1608 1488 1664 etiarn
1506 1606 1620 1664 Aristo-

275 1692 362 1751 teles.
378 1691 589 1768 problematum
618 1709 736 1751 suorum
766 1699 878 1768 partem
907 1708 964 1750 non
996 1693 1145 1750 minimam
1181 1692 1476 1771 contemplationibus
1510 1692 1621 1751 dederit

275 1779 465 1852 harmonicis,
488 1777 652 1838 conandum
675 1783 763 1838 ctiam
785 1780 832 1837 hic
855 1785 900 1838 est
921 1779 1033 1854 aliquid
1061 1779 1284 1856 protereudtque
1307 1779 1619 1862 philosophiae‘fines,

260 1875 305 1924 ·et
327 1865 457 1926 methodi
477 1865 591 1942 legibue
613 1866 750 1925 adhibitis
774 1865 933 1926 coercenda
956 1866 1006 1925 illa
1029 1867 1236 1943 disputationis
1259 1867 1386 1925 infinitas
1408 1867 1506 1942 adque
1530 1885 1621 1942 geue-

275 1952 349 2011 relia
370 1957 466 2030 capita
488 1954 662 2023 revocanda,
685 1965 717 2013 ut
740 1971 791 2032 por
812 1953 973 2029 singularia
995 1953 1180 2031 postmodum
1203 1954 1239 2015 de
1262 1955 1405 2014 similibus
1428 1954 1507 2014 idam
1528 1959 1622 2032 possit

278 2057 341 2100 esse
360 2041 514 2115 judicium.

362 2127 393 2186 l.
416 2127 526 2188 Cautus
548 2129 639 2206 ipsius
667 2129 879 2205 affectuumque
910 2129 959 2204 qui
983 2137 1085 2188 cerutus
1108 2129 1221 2204 specics
1252 2135 1422 2205 sequuntur,
1451 2128 1618 2206 proportio-

276 2215 356 2274 naliu
377 2224 446 2275 sunt
469 2215 629 2296 elementa,
652 2217 772 2276 totidem
794 2217 852 2276 iere
876 2233 996 2274 numero
1020 2218 1165 2290 utrinque.
1209 2215 1285 2274 Nam
1311 2218 1398 2275 etiam
1429 2233 1517 2276 voces
1541 2219 1621 2294 ipsae

278 2307 404 2382 partium
419 2295 531 2378 cantus,
555 2300 655 2382 ἁγωγη,
678 2327 754 2380 scon,
777 2327 902 2372 narrem,
919 2307 1019 2380 alcen,
1043 2303 1082 2362 ad
1097 2302 1217 2362 affectus
1232 2302 1366 2362 alludunt
1385 2311 1487 2362 certos.
1524 2299 1622 2361 Prima

279 2391 458 2470 simplicitati
482 2394 579 2456 servit,
603 2391 705 2449 ultime
729 2391 877 2464 luxuriae3
900 2389 951 2448 illa
974 2393 1085 2466 corpori
1102 2390 1204 2448 similis
1221 2399 1276 2468 est,
1299 2390 1370 2450 haec
1386 2389 1550 2464 coloribus3
1574 2400 1622 2464 to-

277 2496 329 2537 nea
351 2478 515 2553 aequalitas
538 2481 728 2537 attentionem
751 2486 862 2551 movet,
886 2480 978 2554 pettia
1000 2495 1053 2536 seu
1075 2477 1204 2536 lusitetio
1228 2479 1266 2536 ad
1281 2476 1507 2538 delectationem
1530 2487 1560 2536 ct
1573 2495 1621 2537 re·

278 2569 452 2626 creationem
477 2573 520 2625 est
543 2573 718 2643 comparata.
763 2563 846 2624 Haec
869 2571 937 2622 strnt
959 2564 1106 2641 generalia
1129 2582 1179 2641 per
1201 2582 1301 2624 omnes
1323 2567 1426 2624 modos
1450 2566 1586 2624 musicos.

364 2653 403 2712 ll.
427 2655 472 2711 De
495 2667 589 2728 agoge
612 2652 668 2711 hoc
690 2651 836 2729 peculiare
859 2659 957 2710 monet
980 2650 1139 2724 (indicens,
1166 2651 1238 2712 duas
1260 2653 1324 2727 ejus
1348 2670 1411 2712 esse
1435 2653 1619 2726 differentias,

278 2759 365 2800 unam
388 2759 510 2812 srrrsum,
534 2740 655 2801 alteram
679 2739 822 2818 deorsum,
845 2755 967 2815 quarum
991 2739 1041 2823 illa
1062 2739 1192 2799 laetitiae
1215 2743 1337 2812 seruiat,
1361 2740 1434 2800 haec
1456 2741 1621 2800 moestitiae

279 2836 308 2888 et
335 2828 426 2886 fletui.
471 2829 568 2886 Causa
598 2835 642 2886 cst
673 2827 829 2900 naturalis,
866 2828 939 2885 infra
971 2829 1047 2885 enim
1076 2845 1133 2885 vor
1165 2830 1263 2903 gravis
1294 2833 1374 2886 motu
1403 2827 1487 2886 tardo
1520 2826 1621 2900 editur,

282 2933 370 2992 supra
391 2933 450 2974 vox
473 2924 559 2974 acuta
581 2923 660 2974 motu
684 2917 847 2989 concitat03
877 2932 943 2973 curu
972 2926 1044 2990 ergo
1065 2931 1122 2972 vox
1150 2913 1312 2987 descendit,
1343 2915 1435 2990 quieti
1462 2917 1623 2992 appropin-

279 3013 358 3078 quat,
382 3019 447 3062 curu
469 3002 607 3071 ascendit,
630 3005 659 3058 iu
683 3011 763 3061 motu
786 3001 913 3079 proficit;
936 3011 1091 3079 propterea
1113 3004 1142 3060 iu
1164 3001 1273 3063 chorali
1289 3010 1374 3060 cantu
1398 3001 1569 3079 plerumque
1592 3005 1619 3059 in

278 3093 336 3148 imo
360 3089 532 3163 desinimus,
555 3089 614 3148 illic
637 3091 725 3164 igitur
748 3106 805 3147 vox
828 3089 998 3166 languescit,
1023 3089 1070 3147 hic
1095 3091 1183 3164 viget.
1230 3091 1320 3164 Atqui
1337 3091 1424 3148 etiam
1445 3091 1474 3146 iu
1491 3107 1621 3148 mucrore

279 3176 399 3252 languet
420 3195 500 3236 mens
522 3193 681 3252 cinnaeque
695 3170 875 3248 'lunationes
899 3179 928 3233 in
952 3176 1100 3236 hilaritate
1125 3179 1197 3234 vivit
1219 3184 1249 3235 et
1271 3185 1392 3236 actuosa
1414 3185 1467 3236 eat.

367 3263 421 3322 ΠΙ.
447 3265 497 3323 list
520 3267 607 3324 etiam
630 3264 722 3323 saltus
746 3267 789 3322 vis
812 3281 932 3340 magna,
958 3266 1008 3340 qui
1031 3273 1075 3323 est
1098 3263 1188 3322 veluti
1211 3263 1379 3340 potentialis
1400 3281 1510 3340 eg0ge3
1537 3264 1626 3322 habet

281 3353 356 3410 enim
379 3355 580 3424 temeritatem,
604 3360 723 3424 motum,
748 3351 909 3423 audaciam,
934 3361 979 3409 est
1001 3351 1144 3422 militaria,
1168 3351 1268 3426 virilis,
1291 3350 1454 3428 impudens,
1480 3354 1504 3410 si
1527 3353 1625 3410 creber

279 3441 324 3509 eit,
350 3442 517 3515 praesertim
541 3457 591 3517 per
614 3439 759 3516 diapente,
783 3439 866 3514 cujus
890 3439 991 3514 figura,
1015 3441 1155 3514 trigonus,
1179 3440 1272 3498 acutis
1295 3447 1409 3497 constat
1431 3438 1555 3515 angulis,
1578 3447 1625 3496 to·

280 3536 399 3601 tumque
429 3527 566 3586 eircrrlunr
595 3529 686 3585 tribus
716 3525 800 3584 lineis
829 3527 964 3584 absumit.
1017 3526 1125 3585 Corrtra
1156 3525 1249 3584 saltus
1279 3543 1330 3603 per
1357 3533 1469 3584 sextam
1509 3526 1626 3584 mollem

279 3617 382 3673 unicus
412 3613 586 3682 ascendens,
623 3621 762 3689 sequente
793 3631 887 3690 agoge
918 3613 1052 3673 deorsum
1080 3612 1311 3690 magnitudinem
1342 3611 1449 3671 doloris
1483 3615 1625 3690 exprimit,

279 3709 365 3779 aptus
388 3701 561 3778 ejulatibus,
585 3703 622 3760 ob
646 3699 863 3759 similitudinem
892 3703 988 3774 vocis,
1017 3709 1050 3758 ut
1075 3703 1121 3758 in:
1155 3697 1194 3759 In
1216 3719 1263 3759 mc
1284 3703 1470 3758 transerunt
1495 3698 1624 3759 Orlandi.

364 3789 416 3848 IV.
441 3789 565 3848 hlultunr
588 3791 675 3848 etiam
699 3791 824 3858 intereat,
849 3797 986 3864 quautam
1011 3787 1195 3847 altitudinem
1218 3790 1247 3848 in
1270 3794 1391 3848 octavae
1406 3795 1565 3864 systemate
1588 3789 1624 3847 ab

279 3877 338 3936 ima
359 3877 456 3936 radice
480 3887 581 3942 curtius
604 3876 756 3953 potissima
780 3893 846 3951 pars
869 3883 999 3953 occupet.
1045 3875 1119 3934 Nam
1150 3877 1173 3932 si
1199 3883 1291 3934 totam
1313 3883 1448 3933 octavam
1477 3883 1625 3953 percurrat

279 3973 330 4024 aut
353 3964 483 4037 excedat,
508 3965 655 4024 animosus
680 3972 782 4020 centris
805 3970 864 4036 est3
888 3965 932 4019 sin
957 3963 1138 4022 diatessaron
1161 3962 1275 4036 solium,
1298 3961 1447 4022 modestus
1470 3973 1500 4020 et
1519 3963 1626 4036 jucun-

280 4052 350 4127 dus;
375 4052 510 4130 diapente
534 4051 762 4120 mediocritatem
784 4050 887 4121 hahet;
916 4052 1002 4108 tertia
1026 4050 1121 4108 mollis
1145 4050 1351 4126 demissionem
1378 4059 1408 4109 et
1428 4049 1623 4126 pusillanimi·

279 4147 377 4199 tatem.
424 4140 488 4198 Hoc
512 4138 629 4214 quidam
651 4137 781 4195 tribuunt
803 4137 954 4196 descensui
977 4137 1050 4194 inira
1070 4137 1198 4197 radicem
1220 4156 1271 4215 per
1293 4137 1489 4210 diatesseron,
1522 4136 1625 4212 hujus-

199 4278 205 4297 ,
280 4243 337 4301 quc
360 4229 467 4286 iormac
490 4235 574 4287 tonos
598 4223 747 4303 appellant
768 4223 881 4301 plegios
905 4242 956 4283 seu
980 4223 1111 4302 plagales
1134 4243 1252 4284 sucrum
1274 4224 1488 4284 authentorum.

371 4313 405 4371 V.
429 4315 507 4374 Inter
530 4312 679 4389 generalia
702 4313 845 4371 elementa
867 4311 1016 4372 reserenda
1044 4320 1087 4372 est
1113 4315 1295 4389 potissimum
1324 4313 1412 4371 ctiam
1436 4311 1569 4371 celeritas
1599 4318 1626 4370 ct

281 4397 400 4458 tarditas
423 4401 548 4478 rhythmi
572 4419 623 4460 seu
647 4399 756 4462 tactus.
781 4416 905 4475 quarum
927 4399 977 4458 illa
999 4401 1074 4478 irae,
1102 4401 1208 4473 motui,
1239 4401 1358 4478 pugnis,
1392 4398 1532 4459 hilaritati
1556 4407 1626 4476 apta

281 4493 334 4554 eet,
356 4485 429 4545 baec
451 4489 659 4560 allectionibus,
684 4489 789 4562 quihus
812 4503 862 4564 per
885 4488 1011 4563 quietem
1034 4487 1161 4560 fruimur,
1183 4489 1316 4558 moerori,
1344 4489 1444 4559 amori,
1468 4485 1623 4556 desiderio,

282 4572 427 4650 voluptati
450 4592 484 4631 er
508 4576 657 4652 potiundo.

369 4659 420 4717 Vl.
446 4659 528 4719 Adde
552 4662 735 4734 atmodum,
770 4661 826 4721 hoc
854 4667 899 4720 est
922 4661 1086 4740 rhythmum
1107 4663 1221 4739 ipsum;
1250 4660 1310 4720 alia
1337 4662 1413 4720 enim
1444 4660 1522 4738 tripli
1545 4659 1625 4734 dicti,

282 4747 340 4806 alia
363 4747 442 4823 dupli
465 4754 510 4805 est
531 4751 592 4820 via,
613 4766 699 4825 quam
721 4751 795 4809 sorte
817 4750 938 4808 multam
962 4750 1049 4808 trahit
1071 4767 1105 4807 cx
1129 4749 1290 4807 imitatione
1313 4748 1485 4808 saltantium
1500 4747 1626 4807 chorea·

282 4849 361 4910 rum,
386 4851 462 4911 quae
485 4840 616 4893 motuum
638 4838 667 4894 iu
691 4839 725 4896 iis
748 4837 892 4897 alternata
915 4839 1040 4926 varietas
1063 4853 1129 4894 cum
1151 4836 1286 4895 omnibus
1314 4843 1385 4895 nota
1406 4837 1459 4910 sit,
1490 4835 1626 4895 admouet
