3564 5540
595 396 774 459 Harmonicir.
811 395 894 456 Liber
911 395 961 458 111.
980 401 1070 472 caput
1088 399 1123 456 11.
1475 405 1536 468 ηδ

270 577 492 658 Propositio
515 578 633 642 XVIII.
678 578 777 642 Sentio
808 574 936 642 chordae
966 583 996 639 in
1024 587 1122 659 parter
1151 579 1224 640 duas
1254 578 1439 658 longitudine
1462 581 1536 646 effa-

186 663 274 740 biles,
307 668 337 726 in
359 685 419 744 qua
441 665 489 726 rel
513 675 576 728 tota
598 667 646 728 rel
667 670 794 745 partium
817 666 911 730 altera
933 685 1086 730 nannetum
1115 669 1283 746 portionum
1313 671 1438 747 acquirit
1468 687 1539 748 prc-

184 755 280 827 prium
311 754 421 830 figurae
448 754 715 816 indemonstrabilis
743 751 879 839 (qnando
902 755 1022 833 quidem
1051 759 1162 817 numeri
1190 763 1220 816 et
1240 758 1332 817 totins
1360 767 1390 817 et
1412 762 1538 837 partiunt

184 843 261 898 inter
282 859 314 902 se
336 844 421 920 primi
443 838 584 925 luerint),
607 860 667 902 non
688 851 734 903 est
757 845 933 905 lsannonica.

269 923 482 980 Demonstratur
500 933 530 980 ιιι
546 929 589 982 ι6.
624 925 709 981 Fiunt
727 927 798 982 enim
816 926 956 984 extribus
975 927 1056 982 trium
1071 923 1247 982 terminorum
1265 927 1489 998 proportionibus
1504 926 1540 984 ad

183 1003 271 1058 minus
289 1003 359 1059 duae
378 1004 522 1074 dissonae,
542 1014 637 1062 contra
655 1005 840 1062 definitionem
858 1008 1043 1097 praemissam.
1576 1055 1580 1068 .

270 1075 328 1138 llic
351 1089 419 1138 sunt
442 1082 496 1142 triu
519 1080 711 1158 exennpla,'
704 1101 733 1141 ιι
757 1085 851 1160 primo
873 1083 968 1159 major
999 1099 1067 1160 pars
1090 1088 1135 1140 est
1157 1089 1269 1158 septem
1300 1089 1434 1156 octavae,
1493 1075 1526 1224 l

182 1166 211 1222 in
235 1164 337 1226 ultimo
360 1170 453 1227 minor
476 1177 521 1227 est
544 1185 602 1229 nna
624 1185 710 1244 ιιιιιιι,
734 1173 764 1228 in
786 1169 884 1232 madio
900 1178 995 1231 totum
1017 1171 1096 1247 capit
1110 1177 1209 1246 partes
1223 1176 1345 1246 septem,
1369 1187 1434 1230 om·

180 1253 231 1312 nia
246 1251 373 1316 dissona

589 1719 665 1779 (Loca
683 1720 719 1766 ric
736 1718 869 1783 {notata
891 1719 957 1766 notis
980 1719 1088 1768 naturae
1156 1681 1159 1686 Ι

642 1789 751 1838 musicae
770 1793 897 1851 nequeunt
915 1786 1040 1854 exprimi.)

269 2149 503 2228 Propositio
526 2144 616 2205 xix.
662 2143 736 2204 Post
758 2145 961 2218 octogonicam
991 2143 1073 2205 nulle
1095 2146 1180 2208 datur
1205 2153 1298 2211 sectio
1322 2151 1449 2213 chordae
1469 2151 1541 2212 har·

182 2239 308 2299 monica.

270 2320 421 2390 sequentes
440 2317 511 2371 enim
529 2315 665 2372 sectiones
684 2321 731 2368 aut
749 2313 819 2368 ιιιιιιι
841 2327 891 2381 per
908 2310 1010 2380 ligums
1035 2315 1291 2377 indemonstrabiles
1314 2337 1461 2393 earumque
1478 2321 1543 2378 stel-

180 2399 232 2464 las,
250 2405 279 2454 et
295 2404 473 2467 tuncpartes,
491 2395 555 2450 licet
573 2393 692 2448 intense
700 2393 861 2448 consonare
878 2392 993 2462 possint,
1012 2401 1103 2450 ιιιιιιιι
1122 2396 1264 2456 dissonant
1279 2407 1375 2468 atsto,
1393 2416 1443 2471 per
1460 2415 1503 2456 ax.
1516 2401 1543 2470 3,

181 2485 232 2534 ant
248 2492 298 2546 per
315 2476 416 2546 figuras
435 2473 659 2530 demonstrabiles
679 2472 938 2528 demonstratione
930 2474 1086 2544 improprie,
1106 2482 1137 2532 ut
1160 2495 1211 2548 per
1229 2479 1542 2558 pentekaedecagonum

183 2558 383 2626 dissonantque
400 2555 527 2628 propriae
545 2561 637 2624 partes
656 2553 784 2608 sectionis
803 2567 819 2606 a
836 2558 909 2616 toto,
936 2569 986 2622 per
1004 2554 1174 2612 corollarium
1194 2560 1229 2615 ad
1246 2575 1291 2618 ax.
1309 2561 1338 2628 3,
1366 2566 1414 2614 aut
1431 2574 1480 2631 per
1497 2559 1542 2614 de·

185 2635 380 2691 monstrabiles
400 2635 630 2691 demonstratione
646 2631 771 2701 propria,
794 2647 864 2700 quae
881 2637 946 2700 post
962 2639 1147 2702 pentagonum
1174 2654 1267 2695 omnes
1286 2645 1351 2694 srrnt
1371 2639 1541 2718 parilaterae

181 2714 246 2769 ride
264 2714 361 2770 librum
381 2715 402 2771 1
439 2713 513 2804 Ergo
537 2720 629 2782 partes
652 2710 749 2766 talium
775 2709 925 2765 sectionum
948 2712 1073 2780 proprias
1104 2722 1213 2784 oportet
1239 2717 1405 2773 constituere
1429 2733 1542 2773 numere

181 2795 339 2865 portionum
358 2791 487 2848 sectionis
506 2791 620 2861 impariJ
643 2790 666 2845 si
684 2789 756 2843 enlm
774 2789 833 2857 pari
851 2805 963 2845 numero
982 2801 1166 2862 sumerentur,
1191 2811 1255 2864 pars
1282 2802 1356 2850 esset
1379 2810 1434 2852 uon
1459 2793 1541 2864 huss

182 2873 325 2938 sectionis,
343 2871 392 2926 sed
410 2873 509 2941 prioris
529 2870 653 2939 propria,
671 2877 703 2924 ut
721 2867 808 2922 divisa
823 2867 983 2922 chordam
990 2872 1032 2934 tu,
1051 2871 1074 2924 si
1092 2873 1249 2940 portionum
1266 2874 1283 2927 ι
1306 2873 1349 2927 rel
1368 2875 1384 2928 6
1401 2873 1541 2941 sumserit,

184 2951 298 3024 perinde
316 2958 359 3006 est
376 2967 408 3006 ac
426 2952 449 3005 si
468 2949 554 3004 divisa
572 2946 674 3004 chorda
691 2949 719 3002 in
737 2947 753 3001 5
772 2962 892 3002 sumeres
910 2947 1065 3016 portionum
1086 2951 1102 3005 2
1127 2951 1170 3006 vel
1189 2956 1216 3008 3.
1252 2952 1319 3007 Cum
1338 2967 1404 3022 ergo
1426 2965 1490 3020 pura
1508 2949 1545 3006 sit

183 3037 298 3086 numero
316 3031 421 3100 impari,
439 3037 499 3086 tota
517 3042 627 3082 numero
646 3025 719 3094 pari,
738 3025 799 3095 ipsa
815 3026 923 3095 quidem
941 3043 1005 3096 pars
1024 3029 1125 3097 poterit
1144 3046 1295 3088 consonare
1313 3031 1372 3102 toti,
1394 3031 1417 3086 ei
1435 3045 1489 3084 non
1508 3031 1545 3085 sit

183 3109 273 3181 major
291 3110 414 3180 qrrinario
432 3115 490 3178 iper
509 3124 549 3177 pr.
567 3109 612 3174 5),
628 3114 659 3160 at
677 3122 731 3160 naa
750 3106 930 3163 consonantia
948 3124 1001 3162 non
1015 3108 1118 3164 sufficit
1136 3111 1170 3166 ad
1183 3109 1331 3166 sectionem
1349 3108 1543 3176 harmonicam,

184 3199 217 3244 nt
235 3196 313 3264 patet
331 3203 365 3244 ex
383 3185 553 3254 defiuitione5
572 3191 637 3238 tanc
655 3198 719 3236 vero
738 3182 876 3242 dissonum
896 3187 948 3254 erit
964 3186 1117 3251 residuum
1146 3196 1206 3243 tota
1224 3191 1296 3244 enim
1313 3190 1425 3259 ponitur
1442 3187 1544 3259 portio·

107 3285 109 3290 ’
183 3283 249 3324 num
267 3257 385 3336 plurium
404 3263 528 3336 quamss,
547 3271 575 3318 et
591 3261 695 3316 residui
713 3261 833 3318 definitio
852 3273 902 3332 est
920 3273 951 3321 ut
969 3265 1005 3321 sit
1022 3266 1111 3335 majus
1130 3265 1248 3336 dimidio,
1265 3282 1303 3324 ec.
1318 3266 1417 3336 majus
1412 3267 1542 3356 quaml

180 3345 326 3400 Minimum
351 3359 415 3412 ergo
438 3339 608 3397 ιιιιιιιιιιιιι”
600 3356 638 3396 ιι
651 3339 784 3396 divisione
807 3344 947 3400 octonaria
970 3347 1062 3413 estb,
1088 3345 1115 3398 in
1141 3345 1371 3401 numerosioribus
1394 3353 1436 3400 est
1453 3345 1542 3412 majus

184 3441 268 3493 quarn
287 3427 312 3480 5.
348 3423 380 3478 ln
400 3423 525 3478 omnibns
544 3436 607 3488 ergo
626 3420 790 3475 sectionibus
809 3422 927 3477 chordae
954 3429 1017 3492 post
1043 3423 1209 3478 octonariam
1232 3422 1342 3478 residua
1360 3429 1424 3475 sunt
1446 3419 1542 3490 impari

183 3519 305 3570 numero,
324 3502 420 3571 majori
439 3517 520 3572 qnam
539 3503 563 3556 b.
600 3500 684 3569 Atqui
701 3500 807 3555 numeri
824 3501 956 3570 impares,
985 3501 1101 3570 majores
1120 3515 1201 3571 quam
1219 3503 1249 3568 ι,
1271 3498 1375 3570 proprii
1392 3505 1456 3554 strat
1474 3499 1542 3568 tigu-

181 3597 275 3637 rarum
293 3579 587 3647 indemonstrabilium,
611 3595 661 3650 par
678 3579 700 3632 1.
725 3579 759 3634 to
783 3587 811 3634 ct
833 3580 876 3636 ts.
912 3581 987 3650 Ergo
1011 3597 1060 3650 per
1077 3595 1157 3651 prop.
1177 3581 1219 3636 ts.
1243 3580 1327 3648 hraJus
1347 3577 1456 3632 residua
1473 3575 1542 3630 haec

183 3667 332 3716 causantur
349 3661 484 3715 sectiones
502 3675 557 3714 non
576 3657 756 3714 harmonicas.

272 3786 504 3854 Corollaria
549 3787 573 3846 I.
607 3785 760 3847 sectiones
783 3788 869 3846 unius
893 3787 1019 3848 chordae
1042 3788 1227 3848 harmonicae

180 3884 252 3936 sunt
274 3892 395 3934 numero
418 3883 546 3952 septem,
568 3893 628 3934 non
650 3874 758 3952 plures.

270 3961 310 4022 11.
344 3961 525 4040 Propagatio
548 3980 750 4036 nnmerorum,
781 3939 923 4040 quisunt
951 3963 1134 4024 characteres
1163 3979 1228 4023 sec-

182 4053 314 4124 tionum,
350 4051 382 4109 fit
410 4052 467 4110 hoc
499 4057 602 4130 pacto:
633 4051 717 4109 initio
744 4053 861 4130 ponitur
892 4052 1041 4112 fractionis
1064 4051 1158 4110 forma
1180 4061 1229 4110 to·

180 4149 263 4210 tum,
296 4139 393 4196 unitas
416 4138 528 4198 scilicet
557 4155 646 4213 supra
677 4155 730 4214 pro
752 4147 952 4212 numeratore,
984 4149 1014 4199 ct
1037 4141 1132 4198 unitas
1155 4140 1230 4198 insta

180 4243 235 4304 pro
259 4222 493 4301 denominatoch
525 4223 630 4284 deirrda
654 4238 776 4302 uterque
800 4243 937 4286 numerus
967 4229 1088 4287 seorsim
1111 4229 1230 4312 partitur

181 4330 284 4394 snpra,
308 4323 337 4372 ιι
359 4331 477 4374 stimma
499 4314 652 4387 utriusque
676 4317 811 4390 utrinque
835 4316 924 4386 inira,
954 4323 987 4374 ut
1009 4332 1044 4374 ex
1069 4331 1129 4374 una
1152 4330 1228 4389 qua·
1277 4305 1296 4410 f

180 4404 258 4462 libet
281 4401 420 4461 fractione
444 4401 503 4461 duo
528 4401 659 4459 oriantur
680 4405 768 4475 tami,
798 4419 928 4477 eousque
957 4401 1024 4460 dum
1055 4419 1090 4461 cx
1114 4417 1258 4478 ιιιιιιιιιι1
1294 4446 1300 4476 ,
1353 4462 1367 4497 2

180 4489 235 4549 fiat
257 4505 394 4549 numerus
416 4489 505 4548 index
527 4487 637 4562 figurae
660 4487 937 4547 indemonstrabilis.
1246 4411 1301 4618 ¹3²*
1354 4499 1367 4533 ι·

169 4619 173 4629 .
269 4575 333 4636 Has
355 4579 500 4636 sectiones
523 4574 649 4635 chordae
672 4587 785 4652 septem
800 4579 925 4656 primurn
941 4575 1044 4635 auditu
1061 4574 1188 4634 indice
1179 4592 1227 4632 rn-

183 4667 262 4744 veni‚
285 4665 407 4724 totidem
429 4682 544 4740 nempe,
568 4671 641 4740 quot
663 4672 732 4722 sunt
752 4664 923 4725 lrarrnoniac
946 4679 1004 4720 non
1020 4661 1145 4738 majores
1169 4679 1228 4722 nna

183 4752 346 4830 diapasonc
369 4761 474 4829 postca
497 4770 601 4812 causae
625 4761 654 4812 et
676 4755 839 4812 sectionum
855 4749 1036 4826 singularum
1059 4760 1088 4809 ct
1108 4751 1227 4810 univer·

182 4859 281 4902 suurn
308 4843 419 4900 numeri
453 4858 512 4899 non
539 4843 601 4909 sine
632 4839 732 4938 labora
763 4857 801 4900 cx
828 4839 1017 4916 penitissimis
1044 4840 1222 4914 geometriae

234 4949 329 5004 chleri
342 4950 417 5002 Opera
428 4948 458 4992 V.
