3732 5528
312 289 376 348 434
400 291 404 298 '
780 282 948 353 appendicis
965 283 1190 340 Harmonieornm

312 463 517 522 subterraneus
550 467 580 522 et
612 461 707 522 calore
737 465 925 523 subterraneo
958 465 996 524 ab
1011 449 1124 522 'anima
1147 461 1254 521 Terrae
1286 460 1431 518 concitato
1454 456 1600 518 resolutus
1630 459 1657 515 in

311 567 450 625 vaporem
473 551 681 634 suspiransque
704 551 732 608 in
756 551 891 628 frigidum
914 556 1021 625 aerem,
1045 553 1184 612 continuo
1200 552 1230 606 in
1246 548 1368 606 formam
1384 564 1480 622 aquae
1497 547 1656 606 revertitur.

309 635 417 696 Adbuc
440 638 528 712 igitur
550 638 623 696 bene
647 645 705 696 stat
727 641 825 698 anima
848 638 965 698 Terrae

398 723 470 783 Post
494 727 761 800 argumentationes
785 727 821 784 ad
846 727 1062 786 conclusionem
1087 723 1203 784 tandem
1223 720 1352 796 deversis,
1375 738 1471 822 neque
1488 730 1584 779 tamen
1609 717 1661 778 dc·

309 809 381 870 sinis
404 813 600 871 intermiscere
624 816 856 896 consequentias.
902 813 933 873 Si
958 831 1006 874 aar
1030 813 1097 872 talis
1121 821 1166 870 cst
1189 811 1318 888 spiritus,
1343 810 1391 886 qui
1414 811 1506 868 vitam
1530 809 1660 883 inspirat,

309 905 343 958 ut
366 908 398 958 tu
420 900 544 975 probare
568 902 650 982 visus
674 918 714 974 es,
734 915 794 976 'ego
819 902 953 988 refutavi,
979 911 1008 960 et
1032 902 1055 960 si
1080 899 1167 974 hujus
1184 899 1302 974 spiritus
1328 901 1425 956 anima
1442 890 1548 977 (quam
1563 895 1661 952 mundi
1702 887 1705 900 '

308 985 437 1046 animam
467 1004 530 1045 esse
553 977 641 1064 supra
664 983 806 1070 docuisti)
831 999 876 1048 est
903 991 979 1066 ignis
1003 987 1053 1064 (dc
1077 1005 1135 1064 quo
1160 987 1230 1044 alibi
1254 985 1365 1058 sobrie,
1396 984 1463 1042 vide
1488 981 1587 1042 Harm.
1613 981 1661 1041 lib

309 1071 363 1132 IV.
388 1073 437 1133 sol.
463 1067 558 1154 255),
590 1077 674 1150 sequi
705 1077 758 1134 tibi
783 1076 912 1150 videtur,
945 1085 975 1134 ut
1004 1080 1054 1134 ae'r
1076 1076 1196 1150 recipiat
1227 1072 1393 1132 influentias
1426 1081 1455 1130 et
1483 1069 1661 1128 radiationes

311 1159 452 1220 coelestes
485 1159 675 1238 infundatque
706 1173 837 1240 receptas
868 1167 895 1222 in
926 1167 1039 1222 viscera
1071 1173 1172 1220 terrae.
1221 1161 1259 1218 At
1285 1158 1356 1218 mibi
1387 1157 1443 1218 boc
1466 1174 1524 1216 non
1549 1156 1663 1216 videtur

310 1266 347 1310 ex
377 1249 433 1307 illis
462 1253 559 1324 sequi,
591 1251 615 1306 si
648 1251 736 1324 etiarn
765 1269 833 1310 vcra
862 1252 913 1310 illa
941 1251 1107 1310 concedam.
1153 1247 1269 1323 Recipit
1291 1245 1421 1330 quidam,
1455 1243 1511 1304 lroc
1542 1253 1586 1304 est
1609 1243 1662 1302 ud·

309 1337 398 1394 mittit
429 1339 479 1394 aiir
502 1334 695 1410 radiationes,
725 1338 798 1396 nilril
830 1343 906 1398 euim
930 1339 995 1397 illas
1019 1335 1156 1412 impedit,
1186 1353 1222 1392 ne
1244 1331 1350 1394 Terrae
1374 1331 1492 1410 quidem
1516 1335 1662 1410 opacitas3

309 1425 508 1502 penetrantior
531 1426 639 1501 quippe
664 1427 708 1482 vis
733 1436 776 1486 est
800 1429 989 1504 inconspicua
1012 1425 1102 1501 radii,
1130 1441 1217 1498 quem
1241 1415 1338 1480 lumen
1365 1422 1494 1478 visibile·
1529 1418 1662 1496 exemplo

310 1521 356 1570 cst
379 1512 470 1569 virtus
493 1515 666 1587 magnetica,
692 1529 767 1588 quae
791 1517 964 1590 transspirat
987 1532 1038 1590 per
1058 1529 1164 1570 aureas
1180 1509 1312 1568 lanrinas.
1360 1510 1398 1566 Αι
1414 1525 1471 1565 non
1495 1509 1537 1565 sic
1559 1509 1664 1582 recipit

310 1597 577 1668 cerradiarionas,
608 1609 712 1659 utens
737 1621 755 1660 a
777 1603 839 1660 suis
862 1601 1085 1659 formationibus
1108 1599 1293 1674 geometricis
1321 1595 1450 1672 singulas
1475 1597 1662 1654 internoscat.

310 1685 369 1744 Αιιι
392 1687 469 1744 ιιιὶιιι
492 1689 613 1744 materia
636 1697 688 1758 est,
714 1705 818 1770 corpus
842 1701 897 1767 cat,
921 1689 1098 1766 geometrica
1121 1683 1221 1760 auguli
1240 1683 1434 1759 pulchritudo,
1459 1700 1535 1758 quae
1557 1699 1664 1758 aspec-

310 1780 372 1831 tnrn
395 1773 509 1846 format,
533 1789 584 1830 eus
608 1777 727 1834 rationis
752 1785 812 1851 est,
837 1780 934 1836 anima
959 1777 1005 1834 vel
1028 1773 1114 1834 simili
1132 1772 1280 1845 facultate,
1303 1772 1423 1829 rationis
1446 1768 1662 1845 quodammodo

312 1861 462 1937 participe,
487 1877 560 1935 opus
584 1869 644 1933 est,
675 1871 706 1920 nt
730 1861 908 1924 radiationes
931 1863 987 1922 hoc
1010 1871 1096 1940 paeto
1121 1861 1305 1936 recipiantur.
1352 1857 1410 1918 Sed
1434 1856 1536 1933 quales
1558 1875 1662 1934 recep·
1690 1884 1692 1893 ·

311 1949 406 2006 nones
429 1954 461 2006 tu
484 1955 604 2020 statuas,
630 1947 659 2006 id
683 1953 808 2026 probant
830 1961 899 2012 tuae
922 1951 1016 2010 trans
1015 1965 1149 2021 usiones,
1181 1945 1351 2048 deliquere
1376 1947 1519 2021 loqueris,
1542 1962 1601 2004 non
1628 1943 1662 2002 de

309 2033 478 2101 affabilitate
501 2037 727 2112 proportionum,
751 2056 781 2098 re
804 2040 993 2114 geometrica,
1017 2039 1134 2095 omrrino
1159 2036 1265 2128 quasi
1268 2035 1303 2093 dc
1327 2033 1408 2092 coelo
1433 2031 1583 2110 deplucrct
1606 2031 1664 2092 ali-

313 2139 373 2199 qua
396 2123 531 2194 materia,
556 2139 644 2196 quam
667 2133 697 2182 ιιι
723 2123 901 2184 influentiam
926 2124 1015 2184 dicas.

398 2207 592 2267 concluseras
622 2217 651 2268 et
681 2229 747 2270 cccc
781 2215 910 2272 vicissim
942 2214 1037 2290 aperis
1060 2228 1169 2268 novum
1200 2217 1416 2284 argumentum.
1452 2205 1542 2266 Terra
1566 2207 1664 2286 passi-

309 2311 379 2352 vum
409 2303 454 2354 est
486 2295 675 2368 elementum,
711 2317 769 2356 non
800 2302 887 2376 igitur
915 2303 984 2376 agit
1007 2303 1037 2356 in
1060 2302 1156 2356 adrem
1180 2299 1319 2356 activum.
1364 2292 1450 2353 Tolle
1484 2293 1662 2368 depositum,

307 2381 381 2439 nibil
403 2381 552 2458 pugnabo.
598 2383 674 2440 Num
698 2402 766 2444 vero
791 2387 856 2446 ideo
881 2405 986 2463 corpus
1009 2385 1088 2456 illud,
1105 2383 1232 2442 Telluris
1260 2386 1349 2442 etiam
1378 2381 1518 2440 facultate
1543 2380 1663 2438 animali

309 2477 405 2542 caret,
437 2469 520 2546 cujus
543 2469 675 2530 efficacia
705 2489 829 2548 vapores
852 2474 1033 2532 subterranei
1068 2473 1156 2531 exciti
1189 2473 1329 2530 misceant
1360 2477 1390 2528 et
1424 2469 1541 2527 turbant
1563 2471 1661 2525 adrem

309 2555 415 2614 tuum?
459 2555 549 2615 Terra
577 2561 729 2633 passivum
760 2568 804 2618 est
826 2561 1018 2635 elementum,
1054 2562 1142 2619 etiam
1166 2577 1231 2618 cum
1262 2561 1291 2616 in
1316 2573 1435 2632 corpore
1458 2556 1585 2615 hominis
1610 2564 1660 2627 est,

308 2659 362 2703 nec
384 2651 417 2703 ut
440 2642 469 2701 id
493 2661 550 2702 non
574 2647 611 2702 sit
634 2645 789 2722 impeditur
812 2648 849 2706 ab
874 2647 1000 2712 bominis
1023 2651 1130 2707 anima

395 2730 470 2789 Tum
495 2733 583 2790 etiam
607 2735 808 2807 quaestionem
832 2733 903 2794 mihi
925 2753 1036 2806 moves,
1058 2735 1174 2810 physici
1195 2737 1256 2791 sint
1279 2733 1386 2808 anguli
1408 2732 1457 2788 isti
1480 2746 1523 2788 on
1545 2729 1663 2787 matte-

308 2805 439 2876 matici?
481 2817 667 2882 Perturbavit
691 2831 718 2878 tc
742 2821 893 2899 multiplex
917 2823 1132 2897 aequivocatio,
1158 2829 1190 2877 ut
1213 2821 1288 2878 lric'
1282 2837 1310 2876 m
1328 2837 1373 2877 me
1394 2833 1583 2891 consurgeres
1610 2817 1663 2872 im-

308 2903 431 2980 provide
456 2914 485 2963 et
512 2907 602 2965 irrito.
652 2907 718 2966 Non
740 2919 808 2968 sunt
831 2903 901 2968 sarie
935 2912 1009 2968 istae
1032 2908 1127 2966 lineae
1150 2907 1346 2966 indictionum
1375 2906 1472 2964 nudae
1495 2903 1661 2963 matbema-

308 2993 394 3066 tieac,
418 3001 486 3051 sunt
509 2995 584 3051 enim
607 2993 738 3069 lucidae,
767 2995 817 3054 lux
841 3015 911 3056 vero
933 2995 978 3056 r'cs
1002 3005 1046 3056 est
1067 2995 1206 3072 physica,
1232 3011 1286 3052 nec
1310 3001 1408 3052 carent
1431 2992 1662 3050 dimensionibus

308 3079 387 3152 suis,
423 3097 487 3138 cum
511 3079 613 3140 stellae
637 3084 696 3140 sint
719 3100 841 3160 corpora
864 3085 1057 3160 omnibusque
1081 3084 1196 3162 punctis
1219 3080 1346 3140 luceant.
1392 3077 1469 3154 Quin
1496 3079 1573 3136 ultro
1599 3088 1662 3135 tuas

308 3166 463 3226 instantias
488 3169 603 3242 angebo
627 3172 845 3230 accessionibus
868 3171 1027 3247 ejusmodi,
1061 3169 1096 3228 de
1120 3170 1226 3244 quibus
1250 3179 1282 3227 ιιι
1312 3187 1347 3226 ne
1370 3168 1506 3241 cogitasti
1531 3165 1660 3240 quidem.

307 3251 373 3312 Non
399 3261 475 3327 sunt,
500 3258 628 3330 inquam,
653 3274 689 3316 nc
713 3259 876 3336 singulares
899 3258 1018 3334 quidem
1042 3257 1155 3334 anguli,
1185 3270 1218 3314 ut
1239 3257 1313 3314 alias
1337 3257 1365 3311 in
1388 3253 1512 3312 mathesi
1537 3253 1661 3312 demon·

306 3343 455 3400 strationis
478 3359 568 3401 causa
591 3345 769 3434 pinguntar3
800 3355 863 3405 tcta
887 3349 962 3407 anim
994 3355 1100 3403 natura
1122 3343 1303 3416 sublunaris,
1336 3349 1447 3418 quanta
1472 3349 1584 3417 quanta
1607 3347 1659 3410 est,

310 3427 438 3504 undique
460 3427 547 3505 plena
571 3440 614 3488 est
637 3427 753 3507 angulis
776 3434 947 3508 sextilibus,
972 3449 1037 3492 enm
1061 3432 1122 3489 bini
1144 3432 1281 3507 planetae
1304 3429 1437 3487 sextilem
1461 3429 1587 3500 faciunt,
1612 3436 1661 3485 aut

310 3515 469 3591 quadratis,
494 3533 559 3576 cum
583 3521 769 3600 quadratum,
793 3521 829 3580 ob
854 3539 927 3597 qnos
949 3519 1001 3578 illa
1022 3535 1121 3596 pauno
1146 3516 1361 3594 quodammodo
1377 3516 1538 3592 comparari
1555 3521 1660 3591 potest,

311 3603 476 3664 subtemine
498 3607 671 3666 staminibus
704 3611 910 3668 intercurrente
932 3607 1072 3683 undique.
1117 3605 1204 3664 Radii
1233 3608 1308 3664 enim
1338 3603 1503 3680 aplanctis
1513 3595 1661 3660 carnibus

308 3688 347 3749 ad
371 3695 468 3766 omnia
492 3697 581 3752 totins
605 3695 704 3753 mundi
727 3707 836 3773 puncta
860 3695 1043 3755 delabuntur.
1088 3691 1147 3752 Tot
1163 3695 1250 3768 igitur
1265 3692 1430 3750 nominibus
1455 3689 1583 3748 concedo
1599 3688 1660 3759 tibi,

307 3776 486 3838 radiationes
514 3799 577 3840 esse
601 3782 747 3859 physicas.
794 3785 930 3844 Athaco
953 3785 1051 3854 omnia
1074 3785 1102 3841 in
1125 3788 1245 3857 aspectu
1268 3779 1364 3837 adlruc
1387 3787 1499 3836 tantum
1521 3779 1660 3835 materiae

307 3882 359 3924 seu
383 3867 508 3942 subjecti
532 3868 674 3927 rationem
698 3871 824 3944 lrabent;
855 3878 988 3948 superest
1009 3871 1120 3941 formo,
1153 3871 1227 3928 ratio
1251 3867 1363 3926 scilicet
1387 3873 1539 3942 aspectus,
1571 3863 1659 3922 ducta

308 3969 343 4012 ex
366 3955 552 4030 proportione
576 3963 761 4031 geometrica,
786 3976 831 4018 res
855 3976 931 4017 mere
955 3958 1170 4027 mathematica,
1196 3972 1274 4013 rrrere
1296 3952 1513 4023 intellectualia,
1538 3961 1658 4027 atquae

307 4041 338 4100 in
366 4040 476 4100 nullum
501 4059 606 4118 corpus
630 4045 719 4121 recipi
743 4045 789 4103 vel
814 4047 928 4122 inprimi
952 4043 1065 4120 polest,
1089 4060 1140 4103 scu
1161 4040 1287 4102 solidum
1310 4043 1347 4099 sit
1370 4039 1456 4112 illud,
1481 4049 1512 4098 ιιι
1535 4047 1661 4098 terrast

307 4117 444 4202 metalla,
477 4145 529 4188 seu
552 4129 688 4202 fluidum,
712 4140 839 4207 utaqna
864 4143 892 4191 et
912 4137 1053 4192 acrinus.
1099 4129 1195 4189 Hoc
1188 4147 1306 4205 mquam
1329 4128 1498 4199 discrimen,
1522 4141 1659 4203 separans

306 4215 439 4274 sextilem
462 4235 481 4275 a
504 4216 611 4294 septili,
636 4227 668 4276 ut
692 4218 740 4277 ille
764 4222 802 4277 sit
824 4219 936 4292 efficax,
961 4222 1016 4278 iste
1040 4236 1112 4290 nou,
1137 4217 1218 4276 nulla
1242 4219 1353 4276 ratione
1377 4215 1467 4274 ullam
1491 4229 1657 4290 corpoream

307 4306 457 4361 materiam
481 4321 599 4364 movere
621 4315 734 4381 potest;
765 4306 885 4364 animali
909 4305 1048 4366 facultate
1072 4323 1145 4382 opus
1169 4314 1226 4372 cst,
1261 4321 1335 4380 qnae
1359 4291 1501 4362 hactenus
1525 4305 1564 4360 sit
1585 4316 1657 4376 geo·
1711 4298 1713 4306 ’

307 4391 427 4450 metriae
451 4394 596 4470 particeps
619 4401 648 4454 et
670 4395 735 4470 ejus
759 4392 876 4468 quidem
900 4397 1087 4470 congenitae,
1111 4409 1169 4450 non
1194 4391 1310 4482 demum
1333 4390 1606 4449 ratiocinationibus
1629 4393 1657 4444 et

308 4473 467 4551 disciplinis
492 4482 661 4554 acquisitae.

394 4562 470 4621 Illud
500 4582 568 4626 vero
599 4568 783 4627 ratiocinium
805 4578 886 4629 tuum
920 4586 977 4628 non
1000 4569 1151 4644 intelligo.
1180 4570 1214 4627 in
1240 4567 1411 4644 primordio
1437 4555 1565 4640 spiritus
1587 4559 1653 4620 Dc·

308 4653 387 4709 mini
409 4658 507 4708 vectus
529 4659 569 4711 esf
590 4659 743 4732 movitque
765 4675 859 4734 anper
877 4661 974 4736 aquit,
996 4676 1060 4718 non
1083 4659 1116 4714 in
1138 4656 1273 4716 tenebitis.
1319 4655 1402 4731 Ergo
1427 4653 1587 4714 radiorum
1610 4651 1656 4708 vi-

307 4737 440 4796 sibilium
472 4739 579 4814 angula·
609 4741 687 4817 facti
718 4752 791 4805 snat
823 4749 857 4805 ia
880 4752 969 4821 ιιέιι,
1003 4763 1068 4806 noa
1101 4747 1135 4804 ia
1165 4751 1257 4802 terra.
1303 4743 1399 4802 Video
1432 4740 1565 4819 quidem,
1598 4751 1655 4814 quo
