3732 5528
760 349 842 408 Liber
859 350 907 406 ΠΙ.
927 351 1014 420 capua
1032 350 1105 406 xiv.
1481 359 1484 372 '
1541 357 1603 416 393

259 533 320 574 cum
338 519 442 576 chorda
459 521 495 576 sit
511 537 639 578 mensura
656 524 727 592 soni,
752 525 825 580 orbis
844 540 908 580 vero
931 541 985 580 non
1008 525 1044 580 sit
1065 540 1192 582 mensura
1213 526 1255 584 sui
1276 531 1375 584 motus.
1411 526 1498 583 Orbas
1522 527 1605 596 igitur

259 596 312 670 ipsi
335 599 416 668 plane
434 617 488 656 non
508 608 573 658 sunt
589 605 764 672 comparandi
781 619 871 674 neque
889 604 998 661 chordis
1017 621 1105 675 neque
1118 605 1200 660 souis.
1234 605 1304 662 Nam
1316 605 1390 674 qnod
1402 605 1604 664 similitudinem

261 677 357 733 attinet
375 688 534 750 usurpatam
553 682 730 753 transitionis,
748 683 803 738 illic
821 685 1034 741 aeonsonantiis
1052 685 1087 740 ad
1105 683 1221 741 chordas
1238 692 1426 751 consonantes,
1442 685 1488 741 bic
1505 701 1522 742 a
1539 688 1604 743 uon-

262 756 467 826 hgurationibus
485 759 520 815 ad
540 761 665 829 planetas
683 763 880 832 configuratos,
899 780 931 821 ιι
949 765 1041 820 locata
1059 769 1115 832 est,
1140 779 1194 818 ιιι
1213 765 1283 820 enim
1300 770 1360 820 tota
1378 761 1525 836 omricula,
1549 781 1605 820 uon

258 833 357 902 integri
375 836 467 905 orbes,
491 839 540 894 sed
559 841 612 909 ipsi
632 841 728 898 saltem
745 843 915 912 planetarum
933 841 1161 911 configuratorum
1187 843 1254 898 situs
1278 842 1442 914 singulares,
1468 860 1518 902 nec
1535 845 1606 900 situs

258 915 287 970 iu
305 913 437 972 diametro
455 919 548 974 mundi
567 921 636 988 veri,
663 921 715 978 boc
733 929 775 980 est
792 922 970 992 sphaerarum
988 920 1114 991 angustia
1131 930 1159 977 et
1177 923 1340 992 amplitudo,
1365 927 1414 982 sed
1432 926 1501 982 situs
1517 939 1604 994 appa·

258 999 350 1050 rentes
368 994 454 1072 ipsius
471 995 569 1052 sideris
588 1001 640 1056 sub
657 1000 759 1056 ertirm
777 1001 878 1058 cheulo
896 1003 1007 1058 zodiaco
1033 1002 1062 1056 in
1080 1001 1127 1056 illa
1146 1001 1321 1057 similitudine
1342 1004 1509 1073 respondent
1528 1003 1605 1058 obor-

259 1069 308 1128 dis.
344 1073 441 1142 ltaque
459 1075 616 1144 requirebat
633 1078 790 1148 similitudo,
809 1087 841 1134 ut
858 1079 1052 1148 unaquaelibet
1073 1080 1175 1136 chorda
1192 1087 1394 1149 compararetur
1411 1082 1527 1152 planetis
1540 1097 1603 1152 pro·

259 1149 360 1281 amissus
379 1153 516 1284 ffitmbus,
539 1172 595 1212 non
618 1164 649 1212 ιι
667 1158 791 1230 singulae
814 1160 935 1229 singulte.
971 1158 1003 1216 Id
1027 1175 1091 1214 sero
1113 1159 1268 1227 pertinebat
1290 1161 1325 1216 ad
1349 1161 1425 1231 prius
1448 1163 1605 1235 membrum,

249 1281 252 1286 ,
278 1242 365 1296 equo
419 1237 522 1289 ctenns.

328 1309 401 1366 Nota
418 1313 464 1368 VI.
499 1315 552 1371 Hic
570 1323 689 1388 systema
712 1319 845 1375 musicum
863 1325 1037 1389 comparatur
1060 1335 1114 1375 non
1132 1319 1248 1388 amplius
1266 1320 1391 1390 zodiaco,
1420 1327 1451 1376 ut
1473 1319 1562 1390 capite
1579 1323 1606 1391 8,

260 1385 308 1442 led
325 1388 380 1457 illi
397 1397 520 1464 compagi
537 1397 622 1454 atius
639 1398 748 1468 mnndi,
767 1405 795 1454 et
813 1397 932 1454 chordae
950 1396 1073 1468 singulae
1092 1399 1204 1468 singulis
1224 1399 1346 1468 orbibus;
1366 1400 1478 1456 stabiles
1496 1401 1605 1470 quidem
1642 1407 1670 1433 ι·

262 1465 386 1534 sphaeris
405 1471 499 1539 primis
517 1475 697 1546 singulorum,
719 1478 833 1533 mobiles
851 1493 914 1532 vero
933 1477 1151 1534 suceedentibus.
1186 1479 1262 1534 llaec
1280 1479 1453 1548 quantumvis
1470 1488 1536 1551 apte
1553 1480 1606 1536 dis·

263 1545 375 1603 tributio
393 1548 519 1620 impingit
536 1559 626 1610 tamen
643 1557 735 1612 multis
753 1558 849 1627 modis,
868 1574 922 1627 quo
940 1557 1029 1612 ιιιιιι
1047 1556 1164 1614 causalis
1181 1559 1230 1623 sit,
1252 1567 1300 1614 aut
1317 1558 1382 1612 mibi
1400 1559 1428 1614 in
1445 1573 1505 1614 meo
1525 1573 1607 1630 opere

262 1627 454 1684 consectanda.
489 1633 558 1690 Nam
576 1635 671 1705 primo,
690 1637 713 1692 si
732 1637 811 1692 orbes
829 1637 939 1694 chordis
955 1638 1129 1707 respondent,
1149 1638 1285 1692 debebant
1296 1638 1424 1706 planetae
1440 1637 1606 1708 respondere

259 1709 363 1778 plectro
382 1719 430 1765 ant
447 1711 566 1780 plectris.
601 1715 663 1770 lam
681 1733 747 1773 vero
771 1717 904 1787 plectrum
923 1719 1058 1786 percurrit
1076 1733 1168 1774 omues
1186 1717 1315 1786 chordas,
1340 1725 1388 1774 aut
1410 1718 1535 1789 singulae
1552 1716 1606 1774 sal·

259 1795 314 1844 tem
332 1788 445 1858 singulis
463 1790 597 1849 leuantur
615 1793 742 1865 plectris,
766 1804 795 1851 ιι
813 1813 900 1866 neque
919 1814 991 1855 unus
1010 1797 1120 1867 planeta
1136 1799 1270 1869 percurrit
1287 1811 1380 1854 omnes
1397 1799 1490 1868 orbes,
1516 1813 1605 1867 neque

261 1868 359 1936 singuli
378 1885 442 1924 suos
460 1887 567 1942 omnes;
594 1891 663 1930 unus
683 1877 754 1930 enim
772 1876 848 1932 solus
866 1891 926 1931 esse
944 1876 1104 1947 perhibetur
1125 1876 1159 1932 ab
1177 1877 1343 1934 astronomia
1359 1877 1536 1944 Ptolemaios,
1560 1878 1607 1946 qui

262 1945 398 2015 planetam
416 1949 497 2004 vehit.
534 1953 659 2023 Reliqua,
679 1971 749 2024 quae
767 1957 957 2012 desiderantur
968 1957 997 2012 in
1009 1957 1061 2012 bac
1073 1959 1283 2027 comparatione,
1301 1966 1449 2027 sequentur
1460 1959 1518 2014 suis
1530 1959 1606 2016 locis.

347 2026 420 2082 Nota
439 2030 497 2085 Vll.
534 2032 586 2088 Hic
603 2034 827 2093 dissimulandum
845 2037 910 2105 luit,
929 2037 1002 2106 quod
1020 2052 1074 2090 non
1093 2042 1123 2092 ιι
1141 2037 1201 2092 soni
1223 2035 1335 2092 stabiles
1353 2038 1378 2106 7,
1397 2037 1525 2107 planetae
1543 2052 1607 2092 sero

261 2107 340 2161 etiam
360 2108 384 2174 7,
404 2109 443 2163 sic
461 2111 542 2168 etism
559 2121 590 2168 ut
608 2115 725 2170 chordae
743 2117 771 2170 in
790 2116 945 2172 universum
964 2114 1063 2183 15,'sic
1081 2115 1162 2169 ctiam
1181 2114 1261 2170 orbes
1278 2115 1306 2170 in
1317 2115 1472 2172 uniuersum
1491 2117 1522 2174 lb
1541 2116 1607 2172 sint:

259 2183 337 2254 longe
357 2185 428 2242 enim
446 2189 537 2258 plures
557 2194 635 2250 orbes
654 2195 819 2251 astronomia
836 2194 986 2252 Ptolemaei
1003 2195 1120 2252 statuit.-

345 2289 419 2344 Nota
436 2288 510 2344 VIII.
547 2289 609 2344 Etsi
627 2289 654 2344 in
673 2297 818 2358 systemate
835 2291 986 2346 Ptolemaei
1004 2291 1141 2362 perfecto,
1168 2287 1241 2360 quod
1260 2295 1368 2346 ιιιιιιι
1385 2304 1419 2344 ax
1438 2289 1607 2368 2diapaspn‚

261 2369 405 2424 monstrari
425 2375 540 2437 possunt
558 2378 586 2424 et
605 2370 694 2424 omnia
711 2382 812 2438 genera
830 2379 934 2440 cantus,
951 2379 979 2426 et
998 2370 1214 2440 omnesspecies
1231 2370 1378 2438 prunarum
1403 2369 1608 2426 concordantia·

263 2461 331 2511 rum,
346 2457 374 2502 et
392 2463 485 2504 omnes
503 2449 579 2506 modi
594 2465 643 2504 seu
662 2451 727 2520 toni,
744 2451 794 2506 illa
811 2458 901 2506 tamen
920 2450 1069 2519 amplitudo
1088 2448 1222 2506 intervalli
1240 2466 1295 2505 non
1313 2449 1366 2504 alis
1381 2449 1499 2505 naturali
1515 2463 1607 2504 neces-

260 2526 355 2595 sitate,
380 2528 429 2582 sed
448 2527 533 2596 solius
550 2528 662 2584 hnmani
680 2535 776 2598 captus
794 2546 879 2586 causa
896 2532 1044 2586 constituta
1061 2529 1125 2597 fnit,
1149 2545 1200 2586 ιιι
1221 2537 1264 2584 est
1286 2528 1443 2602 vensimile,
1467 2528 1555 2583 Deum
1573 2543 1608 2584 ex

260 2603 315 2660 boc
331 2605 469 2662 bominum
488 2614 634 2675 systemate
653 2608 795 2664 arbitrario
813 2610 991 2681 archetypum
1009 2610 1120 2678 petiisse
1139 2609 1276 2680 compagis
1289 2607 1461 2679 planetariae.
1497 2608 1608 2662 Minime

259 2699 328 2740 vero'
341 2693 384 2742 ιιι
401 2687 569 2757 rationabile,
588 2688 622 2742 ad
641 2704 782 2744 numerum
800 2704 928 2744 sonorum
945 2691 973 2744 in
992 2704 1025 2744 eo
1043 2689 1180 2745 stabilium
1198 2689 1374 2745 constitutum
1387 2674 1608 2743 esse'nomernm
1662 2711 1666 2722 =

259 2765 406 2830 primarum
425 2764 571 2821 inmundo
590 2768 767 2833 sphaerarum
791 2783 840 2824 seu
861 2769 1040 2838 planetamm.
1076 2769 1146 2824 Nam
1168 2783 1297 2823 numerus
1319 2783 1446 2822 sonorum
1470 2765 1608 2821 stabilium

259 2845 430 2911 septenarius
452 2846 575 2913 sequitur
598 2846 634 2901 ad
657 2846 731 2902 illam
754 2847 924 2902 arbitrariam
941 2849 1095 2919 systematis
1122 2846 1340 2916 amplitudinem,
1364 2853 1392 2900 ιι
1409 2844 1444 2900 ad
1462 2843 1607 2900 ternarium

259 2922 335 2978 illum
353 2937 494 2996 numerum
517 2940 571 2980 non
589 2924 671 2994 plane
689 2926 853 2982 naturalium
876 2943 1005 2996 generum
1029 2935 1138 2996 cantus,
1163 2944 1217 2996 qua
1238 2926 1297 2982 sola
1314 2925 1492 2995 usurpatione
1513 2924 1608 2982 nititur

260 3001 397 3056 ιίιιὶιιιίο
415 3018 551 3072 sonorum,
571 3004 711 3060 instabiles
730 3013 758 3060 et
774 3005 900 3075 mobiles,
919 3023 980 3062 cum
997 3013 1094 3062 natura
1112 3021 1205 3062 omnes
1224 3005 1284 3060 soni
1309 3004 1463 3074 systematis
1481 3003 1537 3058 sint
1554 3011 1608 3058 sta·

260 3079 337 3149 biles,
355 3079 409 3136 hoc
427 3089 469 3136 ιιι
487 3083 590 3138 definiti
608 3085 691 3142 certis
709 3093 822 3142 naturae
839 3086 927 3149 metis,
947 3085 999 3140 etsi
1012 3077 1062 3140 'alii
1080 3083 1140 3140 aliis
1158 3091 1255 3140 ιιιιιι
1273 3082 1443 3142 naturalibus
1466 3081 1609 3152 generibus

259 3157 348 3213 utiles.
384 3159 423 3214 Et
445 3169 476 3216 ut
493 3161 568 3232 dem,
592 3179 654 3219 esse
677 3165 730 3220 boc
748 3171 867 3234 systema
884 3163 1053 3220 retinendum
1076 3171 1105 3220 et
1127 3164 1155 3219 in
1175 3179 1207 3216 eo
1231 3176 1314 3217 sonos
1341 3159 1473 3229 quosdam
1495 3159 1608 3217 mobiles

260 3237 452 3308 aestimandos,
472 3240 507 3294 ob
525 3243 660 3302 naturalia
678 3249 774 3300 ιιιιιι
792 3257 900 3311 genera,
920 3245 1016 3300 dumam
1035 3249 1062 3297 ιι
1080 3241 1168 3311 molle,
1188 3255 1225 3298 sc.
1245 3241 1274 3308 b,
1292 3240 1311 3296 b
1329 3247 1357 3294 et
1374 3239 1424 3307 do,
1444 3256 1474 3305 ι,
1491 3240 1508 3293 4
1526 3255 1609 3296 sonos

258 3332 308 3384 pro
326 3317 343 3372 2
362 3318 520 3388 mobilibns;
539 3329 629 3378 ιιιιιι
648 3340 710 3378 oum
729 3324 902 3392 disdiapason
921 3323 1021 3376 habeat
1041 3324 1073 3378 15
1092 3337 1173 3378 sonos
1192 3336 1241 3376 ιιι
1259 3319 1334 3374 locos
1352 3319 1452 3388 potius,
1470 3319 1488 3372 4
1505 3319 1550 3374 hic
1567 3335 1610 3374 so·
1664 3371 1666 3377 .

259 3395 315 3450 lum
333 3395 403 3450 liunt
421 3397 543 3462 mobiles,
562 3399 618 3454 bini
636 3401 662 3456 in
682 3409 798 3471 utroque
816 3401 957 3471 diapason,
976 3402 1088 3457 bisonas
1106 3399 1210 3456 scilicet
1223 3405 1345 3466 uterque,
1364 3399 1507 3454 restabunt
1523 3398 1608 3454 nihilo

259 3477 347 3531 minus
365 3475 492 3532 undecim
510 3479 634 3550 rubbes,
661 3489 709 3536 aut
726 3483 750 3537 si
768 3481 850 3536 etiam
866 3483 893 3550 f,
919 3483 947 3550 fp
973 3497 1023 3548 pro
1041 3495 1094 3534 nno
1121 3479 1192 3534 inter
1215 3475 1329 3532 mobiles
1354 3477 1396 3531 bis
1418 3490 1608 3534 accenseamus

262 3553 295 3608 ob
313 3555 390 3610 istam
409 3555 505 3612 literae
523 3560 744 3629 geminationem,
764 3561 816 3614 etsi
834 3559 1011 3616 divisionibus
1029 3557 1122 3628 primis
1139 3555 1385 3611 monochordorum
1403 3571 1457 3610 non
1475 3564 1608 3616 monstra·

261 3641 311 3698 tos,
329 3643 420 3690 ιιιιιι
439 3636 528 3692 adbuc
546 3646 626 3693 erunt
644 3655 756 3695 numero
775 3641 799 3708 9,
818 3637 915 3695 natura
933 3638 1042 3708 quidem
1061 3636 1137 3704 duce,
1158 3650 1227 3704 quae
1239 3641 1330 3690 autem
1343 3634 1445 3689 elavem
1463 3651 1518 3690 non
1529 3634 1609 3690 docet

260 3729 403 3783 geminare.
1136 3781 1137 3785 Ἰ

331 3793 409 3860 Quod
435 3795 505 3850 enim
523 3796 696 3854 Ptolemaeus
720 3798 738 3852 4
760 3797 789 3853 in
812 3813 867 3852 una
894 3803 989 3852 cctam
1011 3811 1060 3852 ιιι
1078 3793 1209 3863 diapason
1236 3801 1264 3849 et
1287 3794 1326 3849 sic
1344 3795 1360 3850 7
1387 3795 1415 3850 in
1433 3793 1608 3863 disffiapason

260 3881 386 3928 numerat
406 3874 527 3945 stabiles,
546 3877 574 3933 id
593 3887 635 3934 est
653 3885 767 3949 propter
784 3877 839 3933 duo
856 3877 1032 3933 tetranborda
1048 3875 1200 3943 conjuncta,
1219 3881 1294 3942 quae*
1308 3874 1382 3930 sonis
1400 3875 1441 3942 A,
1460 3874 1479 3930 d
1495 3880 1524 3928 et
1541 3873 1573 3941 d,
1591 3891 1610 3945 y

259 3951 433 4008 continentur
450 3955 477 4008 in
496 3957 610 4026 singulis
629 3957 769 4027 diapason
788 3972 903 4026 quorum
919 3955 1095 4012 intermedius
1113 3955 1148 4022 (b,
1166 3972 1181 4012 ι
1199 3961 1226 4008 ιι
1245 3973 1265 4022 ι,
1283 3955 1305 4023 l)
1328 3954 1420 4035 Ιοιςι,
1432 3953 1609 4023 usurpatione
1711 3991 1714 3994 -

259 4030 415 4110 solitisunt
432 4032 522 4089 iacere
541 4037 663 4106 mobiles,
684 4037 788 4092 scilieet
804 4053 860 4093 non
878 4043 982 4092 tantum
1000 4037 1036 4105 B,
1054 4038 1074 4092 t
1091 4041 1119 4090 et
1137 4036 1181 4103 dp,
1199 4051 1224 4102 e,
1243 4031 1426 4102 audetisne,
1445 4033 1492 4102 qui
1508 4040 1608 4101 ιιιιιι,

259 4115 358 4164 natura
377 4110 504 4182 docente,
530 4116 733 4171 constituuntur
750 4116 900 4171 rectissime
918 4115 1045 4184 stabiles,
1069 4116 1227 4186 praesertim
1246 4133 1268 4171 c.
1304 4115 1345 4169 Δι
1369 4113 1421 4170 etsi
1444 4113 1526 4168 ctiam
1543 4113 1623 4168 mihis

258 4195 357 4246 ιιιιιιι
374 4205 465 4246 rerum
485 4195 708 4262 geometricorum
734 4195 824 4264 signat
841 4195 881 4262 G,
907 4211 934 4261 c,
951 4195 988 4261 d,
1010 4209 1111 4265 yprae
1129 4196 1240 4263 ceteris,
1266 4211 1321 4251 non
1339 4211 1402 4250 vero
1424 4194 1513 4261 signat
1531 4209 1550 4265 p
1567 4191 1610 4249 rel

164 4309 169 4324 .
258 4273 286 4339 s,
304 4269 348 4338 sp,
367 4268 419 4324 nisi
439 4279 574 4338 quatenus
593 4290 637 4329 ars
657 4285 783 4330 naturam
800 4276 934 4334 imitaturi
962 4281 990 4328 ιι
1007 4275 1098 4342 signat
1115 4276 1209 4332 eadem
1228 4283 1327 4332 natura
1342 4274 1409 4328 mihi
1427 4271 1509 4326 ιιιιι
1527 4271 1558 4337 b,
1582 4271 1609 4325 B

259 4356 287 4402 et
305 4349 355 4416 up,
380 4363 406 4416 e,
432 4365 486 4418 quo
504 4352 611 4407 nomine
629 4355 744 4409 mobiles
762 4355 816 4409 duo
834 4355 874 4424 Β,
898 4356 917 4408 la
935 4359 963 4407 et
980 4355 1030 4422 dp,
1048 4353 1114 4409 aab
1132 4357 1251 4424 antiquis
1269 4355 1367 4423 habiti,
1397 4352 1609 4423 praestantiores

261 4443 320 4482 esse
339 4427 471 4482 deberent
489 4429 581 4484 stabili
598 4448 624 4486 ι.
662 4433 733 4499 Quin
751 4433 814 4500 imo,
833 4433 856 4486 si
875 4448 984 4487 caueam
1001 4431 1141 4502 respicias,
1160 4451 1207 4488 our
1225 4434 1400 4501 disdiapason
1412 4429 1608 4500 introducatur,

260 4504 307 4560 illa
324 4512 368 4560 est
386 4506 510 4564 desumta
528 4523 564 4564 ex
582 4511 724 4566 omnifaria
741 4512 915 4568 successione
934 4527 1062 4567 sonorum
1081 4513 1188 4568 omnino
1208 4513 1340 4580 omnium,
1358 4526 1413 4566 non
1431 4517 1535 4566 tanturn
1554 4517 1608 4567 sta·

259 4584 374 4658 biliam„
396 4585 425 4640 Si
450 4601 515 4658 ergo
539 4590 584 4645 bic
608 4591 697 4647 solum
720 4589 835 4646 stabiles
856 4589 1073 4658 consideramus,
1099 4591 1166 4648 nibil
1184 4590 1218 4644 ad
1235 4589 1309 4660 illos,
1334 4598 1365 4644 ιι
1382 4589 1464 4660 tales,
1491 4589 1609 4658 pertinet

261 4669 347 4719 totum
365 4671 484 4732 systema
503 4667 686 4739 disdiapason.
722 4671 791 4724 Nam
809 4669 880 4724 idem
899 4669 979 4737 ordo,
1006 4669 1052 4737 qui
1071 4676 1113 4724 cst
1130 4670 1203 4723 inter
1218 4687 1249 4741 9,
1274 4687 1300 4738 c,
1324 4671 1353 4738 d,
1371 4685 1390 4740 9
1405 4669 1521 4725 ἰιιιιιιίι
1538 4669 1608 4722 inter

197 4793 202 4804 ,
262 4765 288 4811 c,
305 4745 333 4811 ι’,
349 4760 379 4813 p,
397 4760 413 4798 ι
430 4753 458 4800 ιι
475 4749 506 4816 ιι,
524 4765 554 4818 p,
573 4765 606 4816 ι,
625 4750 657 4818 ιι,
676 4749 795 4805 nondum
812 4748 924 4817 impleto
942 4755 1089 4818 systemate
1106 4747 1288 4816 disdiapason.
1324 4748 1421 4818 Itaque
1438 4748 1511 4817 quod
1529 4745 1608 4804 affec·

262 4825 362 4878 nonem
380 4828 535 4886 stabilitatis
553 4830 659 4897 attinet,
677 4828 780 4885 suificat
796 4828 850 4883 illis
869 4834 989 4898 systema
1006 4828 1176 4884 diatessaron
1194 4843 1255 4883 cum
1273 4828 1417 4902 diapason,
1435 4828 1508 4898 quod
1526 4829 1609 4884 babat
1648 4902 1653 4912 .
