3564 5540
162 445 172 457 .
242 481 245 490 Ι
284 419 325 478 gg
725 411 768 468 De
785 411 946 503 figurarum
964 407 1184 467 Harmonicarum

277 569 358 651 'mibi
379 587 546 651 faciendum
569 605 643 666 csso,
667 596 701 650 ut
721 589 805 650 initio
828 607 864 651 ex
885 589 962 651 libro
984 589 1097 652 decimo
1119 587 1250 651 Euclidis
1266 587 1467 650 exscriberem
1488 603 1535 662 ea,
1559 601 1636 663 quos

286 677 487 758 adpraesens
510 679 676 738 institutum
697 694 792 739 meum
820 680 977 755 praecipue
1007 679 1151 754 facerent,
1179 680 1284 738 scriem
1311 679 1399 738 etiam
1427 693 1524 737 rerum
1556 673 1637 733 illius

287 767 365 842 libri,
388 769 475 828 certis
499 765 675 842 quibusdam
698 766 856 843 interjectis
877 765 1080 844 divisionibus,
1103 769 1134 825 in
1155 765 1250 826 lucem
1272 765 1437 844 proferrem,
1462 779 1568 824 csusas
1591 763 1638 819 ιιι-

289 853 433 930 dicarem,
467 870 518 915 cur
548 851 691 930 quaedem
722 847 900 914 divisionum
928 854 1059 915 membra
1080 855 1118 915 ab
1140 853 1263 915 Euclide
1285 853 1391 912 fuerint
1415 853 1537 911 omissa:
1569 857 1639 908 tunc

287 941 403 1002 demum
433 941 469 1002 de
488 941 591 1018 figuris
614 942 686 1018 ipsis
707 939 855 1018 agendum
877 943 940 1004 fuit
985 939 1043 1002 Ubi
1065 957 1141 1019 quac
1163 942 1280 1002 fuerunt
1307 942 1345 1002 ab
1368 939 1489 1001 Euclide
1510 939 1638 1000 demon-

286 1037 380 1091 strata
402 1029 569 1102 clarissime,
593 1030 622 1086 in
643 1030 680 1088 iis
703 1029 828 1108 simplici
843 1031 1077 1134 propositionum
1092 1029 1268 1108 allegatione
1281 1035 1433 1090 contentus
1455 1026 1511 1086 ιιι.
1533 1013 1637 1099 multe,

289 1134 364 1196 quac
386 1125 455 1178 sunt
477 1116 514 1177 ab
537 1115 659 1177 Euclide
682 1114 881 1192 demonstrata
903 1120 953 1177 ria
980 1117 1055 1191 alia,
1084 1124 1202 1195 propter
1228 1117 1316 1177 linem
1344 1115 1417 1176 mibi
1447 1117 1638 1196 propositum,

289 1205 401 1266 scilicet
421 1212 538 1282 propter
560 1206 807 1281 comparationem
829 1205 993 1283 figurarum
1010 1160 1158 1266 scibilium
1180 1213 1209 1266 et
1229 1195 1425 1285 iuscibilium,
1452 1204 1501 1262 hic
1523 1203 1641 1262 fuerunt

289 1291 453 1370 repetenda,
478 1292 525 1352 sel
548 1290 695 1368 disjuncta
716 1291 930 1371 conjungenda,
954 1293 1002 1355 vel
1026 1292 1097 1354 ordo
1119 1291 1286 1357 mutandus
1323 1290 1544 1394 Definitiouqm,
1568 1305 1639 1366 pro-

289 1382 476 1459 positionum,
498 1379 712 1440 theorematum
735 1381 840 1442 sericm
863 1383 1001 1441 contiuuo
1023 1397 1223 1442 numerosum
1242 1379 1422 1460 complexus,
1444 1379 1504 1438 ιιι·
1497 1397 1526 1436 ιιι
1542 1377 1639 1454 Diop-

288 1470 367 1528 tricis
388 1468 454 1539 feci,
477 1473 596 1545 propter
608 1467 816 1545 allegationum
839 1469 1091 1545 commoditatem
1114 1470 1145 1527 in
1168 1470 1240 1547 ipsis
1264 1471 1353 1529 etiam
1375 1467 1564 1530 lemmatibus
1581 1481 1639 1524 non

289 1563 441 1616 accuratus
463 1554 505 1614 fui
528 1573 581 1615 uec
602 1559 723 1616 nimium
747 1555 783 1617 de
806 1557 961 1618 vocabulis
976 1557 1136 1633 sollicitus,
1158 1559 1254 1634 magis
1277 1559 1306 1616 in
1330 1573 1376 1617 res
1398 1553 1478 1638 ipsas
1502 1558 1639 1626 intentus,

291 1645 400 1720 quippe
423 1644 474 1720 qui
496 1659 555 1702 nou
574 1643 637 1720 J'am
659 1645 688 1702 in
710 1644 898 1721 pbilosophis
919 1653 1112 1722 geometram,
1141 1641 1194 1706 sed
1224 1647 1255 1702 in
1277 1638 1333 1705 ha'c
1355 1645 1534 1721 geometriae
1557 1649 1640 1719 purte

292 1730 513 1808 philosophum
532 1748 627 1808 agam
671 1732 770 1808 Atque
797 1735 913 1792 utinam
939 1730 977 1794 de
1004 1734 1091 1795 rebus
1120 1734 1306 1811 geometricis
1338 1732 1434 1792 adbuc
1460 1730 1640 1811 popularius,

267 1817 451 1879 dummodo
474 1826 504 1878 et
525 1817 631 1878 clarius
660 1827 690 1879 et
716 1820 894 1897 palpabilius
917 1820 1060 1882 disserere
1081 1822 1253 1904 potuissem.
1298 1819 1357 1881 Sed
1384 1835 1485 1899 spero,
1516 1817 1641 1878 lectores

291 1923 403 1983 aequos
425 1908 455 1964 ιιι
478 1913 601 1982 utraque
623 1923 663 1982 rc,
687 1915 716 1968 et
739 1907 819 1988 quod
840 1910 1018 1986 geometrica
1031 1907 1212 1989 populariter
1233 1907 1326 1983 cado,
1349 1914 1379 1968 ct
1401 1906 1480 1984 quod
1502 1906 1653 1990 materiae·

295 1995 504 2054 obscuritatem
525 1994 669 2054 industria
682 1997 797 2057 vincere
813 2012 872 2055 nou
885 1999 979 2073 potui,
1002 2008 1099 2058 meam
1121 1988 1241 2074 operam
1264 1997 1334 2056 boui
1350 1994 1545 2056 consulturos.
1570 1991 1644 2069 Qui·

294 2082 350 2143 bus
374 2083 463 2142 etiam
485 2081 542 2142 boc
564 2081 601 2142 ad
625 2090 784 2144 extremum
807 2083 852 2143 do
869 2083 992 2158 consilii,
1015 2092 1048 2144 ut
1069 2085 1095 2146 si
1115 2084 1386 2145 matbematicorum
1409 2101 1504 2144 rerum
1527 2082 1642 2160 penitus

296 2169 424 2245 imperiti
445 2169 560 2244 fuerint,
590 2173 774 2232 manumissis
791 2172 1025 2232 enarrationibus
1047 2175 1120 2233 meis
1152 2171 1231 2233 solas
1254 2171 1354 2250 legant
1384 2172 1600 2248 propositiones
1628 2186 1645 2226 a

295 2255 405 2318 XXX.
431 2273 526 2333 usque
548 2256 587 2316 ad
608 2257 704 2334 finem,
728 2266 758 2318 et
779 2259 837 2320 tide
859 2260 1108 2338 propositionibus
1129 2261 1201 2338 ipsis
1224 2259 1356 2322 adhibita
1377 2260 1440 2319 sine
1463 2258 1646 2318 demonstra-

294 2347 384 2419 tione,
407 2351 531 2422 pergunt
553 2345 591 2405 ad
613 2343 704 2413 libros
727 2354 854 2420 ceteros,
884 2349 1057 2426 pracsertim
1078 2347 1116 2407 ad
1138 2347 1295 2424 ultimumJ'
1317 2365 1354 2408 ne
1377 2345 1550 2406 difficultate
1573 2361 1645 2421 geo·

294 2433 479 2492 metricorum
510 2436 796 2510 argumentationum
825 2435 972 2495 absterriti
1003 2435 1099 2495 fructu
1127 2452 1192 2496 suae
1219 2437 1334 2514 privent
1364 2434 1552 2495 harmonicae
1576 2448 1645 2493 con-

294 2513 496 2596 templationis
515 2520 742 2597 jucundissimo.
786 2521 871 2584 Nunc
893 2521 931 2618 ad
953 2541 1014 2584 rom
1035 2524 1209 2589 accedamus
1232 2541 1298 2584 cum
1320 2523 1426 2584 Deo

864 2845 1071 2858 *—

510 3107 561 3182 lla
587 3107 792 3197 Figuratum
817 3078 1043 3222 Regularium
1075 3068 1439 3190 demonstretionibus.

726 3311 751 3375 L
778 3312 981 3374 Definitio.
1032 3293 1127 3377 Plana
1155 3317 1249 3396 figura
1280 3271 1422 3398 regularis
1448 3317 1501 3378 illa
1535 3314 1647 3389 dicitur,

641 3417 718 3478 quac
744 3403 842 3460 omnia
868 3403 962 3462 latera
992 3410 1022 3464 et
1049 3421 1149 3466 omnes
1179 3407 1319 3485 angulus,
1353 3415 1516 3506 extrorsum
1539 3420 1647 3478 versos,

640 3487 779 3564 aequales
799 3489 900 3549 habet.

725 3571 762 3627 Ut
779 3571 823 3628 bic
842 3571 954 3639 QPRO:
983 3571 1070 3630 latere
1087 3575 1146 3644 QP,
1164 3577 1225 3644 PR,
1243 3577 1304 3649 Ro,
1331 3553 1378 3648 OQ
1396 3583 1460 3634 suut
1479 3575 1607 3648 aequalia
1624 3581 1649 3630 et

580 3677 587 3708 ι
637 3649 730 3720 au'grdi
750 3649 835 3722 QPR,
852 3651 939 3720 PRO,
958 3651 1048 3722 ROQ,
1067 3655 1143 3724 OQP
1155 3659 1293 3727 aequales.

723 3724 763 3785 Π.
785 3725 984 3788 Definitio.
1028 3727 1137 3791 Earum
1159 3733 1304 3810 quaedam
1319 3739 1396 3794 suut
1416 3733 1528 3810 primae
1551 3739 1582 3792 et
1602 3747 1649 3790 ra-

556 3779 762 3888 foreman,
794 3831 872 3892 quae
901 3831 971 3875 suos
994 3817 1075 3897 ipsae
1098 3824 1234 3882 terminos
1263 3839 1322 3883 uon
1353 3819 1512 3896 excedunt,
1543 3819 1649 3897 quibus

296 3903 411 3977 proprie
435 3902 573 3959 convenit
596 3903 693 3980 posita
716 3899 861 3964 definitio:
885 3901 1031 3986 quaedam
1052 3916 1121 3968 suut
1143 3918 1256 3985 auctae,
1280 3927 1357 3986 quae
1373 3927 1428 3970 sua
1449 3906 1543 3969 veluti
1559 3908 1649 3968 latera

296 3985 449 4060 excedunt,
481 3989 658 4050 continuatis
681 3989 806 4065 alicujus
833 3989 970 4051 radicalis
995 3991 1139 4056 lateribus
1161 4013 1219 4057 non
1236 3999 1381 4077 contiguis
1403 3996 1442 4090 ad
1459 4013 1648 4058 concursum:

296 4072 430 4134 dicuntur
451 4073 565 4135 stellae.
746 4127 749 4132 ,

417 4174 466 4225 ιιι.
481 4173 502 4217 u.
758 4241 760 4251 Ι
774 4177 886 4229 rma
1114 4167 1337 4226 UthicABODE
1349 4174 1393 4223 est
1413 4168 1564 4242 perfectum
1577 4173 1649 4242 quiu-

827 4264 859 4310 1
1026 4247 1193 4318 quaugulum
1210 4255 1306 4318 estque
1321 4247 1408 4328 figure
1418 4250 1514 4319 prima,
1533 4267 1590 4308 uon
1607 4251 1648 4307 de

1026 4323 1148 4382 sidereus
1165 4327 1247 4383 uliam
1263 4327 1426 4398 perfectum,
1454 4345 1490 4386 ex
1513 4347 1571 4400 qua
1587 4349 1648 4389 cou-

1027 4404 1177 4462 damtione
1194 4405 1310 4462 lafcrum
1326 4408 1501 4478 producatur.

980 4481 996 4529 l
1114 4485 1152 4541 At
1174 4485 1291 4542 FGHIK
1322 4495 1364 4544 est
1391 4489 1598 4562 quinquanguiu
1625 4495 1650 4548 ef

1029 4559 1116 4630 figura
1133 4571 1226 4629 aucta
1253 4565 1416 4623 continuatis
1434 4568 1566 4628 lateribus
1584 4571 1649 4628 binis

1030 4657 1086 4696 non
1109 4646 1260 4717 contiguis,
1285 4645 1464 4706 verbicarius
1481 4649 1531 4706 AB
1555 4657 1584 4707 ut
1607 4647 1650 4704 Dc

1031 4723 1066 4779 ad
1084 4741 1243 4782 concursum
1262 4727 1284 4784 1.
