3732 5528
747 403 829 460 Liber
845 402 904 468 ΙΙΙ.Ι
914 401 1001 475 Caput
1019 392 1076 460 XV.
1527 409 1590 472 403

244 585 355 638 motum
377 567 566 656 contrarium
596 579 751 641 stationem
774 599 860 656 vero,
891 583 921 641 in
944 599 1003 657 qua
1027 581 1186 642 canebatur
1208 581 1332 661 epodos,
1364 585 1428 645 vioe
1451 567 1587 644 stationis

243 666 350 728 Terrae
372 668 469 731 luisse.
515 669 554 728 At
576 668 769 746 Pythagorae,
793 672 843 745 qui
866 677 979 746 septem
1002 669 1125 732 chordas
1148 670 1229 747 lyrae
1251 669 1290 730 ad
1312 688 1462 732 numerum
1483 673 1588 748 plauc-

243 763 337 814 iarum
359 763 472 832 septem
495 756 658 828 ordinavit,
691 754 807 816 videtur
833 761 932 834 potius
963 755 1002 818 ad
1029 756 1164 834 planetae
1197 761 1360 836 respexisse
1383 755 1528 835 vultuque
1551 757 1591 818 ad

242 843 390 902 meridiem
413 861 512 918 verso,
541 841 657 903 dextras
680 851 777 919 partes
800 845 829 902 in
853 845 962 904 oriente
990 843 1119 916 bosrae,
1153 853 1188 904 ut
1212 846 1254 904 ita
1278 845 1379 904 directi
1401 846 1539 922 planetae
1561 853 1592 906 ‘et

241 931 270 986 in
293 931 434 990 orientem
457 930 546 990 delati
569 931 717 1007 strophas·
738 930 958 1006 adumbrarem,
989 930 1151 1007 retrogradi
1178 932 1397 1008 antistropheu,
1426 935 1590 993 stationarii

241 1016 354 1094 epodon
378 1035 430 1077 seu
453 1027 578 1078 stantem
601 1017 728 1079 eborum.
773 1013 820 1078 Ita
842 1021 934 1092 euim,
966 1021 1041 1079 sicut
1068 1018 1172 1078 iisdem
1202 1022 1277 1079 inest
1306 1020 1431 1097 planetis
1459 1020 1589 1094 direodo,

239 1103 462 1181 retrogradatio,
485 1108 583 1179 statio,
608 1108 650 1164 sic
673 1107 760 1174 etiam
782 1105 859 1166 idem
883 1105 1065 1181 choruscat,
1089 1109 1139 1184 qui
1156 1106 1195 1166 ad
1211 1105 1336 1181 dextras,
1362 1111 1411 1184 qui
1435 1116 1465 1167 et
1487 1107 1525 1168 ad
1547 1111 1591 1167 si·r

239 1193 612 1269 mmmmmmt
818 1197 822 1209 ¹
1008 1215 1013 1226 ¹

325 1280 400 1339 Nam
422 1283 446 1339 sl
469 1278 632 1340 voluissent
653 1280 757 1340 musici
780 1277 822 1338 illi
844 1287 1064 1358 repraesentare
1086 1283 1243 1340 stationem
1264 1279 1409 1356 Telluris,
1432 1286 1491 1341 non
1515 1288 1589 1359 epus

239 1366 277 1425 ad
299 1367 357 1426 boc
378 1368 482 1427 luisset
503 1375 586 1444 parte
610 1374 721 1440 cautus,
747 1385 823 1444 qnae
846 1377 999 1428 caneretur
1020 1376 1116 1428 stante
1140 1368 1239 1440 thoro,
1259 1369 1322 1444 jam
1345 1375 1435 1429 antea
1458 1369 1535 1428 enim
1558 1371 1588 1426 in

238 1453 367 1530 chorago
383 1464 479 1514 stante
494 1457 523 1513 iu
539 1453 635 1514 medio
658 1457 848 1534 suppetiisset
870 1453 929 1514 illis
946 1457 1036 1516 instar
1058 1457 1131 1516 satis
1146 1455 1326 1515 luculentum
1349 1457 1456 1516 stantis
1471 1455 1589 1516 Terrae.

239 1543 278 1600 At
302 1560 368 1602 cum
391 1538 517 1621 Apollo,
547 1541 690 1618 choragus
712 1542 762 1602 ille
785 1538 937 1604 Musarum
961 1541 1055 1615 chori,
1084 1546 1180 1621 poetis
1209 1561 1267 1604 nou
1290 1541 1410 1604 Terram
1429 1544 1588 1620 significet,

183 1659 184 1662 ¹
238 1628 290 1690 sed
312 1629 428 1702 Solem,
457 1648 493 1689 ue
516 1632 545 1689 in
569 1629 697 1704 chorago
720 1628 837 1706 quidam
866 1639 963 1692 stante
986 1649 1125 1708 expressa
1150 1631 1245 1696 luisse
1268 1630 1384 1692 videtur
1405 1633 1494 1692 statio
1517 1631 1591 1691 Tel-

134 1789 139 1802 ·
237 1716 324 1792 luris3
355 1717 447 1777 multo
470 1719 547 1777 enim
571 1718 757 1778 verisimilius
780 1726 838 1791 est,
868 1717 924 1778 hac
946 1717 1066 1794 eboragi
1089 1719 1187 1794 quiete
1210 1717 1404 1794 significatam
1428 1737 1493 1779 essa
1515 1720 1588 1778 sim-

238 1805 397 1881 plicitatem
420 1812 517 1864 motus
540 1804 617 1864 Solis
638 1803 727 1864 medii
749 1807 827 1864 inter
849 1803 998 1882 planetes,
1028 1805 1160 1883 epieyclo
1191 1814 1337 1866 carentem
1365 1823 1421 1869 neo
1441 1814 1589 1882 retrogra-

238 1891 347 1951 dationi
373 1892 415 1950 ilii
437 1892 621 1968 planetarum
644 1891 819 1952 obnoxiam:
843 1901 877 1952 ut
898 1896 940 1952 ita
962 1900 1025 1952 tota
1048 1893 1233 1954 choriiacies
1254 1895 1339 1952 unice
1361 1892 1399 1952 ad
1422 1894 1536 1953 coelum
1559 1901 1590 1952 et

236 1978 369 2055 planetas
391 1979 540 2053 referatur,
562 1979 731 2039 nullatanus
754 1980 791 2038 ad
814 1979 944 2040 Terram.
990 1979 1118 2039 Tantum
1139 1982 1229 2056 igitur
1252 1979 1288 2040 de
1302 1980 1509 2057 multiplicium
1532 1997 1588 2040 va-

236 2067 389 2140 rietatum,
422 2083 498 2143 quae
520 2069 620 2127 insunt
643 2069 672 2124 in
694 2067 877 2142 singulorum
898 2067 1084 2146 planetarum
1105 2068 1250 2142 motibus,
1280 2070 1498 2146 comparatione
1521 2073 1589 2129 cuni

236 2154 323 2215 rebus
345 2156 465 2214 musicis
488 2154 595 2214 dixisse
618 2153 744 2215 sufficiat
758 2151 822 2225 XV).

305 2269 379 2326 Nota
395 2270 417 2324 Ι.
453 2269 495 2326 De
513 2269 566 2325 hoc
584 2286 693 2340 quoque
712 2272 800 2342 capite
818 2271 894 2328 solus
913 2270 1008 2340 titulus
1026 2277 1068 2326 est
1085 2271 1249 2340 Ptolemaei,
1269 2277 1360 2328 cetera
1376 2288 1437 2328 mes
1455 2280 1532 2344 sunt,
1550 2274 1590 2330 sic

236 2347 343 2418 quidem
361 2349 523 2420 composita,
552 2349 604 2419 uti,
628 2358 758 2420 quantum
778 2368 812 2406 ex
830 2352 1052 2414 antecedentibus
1077 2351 1187 2420 assequi
1206 2350 1364 2428 conjectura
1382 2352 1472 2420 potui,
1499 2346 1589 2408 Ptole·

235 2444 328 2483 macas
347 2429 405 2497 ipse
423 2427 622 2498 compositurus
639 2427 701 2484 fuit.
736 2429 805 2488 Nam
823 2431 963 2498 uacatio,
990 2447 1061 2500 quae
1078 2432 1106 2486 in
1124 2430 1235 2500 vulgata
1253 2429 1370 2484 editione
1397 2429 1482 2486 latina
1507 2433 1590 2500 inque

235 2508 425 2578 manuscriptis
444 2507 548 2578 graeds
567 2505 647 2562 titolo
666 2509 791 2578 subjecta
815 2516 870 2578 est,
898 2509 1007 2578 penitus
1031 2509 1098 2564 nihil
1117 2508 1213 2576 habet,
1239 2507 1312 2577 quod
1330 2505 1410 2564 titulo
1430 2510 1527 2580 cupitis
1545 2525 1587 2565 re·

236 2588 380 2655 spondeat;
399 2585 474 2656 quod
492 2601 606 2655 operose
624 2586 819 2644 demonstravit
835 2587 961 2644 Barlaam
986 2589 1136 2644 monachus
1154 2587 1248 2647 libello
1274 2603 1387 2658 graeca
1410 2589 1489 2658 cujus
1507 2603 1591 2659 supra

236 2667 317 2722 etiam
335 2665 408 2722 iacta
425 2674 469 2721 est
485 2665 594 2720 mentio.

321 2770 394 2824 Nota
406 2769 441 2824 11.
477 2768 569 2837 Vides,
587 2770 734 2839 praescribi
752 2769 940 2825 tantummodo
958 2769 1108 2838 problema,
1127 2769 1298 2839 propositum
1316 2771 1401 2827 veluti
1419 2771 1589 2840 mtrcnomis,

236 2848 308 2918 qood
326 2865 362 2904 oe
380 2849 489 2917 quidem
507 2849 617 2917 atungm
633 2849 863 2917 comparationem
885 2848 1015 2917 aliquam:
1038 2847 1087 2902 sed
1111 2847 1201 2903 adhuc
1222 2849 1296 2904 intra
1318 2856 1397 2919 repta
1414 2865 1445 2904 se
1468 2851 1590 2907 continet

235 2929 424 2984 asuouomiee.
449 2928 576 2984 Dubitari
593 2928 678 2997 igitur
695 2933 795 2996 potest,
813 2944 847 2982 au
866 2927 1040 2982 Ptolemaeus
1057 2927 1109 2982 hoc
1128 2928 1218 2996 capite
1231 2931 1462 2998 comparationem
1478 2930 1589 2985 omnine

235 3007 351 3075 aliquam
370 3008 453 3062 fuant
468 3007 650 3075 instituturus,
670 3014 698 3062 et
719 3007 742 3062 si
760 3015 849 3063 motus
868 3007 1039 3076 planetarum
1057 3015 1266 3076 comparaturus
1283 3014 1348 3063 erat·
1368 3006 1451 3062 rebus
1469 3007 1588 3078 musicis,

236 3087 342 3141 cuinam
361 3087 443 3154 igitur
460 3085 531 3155 parti
549 3101 639 3140 rerum
658 3085 874 3144 harmonicorum
893 3102 940 3142 aas
959 3101 1116 3155 comparare
1134 3085 1264 3155 voluerit,
1289 3096 1350 3142 sum
1367 3086 1396 3141 id
1413 3102 1469 3142 nou
1486 3085 1588 3142 iudicat

234 3161 262 3216 in
289 3164 385 3232 titulo,
413 3162 487 3232 quod
514 3163 621 3220 solebat
648 3167 794 3232 hacteuus,
823 3180 874 3220 nec
896 3172 983 3220 restet
1012 3164 1099 3220 ullum
1124 3173 1208 3233 eaput
1237 3163 1410 3220 hamericus
1436 3163 1588 3234 matrinae,

236 3241 308 3310 quod
326 3258 381 3296 uon
396 3241 452 3310 jam
470 3249 551 3298 autea
568 3243 650 3300 inerit
668 3244 820 3300 absumtum
839 3243 867 3299 in
886 3245 977 3314 capita
994 3259 1085 3299 rerum
1103 3243 1347 3299 astronomicarum
1366 3248 1531 3311 comparata

322 3337 392 3406 Quia
409 3344 501 3392 umen
526 3339 717 3409 proportiones
735 3347 858 3396 motuum
876 3354 1008 3408 quaerere
1034 3341 1211 3408 sumensque
1227 3339 1380 3408 exprimere
1398 3337 1494 3394 titulus
1512 3336 1588 3392 insti·
1652 3365 1660 3378 =

235 3417 294 3485 tuit,
312 3416 445 3484 suspicari
462 3433 606 3486 possumus
626 3420 660 3475 de
676 3419 870 3485 consonantiis,
889 3419 954 3487 qnia
972 3427 1000 3473 at
1017 3419 1069 3472 hae
1088 3417 1281 3473 consistentia
1299 3416 1521 3487 proportionibus
1538 3431 1588 3469 nu·

236 3493 422 3558 motabilibus,
449 3503 477 3551 et
495 3497 559 3565 qnia
576 3497 644 3552 nihil
662 3498 788 3567 impedit,
813 3497 909 3552 eadem
927 3499 1018 3566 capita
1035 3493 1204 3553 harmonicas
1223 3499 1265 3554 bis
1282 3494 1445 3566 comparari:
1473 3492 1588 3562 primum

237 3573 399 3628 coelestibus
416 3574 446 3628 in
463 3586 576 3644 genera,
604 3579 680 3631 utin
698 3576 833 3645 capitibus
851 3577 1090 3644 antecedentibus,
1113 3577 1211 3630 iterum
1229 3576 1257 3629 in
1276 3573 1410 3646 capitibus
1428 3571 1527 3626 abhinc
1544 3585 1586 3626 se·

237 3653 393 3723 questibus,
416 3653 532 3723 planetis
551 3655 672 3724 singolis.
708 3656 761 3711 Ubi
778 3654 942 3724 noandum,
960 3655 1033 3723 quod
1052 3653 1176 3708 binorum
1194 3653 1265 3707 inter
1283 3667 1313 3708 se
1331 3658 1454 3706 motuum
1472 3665 1585 3718 propor-

236 3731 324 3786 tiones
342 3733 368 3785 ri
386 3747 528 3788 causarum
546 3735 710 3804 morantium
728 3734 887 3802 plerumque
905 3731 1130 3789 sint-ineffabiles
1141 3731 1269 3800 numeris,
1287 3737 1377 3786 motus
1395 3728 1498 3785 scilicet
1514 3729 1587 3784 inter

236 3825 266 3865 se
284 3826 367 3866 causa
383 3813 529 3868 celeritatis
548 3821 576 3868 at
594 3813 733 3868 tarditatis
750 3810 1045 3867 incommensurabiles.

323 3907 374 3975 Qui
393 3907 515 3965 deiectus
536 3925 596 3964 oum
614 3908 755 3979 impediat,
775 3923 829 3975 qao
846 3907 934 3964 minem
953 3915 1043 3964 motus
1061 3925 1123 3964 cnm
1140 3905 1289 3976 phthongis
1307 3902 1461 3976 systematis
1478 3919 1586 3974 comps·

234 3991 336 4055 rentur,
355 3987 456 4057 qnippe
473 3988 502 4041 hi
520 4002 613 4043 omues
630 3989 701 4042 iuter
719 4001 749 4042 sc
769 3988 1025 4044 commensurabiles
1045 3993 1121 4042 suut:
1139 3986 1209 4042 baec
1227 3986 1310 4054 igitur
1327 3997 1411 4040 causa
1427 3982 1480 4038 fuit
1495 3981 1586 4037 Ptole·

237 4077 323 4126 maso,
343 4081 399 4134 cur,
420 4081 490 4133 quse
503 4065 650 4120 ineffabilia
668 4071 739 4134 sunt,
758 4063 835 4119 effari
853 4068 1000 4123 tenmverit
1016 4084 1066 4138 per
1084 4077 1219 4123 numeros.
1238 4065 1282 4120 Ex
1301 4079 1355 4134 qno
1375 4062 1456 4118 datur
1471 4060 1587 4130 intelligi

236 4142 365 4210 emplius:
385 4153 432 4200 aut
449 4161 502 4200 nou
521 4151 663 4201 accuratas
681 4144 734 4198 hoc
753 4144 841 4212 capite
859 4147 954 4213 quaeri
968 4153 1089 4201 motuum
1108 4145 1306 4214 proportiones,
1324 4143 1374 4198 sed
1391 4155 1441 4212 pro
1454 4139 1525 4195 reris
1542 4155 1587 4195 ac·

237 4223 339 4290 cepturi
356 4222 426 4291 illas,
445 4239 516 4292 quae
534 4225 603 4277 reris
621 4231 743 4277 motuum
760 4224 982 4293 proportionibus
1000 4227 1230 4296 appropinquant,
1247 4218 1522 4287 numeris'effsbiles,
1539 4224 1588 4272 ant

236 4302 263 4356 iu
279 4318 377 4372 magna
395 4304 487 4372 aliqua
503 4309 625 4356 motuum
642 4301 768 4356 binormu
786 4302 956 4370 planetarum
969 4305 1126 4368 variatione,
1146 4317 1226 4372 quam
1244 4301 1368 4370 seqnitur
1384 4297 1586 4354 innumerabilis

237 4383 441 4451 proportionum
458 4381 613 4449 multitudo,
632 4393 726 4434 omnes
742 4379 812 4448 illas,
832 4397 975 4449 quaecum
992 4382 1156 4439 harmonicis
1170 4381 1334 4450 coincidunt,
1354 4377 1487 4434 eruendas
1505 4379 1587 4448 inque

238 4467 412 4530 conspectum
430 4459 558 4516 locandas
576 4458 673 4528 fuisse,
691 4465 724 4514 ut
740 4467 859 4530 pateret,
884 4477 1011 4518 omnesne
1029 4464 1186 4518 harmoniae
1206 4461 1325 4517 omnium
1342 4459 1511 4530 planetarum
1530 4471 1586 4510 mo·

238 4537 309 4594 tibus
327 4540 398 4594 iuter
415 4555 445 4595 sa
463 4539 625 4609 comparatis
642 4538 838 4609 respondeant,
865 4555 901 4596 au
918 4549 1010 4596 certas
1034 4541 1191 4598 harmoniae
1208 4539 1321 4596 seorsim
1339 4545 1474 4596 certorum
1491 4535 1585 4607 plane·

238 4624 324 4674 tarum
340 4615 479 4675 motillmi

322 4715 380 4772 Nec
399 4717 515 4772 obscura
533 4723 575 4772 cst
593 4715 729 4784 emphasis
747 4713 892 4789 locutionis
910 4714 1007 4783 hujus:
1034 4709 1166 4784 <quonam
1184 4721 1265 4786 pacto
1284 4717 1345 4786 quie
1363 4713 1514 4783 sumserit»,
1532 4715 1586 4772 hcc

235 4794 371 4866 iudicans,
400 4794 428 4848 id
446 4794 519 4862 quod
538 4811 643 4851 sumere
661 4795 832 4850 Ptolemaeus
850 4793 1023 4862 intendebat,
1049 4795 1156 4850 omnino
1176 4793 1286 4850 difficile
1304 4801 1332 4849 et
1348 4793 1508 4864 perplexum
1525 4809 1586 4850 esse

238 4882 340 4946 sumto,
365 4889 416 4931 scu
435 4875 500 4942 qnia
515 4876 588 4932 modi
606 4874 747 4933 sumhouis
766 4871 846 4944 rarii,
875 4887 924 4929 seu
942 4872 1007 4941 quia
1024 4871 1052 4929 lu
1070 4873 1183 4944 singulis
1200 4873 1357 4929 inconstans
1374 4878 1497 4928 motuum
1515 4873 1584 4930 cele·

1366 4965 1429 5028 26⁴*

628 5095 648 5135 0

480 5161 489 5198 i
