3668 5526
858 353 998 424 Apologia.
1039 308 1043 316 Ι
1366 377 1371 388 1
1529 341 1589 404 tbi

254 498 568 600 libro.1V.Harmou.
593 513 710 618 capu.
736 545 765 597 et
787 538 1001 597 commentariis
1030 535 1060 592 in
1083 529 1242 591 Ptolemaei
1269 526 1436 588 harmonica
1463 518 1591 581 noudum

254 624 348 700 editis,
372 627 451 702 quod
473 627 583 688 scilicet
605 630 634 686 in
657 625 717 685 illis
732 625 964 684 harmonicamm
987 617 1204 700 proportionum
1222 619 1293 678 ratio
1308 614 1389 674 nulla
1403 611 1496 690 possit
1518 609 1591 666 iniri.

340 713 392 771 Ad
420 711 598 794 dnalysin
621 713 741 774 XXIV.
787 711 887 771 Motus
911 711 970 771 tuis
993 709 1152 768 harmoniis
1174 703 1247 767 tales
1264 704 1368 775 ademi,
1392 700 1492 778 qrrales
1509 713 1591 755 meae

253 815 306 876 pro
330 803 461 860 terminis
483 803 602 876 babent,
625 805 676 880 qui
698 817 802 876 nempe
825 801 945 859 circinis
966 797 1150 874 geometricis
1171 800 1294 873 possunt
1314 789 1482 850 mensurari.
1502 785 1614 870 aretia¹
1701 801 1705 818 ·

253 889 287 945 in
316 887 370 946 boc
397 905 533 949 samone
560 893 725 964 temeritas,
754 888 857 950 nuda.
874 886 1009 959 inuidia,
1041 891 1073 944 ut
1096 899 1165 943 sero
1188 887 1402 959 argumentum
1427 875 1460 934 id
1482 873 1535 933 tibi
1556 875 1594 929 sit

253 977 391 1034 inscitiae
412 993 513 1052 meae,
545 979 654 1055 patior,
686 974 808 1053 quiade
831 973 890 1032 illis
919 977 977 1033 tuis
999 973 1127 1032 motibus
1157 969 1331 1045 analogicis,
1364 965 1470 1042 quibus
1500 962 1592 1021 torma

253 1063 422 1134 materiam,
451 1064 503 1123 lux
526 1065 678 1136 tenebras,
711 1065 810 1122 anima
832 1079 936 1138 corpus
959 1060 1099 1136 subjugat
1122 1057 1293 1134 dematque,
1324 1071 1361 1114 ne
1388 1069 1439 1129 per
1460 1065 1592 1109 somnum

253 1148 370 1226 quidem
395 1153 533 1228 cogitari.
580 1150 677 1228 Quare
700 1153 859 1228 partiamur
882 1165 999 1226 operas,
1028 1147 1160 1206 ridimela
1182 1146 1235 1204 tibi
1258 1163 1323 1204 mea
1346 1142 1384 1199 sit
1405 1142 1591 1210 asseveratio,

253 1235 355 1295 ridebo
380 1256 434 1313 ego
459 1239 588 1299 vicissim
611 1247 678 1299 tuos
702 1237 768 1296 illos
791 1245 897 1309 motus,
922 1253 980 1295 non
1005 1234 1083 1312 quod
1106 1249 1163 1292 uon
1180 1236 1247 1305 sint,
1269 1231 1319 1292 sed
1341 1230 1410 1305 quia
1425 1227 1593 1308 informare

252 1340 338 1382 nemo
369 1325 612 1403 philosophorum
634 1325 790 1397 hactenus,
822 1323 901 1400 quod
930 1327 1036 1396 sciam,
1068 1322 1142 1381 dixit
1170 1339 1303 1394 mouere,
1337 1331 1455 1375 causam
1477 1315 1592 1372 nominc

252 1411 389 1486 effectus,
422 1417 542 1491 etquis
566 1415 673 1474 trustra
695 1421 726 1471 tu
746 1413 859 1489 jactas,
887 1419 914 1471 te
937 1428 1082 1488 quaerere
1103 1411 1311 1486 proportiones
1339 1403 1530 1462 harmonicas
1558 1403 1593 1458 in

253 1499 447 1559 tenebrarum
470 1509 497 1559 et
519 1503 594 1561 taeta
615 1501 768 1578 pradibus,
792 1508 927 1576 respecta
949 1507 1056 1572 motus,
1081 1515 1140 1574 qao
1160 1497 1265 1573 forma
1286 1497 1404 1554 moveat
1422 1489 1591 1560 materiam,

254 1587 279 1644 si
300 1585 381 1646 nulla
404 1589 458 1646 tibi
482 1591 610 1666 vestigia
632 1587 841 1664 magnitudinis
863 1595 996 1646 mutuum
1018 1584 1121 1646 borum
1145 1585 1265 1662 praebet
1286 1585 1350 1658 ipsa
1373 1585 1488 1647 natura,
1517 1592 1592 1653 quo-

253 1689 315 1732 rum
345 1672 525 1735 adminiculo
555 1685 587 1735 tu
618 1693 788 1752 comparare
818 1676 913 1753 possis
936 1682 1047 1734 motum
1077 1689 1143 1732 curn
1173 1669 1269 1743 rnotu‘,
1303 1669 1340 1728 ad
1364 1664 1534 1727 eliciendam
1565 1669 1593 1722 et

252 1762 465 1823 aestimandam
489 1781 588 1824 eorum
614 1765 830 1842 proportionem
853 1763 1061 1823 harmonicam.
1108 1758 1232 1836 Quaeris
1255 1763 1284 1817 et
1299 1754 1408 1816 metiris
1431 1753 1485 1811 iter
1507 1755 1590 1809 navis

255 1850 328 1906 inter
351 1849 465 1924 fluctus,
490 1851 617 1912 volucris
640 1869 691 1927 per
714 1853 820 1911 abiem.
866 1850 1055 1926 Comparatio
1078 1850 1160 1908 euim,
1179 1849 1271 1906 omnis
1294 1845 1327 1904 lit
1355 1839 1513 1902 secundum
1536 1857 1592 1898 nu-

255 1953 377 2011 merum,
400 1955 536 1998 numerus
561 1957 595 1998 ex
619 1954 754 1999 mensura
777 1941 898 2015 capitur.
944 1937 1123 1997 Harmoniae
1143 1951 1212 1996 sero
1228 1933 1391 2009 subjectum
1407 1925 1593 1998 mundanum,

254 2023 335 2098 quod
356 2028 461 2087 animo
483 2030 643 2102 respicitur
664 2027 734 2096 solo,
758 2043 822 2085 aon
842 2028 933 2084 etiam
956 2027 1057 2092 ousta,
1083 2023 1139 2085 boc
1161 2030 1220 2096 est,
1245 2021 1323 2098 quod
1347 2027 1446 2096 aptum
1470 2032 1525 2074 non
1550 2025 1593 2074 cst

252 2109 289 2168 ad
313 2116 425 2188 species
448 2121 542 2173 certas
558 2115 794 2186 harmoniarum,
808 2117 972 2188 quantitate
987 2113 1161 2184 differentes,
1186 2117 1217 2170 ut
1236 2109 1424 2178 diatessaron,
1448 2103 1591 2180 diapeutc',

251 2215 304 2256 seu
336 2196 374 2280 it,
406 2200 453 2258 vel
477 2197 519 2282 Ἃ
548 2201 725 2270 induendas,
758 2201 788 2260 id
811 2215 881 2260 vero
913 2217 970 2259 non
997 2206 1110 2260 tantum
1141 2188 1311 2258 mittentia
1341 2193 1437 2266 nulla,
1470 2192 1594 2249 naalma

251 2283 365 2356 nulius,
393 2286 446 2345 sed
468 2307 506 2349 ne
528 2297 628 2350 cortes
652 2289 770 2365 quidem
793 2295 854 2361 est,
886 2291 946 2347 imo
974 2289 1086 2348 umbra
1114 2289 1243 2347 estsine
1267 2300 1387 2360 corpore
1417 2286 1445 2341 et
1475 2279 1592 2339 umbras

250 2389 404 2433 somnium.
1439 2429 1443 2438 .

338 2461 391 2518 Ad
415 2461 598 2539 Analysin
622 2461 725 2521 XXV.
771 2462 888 2523 Novum
911 2461 1063 2522 discrimen
1085 2461 1115 2518 in
1136 2447 1256 2520 numero
1271 2456 1490 2518 intervallorum
1504 2456 1591 2514 statui

252 2545 387 2622 dixique,
420 2558 448 2608 te
479 2550 625 2628 applicare
656 2548 784 2627 paucula
811 2547 983 2622 intervalla,
1014 2565 1153 2608 merere
1183 2551 1281 2608 omnia
1310 2544 1506 2624 applicatione
1529 2559 1593 2602 urea

253 2634 435 2713 complexum
458 2653 530 2696 csse.
574 2636 633 2696 Hic
656 2647 687 2697 tu
709 2638 802 2698 muita
830 2639 859 2694 in
884 2637 1058 2696 eontrarium
1082 2634 1154 2694 dicis
1182 2633 1349 2713 magnifice,
1380 2631 1486 2709 probas
1509 2631 1590 2690 nibil.

252 2721 300 2781 lt's
322 2723 543 2784 semidiametro
572 2725 682 2784 mandi
703 2733 730 2784 te
757 2725 801 2783 ais
830 2723 1067 2785 monochordum
1093 2724 1208 2800 fecisse,
1240 2727 1273 2782 ia
1295 2718 1494 2780 monochordo
1522 2735 1592 2778 cero

246 2817 391 2884 potestate
420 2814 515 2870 inesse
542 2812 706 2872 interualla
734 2815 848 2884 omnia.
894 2812 983 2888 Atqui
1014 2827 1071 2870 non
1095 2819 1140 2870 cst
1168 2812 1240 2879 hoc,
1271 2810 1413 2880 Roberte,
1440 2805 1591 2884 'applicare

251 2897 404 2956 intervalla
428 2901 526 2956 omnia
548 2899 681 2975 partibus
702 2896 819 2972 mundi,
849 2916 907 2958 non
931 2907 975 2958 est
997 2899 1053 2958 hcc
1076 2897 1288 2970 demonstrare,
1318 2897 1424 2974 quibus
1448 2895 1476 2952 in
1500 2911 1591 2954 meru·

252 2985 310 3042 bris
334 2985 483 3060 quaelibet
506 2985 721 3045 inarmoniarum
747 2987 824 3045 insit.
873 2988 935 3062 Age
957 3003 1082 3061 namque
1106 2985 1166 3058 die,
1192 2988 1243 3046 ubi
1268 2993 1297 3044 tu
1321 2985 1505 3044 semitonium
1528 2983 1590 3042 ccl-

251 3069 339 3145 loces,
364 3074 471 3148 quibus
493 3081 614 3133 naturae
638 3075 722 3134 metis
746 3073 776 3131 id
798 3076 837 3132 sit
860 3071 1042 3149 distinctum,
1072 3071 1118 3132 dic
1141 3073 1247 3151 quibus
1269 3072 1371 3133 mediis
1395 3087 1531 3148 expressa
1555 3072 1592 3129 sit

252 3160 413 3220 inmundo
438 3160 600 3220 differentia
622 3177 760 3237 generum
784 3169 901 3232 cantus,
925 3165 1043 3221 nomina
1065 3163 1203 3221 terminas
1226 3162 1435 3237 contrapuncti,
1463 3161 1590 3236 exprime

251 3249 380 3322 speciem
412 3248 561 3308 clausulae
589 3247 644 3308 'seu
673 3249 842 3308 barmoniae
875 3248 999 3324 alicujus
1034 3248 1207 3308 universalis
1239 3250 1366 3308 omnium
1395 3250 1590 3320 terminorum,

252 3351 327 3411 quos
350 3344 382 3393 tu
404 3335 543 3395 adsciscis
565 3335 603 3395 ad
626 3336 888 3413 repraesentandae
916 3337 1118 3415 proportiones
1143 3336 1336 3395 harmonicas.
1346 3331 1386 3410 ³³)
1432 3334 1513 3393 llaec
1536 3350 1589 3408 ego

252 3438 440 3498 nequaquam
468 3423 646 3499 provocandi
679 3427 776 3482 animo
807 3439 860 3482 nec
889 3426 991 3500 scripsi
1022 3439 1076 3481 nec
1099 3439 1175 3482 nunc
1204 3424 1316 3498 scrib03
1346 3438 1413 3479 nara
1437 3423 1491 3480 nisi
1518 3421 1590 3480 baec

254 3511 352 3568 omnia
375 3509 512 3586 etplura
535 3511 594 3570 alia
616 3511 740 3570 luissent
767 3511 795 3567 in
818 3511 883 3588 ipsa
905 3527 999 3568 rerum
1021 3515 1141 3582 natura,
1173 3511 1201 3566 in
1226 3513 1297 3585 ipsis
1319 3507 1431 3568 scilicet
1456 3509 1591 3586 planeta-

249 3613 312 3654 rum
339 3597 467 3656 motibus
495 3616 646 3674 expressa,
678 3614 825 3673 nunquam
854 3613 908 3672 ego
939 3594 991 3656 illa
1021 3595 1082 3654 nlla
1110 3598 1215 3655 mentis
1238 3597 1397 3673 agitatione
1430 3599 1588 3675 potuissent

250 3700 360 3744 eruere.
406 3683 464 3743 Sed
488 3702 552 3744 cum
577 3702 638 3742 nos·
653 3693 803 3746 creaturae
830 3685 933 3743 merito
955 3683 1144 3752 admiremur,
1173 3681 1328 3742 adoremus
1356 3693 1385 3743 et
1407 3685 1591 3762 propalemus

250 3769 323 3830 lraec
353 3774 478 3848 vestigia
506 3773 669 3847 sapientiae
700 3771 847 3833 creatricis
876 3771 991 3847 agnita,
1026 3787 1080 3830 nec
1109 3765 1262 3845 quisquam
1293 3769 1363 3830 mihi
1388 3775 1459 3833 vitio
1489 3780 1589 3842 vertet,

249 3857 327 3935 quod
355 3858 459 3934 plenus
488 3859 660 3920 certitudine
693 3863 735 3919 rei
764 3857 888 3918 lectores
910 3859 1023 3930 monui,
1054 3855 1121 3933 plus
1144 3857 1448 3933 aliquid'divinorum
1472 3877 1590 3937 operum

249 3947 277 4002 in
302 3948 374 4004 meis
397 3946 582 4006 Harmonicis
606 3945 716 4022 detegi,
747 3962 834 4021 quam
859 3948 888 4004 in
911 3947 982 4019 tuis,
1014 3947 1064 4020 qui
1086 3948 1209 4022 privatis
1232 3945 1268 4006 de
1291 3945 1399 4008 mundo
1422 3949 1591 4024 conceptio·

248 4034 344 4106 nibus,
368 4032 450 4093 nullo
473 4052 561 4092 sensu
584 4034 760 4092 confirmatis
783 4031 951 4109 indulgeam
975 4022 1028 4092 neti
1050 4050 1127 4092 nunc
1142 4051 1197 4109 ego
1221 4036 1376 4095 connivere
1399 4035 1492 4095 debeo
1508 4038 1592 4111 quie-

250 4127 306 4194 tus,
331 4124 400 4198 quin
424 4123 524 4198 potius
547 4120 776 4196 indignationem
799 4137 893 4180 meam
918 4121 1126 4201 demonstrare,
1149 4121 1227 4197 quod
1250 4131 1278 4182 te
1294 4122 1381 4182 rideo
1396 4124 1591 4184 aemulatione

250 4211 393 4267 irritatum
416 4209 598 4286 injuriaeque
621 4208 720 4286 (quarn
743 4210 795 4267 tibi
818 4209 985 4284 imaginaris
1008 4217 1044 4267 ex
1066 4225 1110 4283 eo,
1134 4209 1212 4284 quod
1237 4227 1291 4284 ego
1309 4211 1371 4270 Deo
1394 4227 1478 4269 snrrm
1495 4211 1591 4283 tribui,

248 4313 366 4355 munere
390 4313 455 4356 meo
477 4295 592 4354 iunctus
615 4294 819 4372 distinguendo
842 4299 915 4355 inter
938 4305 988 4356 tua
1011 4303 1039 4355 et
1061 4293 1155 4376 mea),
1178 4297 1266 4371 hujus
1288 4299 1407 4373 inquam
1432 4299 1590 4358 offensiun-

253 4381 335 4442 culas
359 4383 520 4442 ultionibus
543 4385 723 4459 exagitatum
747 4393 775 4443 te
798 4395 993 4443 transvorsum
1015 4387 1087 4461 rapi,
1113 4391 1147 4442 ut
1169 4387 1372 4461 aspernatione
1395 4393 1424 4445 et
1447 4382 1591 4446 deforma·

235 4461 329 4529 'tione
352 4474 409 4529 mei
433 4471 530 4547 operis
554 4487 642 4547 opera
666 4474 730 4548 ipsa
752 4471 807 4530 Dei
831 4469 1060 4530 distentioribus
1082 4474 1264 4549 ignorantiae
1287 4473 1425 4548 tenebris,
1450 4481 1590 4550 quantuni

250 4559 279 4614 in
310 4565 338 4617 te
370 4559 475 4631 situm,
506 4556 653 4620 involvas.
698 4557 763 4617 Nou
792 4575 846 4633 ego
877 4559 931 4616 tibi
955 4560 1078 4633 irascar,
1111 4559 1189 4635 qrrod
1219 4560 1364 4618 assimilas
1393 4578 1466 4638 opus
1495 4580 1589 4621 rneurn

249 4643 449 4704 harmonicum
486 4644 639 4704 obimaeris
676 4646 759 4704 vanis
796 4647 826 4702 in
863 4649 930 4703 aiire
963 4647 1146 4724 imaginatis,
1185 4647 1277 4706 multa
1310 4645 1381 4707 talia
1419 4656 1449 4707 ut
1488 4667 1591 4710 occur-

249 4741 314 4790 rant
345 4733 375 4790 in
400 4749 435 4791 eo
458 4733 518 4792 fieri
542 4749 630 4811 posse
653 4739 743 4810 puto;
774 4738 804 4790 at
826 4731 906 4807 quod
935 4741 1030 4792 motus
1052 4733 1229 4810 planetarios
1258 4751 1310 4810 per
1332 4744 1508 4798 contemtum
1531 4756 1587 4814 ap-

250 4817 345 4895 pellas
368 4817 530 4880 accidentia
550 4835 633 4881 mera
654 4827 850 4882 creaturarum
872 4820 1063 4896 naturalium,
1092 4837 1186 4898 eaque
1214 4819 1250 4882 de
1273 4839 1362 4883 causa
1388 4827 1590 4904 proportiones
1695 4816 1697 4825 '
