3676 5536
261 289 325 352 uos
634 257 638 275 ‘
691 301 734 355 no
750 301 972 372 proportionibus
989 301 1166 360 sermonen

346 469 433 534 XVI.
456 474 552 536 Etiam
574 473 646 537 tuot
668 479 697 534 in
720 483 823 555 poenis
845 479 1006 558 irrogandis
1036 480 1073 541 ad
1094 485 1300 558 geometricam
1322 484 1447 558 pertinet
1469 485 1606 560 aequita-

261 565 329 632 tem,
352 561 432 636 qnod
455 566 537 640 pueri
559 581 647 640 quem
671 563 778 639 adulti,
800 567 917 643 juvenis
940 585 1027 645 quanr
1049 571 1142 643 aenis,
1174 570 1299 644 feminae
1322 585 1410 646 quam
1435 573 1487 629 viri
1510 587 1606 650 poena

260 655 305 706 ast
326 646 429 710 lenior.
473 650 551 710 llibil
581 653 629 712 bic
652 654 787 729 ‚Iniquius
810 655 988 732 aequalitate
1008 657 1198 717 arithmetice
1225 665 1379 735 perpetue,
1410 675 1486 734 qrrao
1508 669 1606 717 tamen

260 734 453 796 si·adimetrrr
474 738 643 816 pmdantiae
662 739 780 816 judicis,
803 759 855 820 pro
878 761 908 804 re
930 751 1001 803 nata
1022 744 1204 822 usurpanda,
1228 745 1392 804 turbabitur
1412 745 1603 805 nibilominus

258 821 431 884 harmonica
447 829 604 902 proportio.
822 883 824 888 .

345 910 447 970 xvii,
469 912 678 975 Harmonieam
698 921 915 994 proportionem
930 917 1062 978 Bodinns
1085 919 1115 974 in
1138 919 1173 976 iis
1187 917 1302 994 legibus
1318 918 1504 992 demonstrat,
1528 935 1605 994 quae

261 1013 327 1056 enm
356 1001 483 1076 prImnm
510 1009 605 1062 aetum
633 1001 762 1063 sceleris·
780 1005 942 1082 aequaliter
970 1007 1001 1064 in
1031 1004 1166 1064 omnibns
1194 1002 1253 1064 leni
1279 1007 1389 1066 mulcta
1417 1005 1605 1080 ulciscuntur,

259 1085 352 1144 veluti
374 1087 577 1150 admonitionis
601 1090 682 1164 loco,
710 1089 873 1153 relabentes
900 1101 1004 1170 postea
1031 1093 1149 1168 gravius
1172 1095 1311 1169 puniunt,
1341 1095 1426 1154 tertio
1447 1101 1605 1170 peccantes

258 1173 364 1234 iterum
386 1177 505 1250 mains
525 1185 556 1238 et
577 1177 703 1253 deniqne
724 1187 817 1241 morte
839 1181 978 1257 plectunt.
1024 1179 1076 1238 Est
1098 1181 1175 1238 enlm
1204 1182 1295 1239 mixta
1316 1181 1481 1256 aequalitas
1511 1179 1606 1239 arith-

168 1328 171 1337 ,
259 1261 367 1321 metica
388 1264 417 1322 in
439 1265 532 1340 primo
554 1273 631 1340 actu,
654 1269 832 1342 geometrica
853 1271 1006 1344 proportio
1025 1269 1055 1324 in
1077 1268 1192 1342 repetiti
1214 1284 1308 1344 eoque
1321 1270 1473 1344 'madoris
1487 1267 1605 1328 sceleris

258 1350 386 1423 graviori
402 1367 511 1427 ‚poena
554 1352 638 1415 Haec
661 1352 774 1413 Bodino
797 1357 969 1431 compositio
987 1355 1116 1415 *duarum
1139 1357 1167 1412 in
1190 1372 1279 1414 unam
1302 1357 1366 1415 sisa
1389 1364 1433 1415 ost
1455 1355 1605 1415 barmoni-

259 1451 322 1496 eam
346 1439 522 1500 constituere
543 1442 768 1520 proportionem.
950 1432 955 1446 '

288 1556 291 1565 ·
347 1523 464 1585 XVIII.
488 1527 524 1586 ln
543 1546 664 1609 genere,
696 1528 911 1607 quod-poenae
939 1531 1002 1591 sive
1030 1529 1145 1603 legibus
1176 1530 1240 1588 sive
1265 1528 1374 1604 judicIs
1404 1529 1523 1589 arbitrio
1552 1547 1605 1608 pro

258 1610 430 1673 diversitate
450 1621 481 1674 ei
502 1617 702 1694 magnitudine
730 1619 881 1676 criminum
905 1616 1109 1693 dispensantur
1124 1617 1364 1693 universumque
1392 1616 1467 1677 adeo
1485 1617 1535 1692 jus
1558 1621 1607 1676 ta-

257 1697 345 1758 lionis
367 1703 561 1776 geometricae
582 1704 736 1780 analogiae
759 1704 943 1764 tribuendum
967 1713 1020 1778 est,
1043 1703 1122 1779 qnod
1145 1703 1264 1780 quidam
1286 1703 1469 1780 legislatores
1492 1722 1605 1779 aequa-

258 1785 325 1846 liter
346 1788 514 1865 inaequalia
533 1794 687 1868 gonoribus
709 1799 831 1868 peccata
853 1792 1018 1851 vindicant:
1049 1789 1230 1854 arithmetica
1253 1791 1326 1850 baec
1348 1793 1422 1850 ratio
1453 1794 1527 1851 inter
1549 1791 1604 1850 bo-

259 1874 351 1934 mina
373 1875 470 1937 loenrn
491 1895 550 1938 non
573 1880 670 1954 babet,
692 1879 722 1935 in
746 1880 820 1953 Deo,
844 1879 929 1956 eujus
951 1877 1112 1955 aequaliter
1135 1895 1234 1937 omnes
1250 1887 1382 1938 creatura
1395 1895 1505 1951 sumus,
1530 1897 1604 1954 que-

258 1960 329 2021 relis
349 1966 455 2028 nostrIs
482 1973 515 2026 ut
541 1983 570 2027 re
591 1966 765 2028 rebendetur
793 1967 838 2027 las
869 1985 927 2028 non
956 1975 1008 2026 est.
1056 1967 1095 2025 At
1118 1965 1197 2041 quod
1225 1964 1432 2041 legumlatores
1460 1968 1605 2042 quaedam

258 2047 449 2130 adorares
477 2071 509 2114 se
537 2059 656 2115 munina
687 2056 888 2134 munninio,
917 2056 1093 2130 irrogatione
1122 2063 1297 2131 poenarum,
1331 2055 1401 2132 reip.
1431 2069 1521 2112 causa
1552 2073 1605 2112 ex-

258 2143 395 2213 aequant,
417 2149 448 2200 et
469 2143 548 2217 qnod
572 2144 685 2221 injure
707 2143 825 2202 talionis
847 2158 905 2202 non
929 2142 1000 2202 dens
1022 2159 1075 2219 pro
1098 2139 1200 2214 dente,
1232 2141 1286 2200 sed
1306 2139 1371 2200 loco
1395 2139 1488 2200 dentis
1512 2143 1603 2201 aesti-

260 2231 370 2284 matum
393 2230 532 2304 pretinm,
553 2221 680 2307 'ds-qno
703 2233 777 2289 inter
798 2227 947 2306 litigantes
970 2229 1126 2290 convenire
1144 2235 1254 2306 potest,
1277 2226 1458 2304 rependitur,
1490 2246 1545 2288 nec
1566 2232 1602 2301 ei,

259 2313 308 2388 qui
330 2313 402 2372 mibi
426 2315 462 2376 da
484 2316 599 2378 duobus
620 2317 712 2378 oculis
735 2334 824 2377 unum
847 2319 931 2388 eruit,
955 2320 1098 2394 cumipse
1115 2313 1359 2387 unoculusesset,
1383 2318 1511 2375 caecitas
1526 2334 1619 2392 mera,

258 2399 398 2476 infligitur
420 2410 502 2464 eruto
524 2421 594 2480 ruo,
624 2405 652 2464 id
674 2405 860 2473 harmonicae
879 2403 998 2464 Bodino
1025 2403 1299 2481 contemperationis
1322 2411 1385 2478 esti
1412 2405 1455 2462 sic
1476 2406 1554 2461 eninr
1577 2412 1606 2462 et

258 2487 376 2561 ringeln
395 2499 517 2566 masau
539 2509 650 2569 poenas
671 2489 783 2554 babent
805 2491 985 2552 arithmetice
1008 2491 1164 2568 aequales,
1196 2498 1226 2550 et
1249 2489 1366 2549 diversa
1390 2491 1493 2568 poenis
1517 2492 1605 2550 etiam

259 2573 482 2650 dladnguantnr.

346 2661 437 2724 XIX.
462 2664 521 2741 Qui·
541 2672 664 2726 conatus
686 2667 775 2725 animi
797 2668 926 2744 puniunt
943 2683 1040 2744 poene
1062 2682 1119 2725 non
1136 2665 1248 2736 leviori,
1273 2667 1400 2740 quamsi
1423 2665 1604 2724 voluntatem

260 2757 456 2826 consequatur
478 2753 613 2823 effecius,
637 2760 666 2813 et
689 2756 737 2830 qui
759 2755 867 2815 lactum
891 2757 1028 2833 puniunt,
1052 2770 1071 2812 a
1093 2771 1151 2829 qno
1174 2754 1276 2812 aberat
1289 2753 1443 2827 animus,
1459 2752 1604 2830 plebejanr

263 2837 473 2899 arithmeticam
496 2841 703 2918 aequalitatem
726 2845 799 2901 vitio
822 2859 879 2900 nnn
903 2842 961 2901 levi
984 2840 1145 2914 stabiliunt,
1168 2839 1229 2898 illic
1251 2841 1280 2896 in
1304 2839 1493 2901 dissimilibus
1516 2843 1604 2900 animi

259 2925 429 3000 conatibus,
459 2927 506 2988 bic
529 2929 770 2989 indissimilibus
802 2929 997 3004 iecinoribns3
1026 2931 1075 3004 qni
1104 2928 1256 3004 distinguit
1278 2927 1325 2986 bic
1353 2930 1426 2987 inter
1448 2935 1605 2988 conatuum

259 3013 552 3088 submonerent
572 3033 698 3094 poenam
720 3014 838 3077 sceleris
860 3016 985 3090 babeat,
1011 3017 1061 3092 qui
1085 3017 1182 3076 omnia
1203 3015 1281 3086 iecit,
1305 3027 1381 3089 quae
1404 3017 1520 3074 animus
1542 3033 1605 3075 me·

259 3098 369 3160 ditatus
392 3101 430 3160 ad
453 3113 589 3163 eventum
612 3105 711 3165 aderre
733 3112 845 3180 potest,
877 3106 940 3162 sire
963 3104 1184 3181 perpetraverit,
1215 3103 1278 3160 sive
1306 3117 1395 3178 scopo
1419 3103 1604 3177 aberraverit,

259 3202 317 3247 noa
340 3186 457 3260 hebeat,
481 3193 531 3268 qni
554 3191 757 3253 oouasisnibus
779 3191 897 3266 quidem
919 3190 1074 3250 insidiatus
1097 3199 1148 3264 est,
1172 3188 1285 3248 adrem
1305 3195 1411 3263 umen,
1432 3191 1516 3265 cujus
1531 3193 1606 3249 ima·

135 3271 136 3276 ’
258 3277 326 3352 gine
348 3277 547 3338 conscelerata
575 3287 690 3356 poterat
712 3280 883 3351 absterreri,
914 3295 971 3336 non
995 3279 1090 3351 venit,
1121 3277 1169 3336 blo
1198 3277 1404 3353 geometricam
1428 3279 1605 3353 aequitatem

260 3364 416 3439 obsmatp
438 3381 494 3425 nee
514 3369 620 3439 minus,
643 3369 692 3443 qni
715 3365 823 3425 nudam
847 3369 1065 3444 persuasionem
1087 3363 1204 3425 sceleris
1227 3363 1321 3422 lerina
1345 3365 1442 3440 punit,
1466 3382 1554 3440 quarn
1577 3369 1604 3422 in

260 3455 407 3528 patratore
429 3453 526 3514 scelos
549 3456 659 3531 ipsum,
682 3462 712 3514 et
733 3461 847 3526 conns,
871 3457 921 3530 qui
943 3459 1092 3513 auctorem
1114 3461 1144 3512 et
1166 3451 1353 3530 impulsorem
1375 3455 1494 3527 gravius
1519 3471 1605 3529 quam

158 3587 161 3594 .
259 3541 430 3611 mtnisirnm,
453 3548 486 3600 nt
508 3544 558 3616 qni
581 3541 708 3600 alienum
731 3541 827 3601 scelus
847 3543 994 3618 patravit;
1017 3543 1067 3616 qui
1084 3539 1208 3616 denique
1231 3538 1326 3597 levius
1350 3556 1426 3612 eum,
1450 3557 1537 3616 quem
1563 3543 1606 3600 vis

260 3636 368 3702 magus
389 3625 518 3688 libidinis
541 3628 589 3688 vel
611 3631 671 3688 ira‘e
694 3637 889 3688 nanaversnm
913 3630 1022 3706 rapuit,
1048 3645 1135 3703 qnam
1159 3629 1209 3703 qui
1233 3628 1359 3702 quietior
1391 3626 1429 3686 eb
1453 3629 1488 3686 iis
1511 3630 1608 3688 omnia

258 3713 471 3791 praemeditato
499 3717 597 3777 animo
627 3717 746 3794 peregit.
792 3715 873 3775 Idem
902 3715 938 3775 de
962 3721 1119 3775 eventuum
1143 3716 1284 3774 uarietate
1316 3713 1480 3773 tenendum.
1528 3717 1606 3774 lien·

259 3801 325 3862 dem
346 3818 471 3878 menam
493 3811 626 3877 meretur,
651 3805 699 3878 qui
724 3805 866 3862 viatorem
889 3803 996 3881 spoliat
1018 3801 1152 3875 triobolo,
1175 3803 1201 3859 si
1224 3803 1322 3860 animo
1339 3819 1462 3878 magum
1479 3802 1604 3880 praedae

260 3890 402 3963 inhiarit,
431 3907 518 3966 quarn
542 3893 592 3967 qui
615 3890 756 3950 talentum
778 3893 900 3967 eripuit3
929 3893 1070 3949 minorem
1094 3897 1209 3962 contra,
1231 3888 1280 3966 qui
1304 3905 1369 3951 curn
1393 3896 1484 3948 totum
1508 3898 1606 3968 posset

259 3977 371 4038 arione
393 3977 507 4055 pondus
529 3980 609 4050 auri,
641 3977 784 4038 modicum
807 3976 943 4050 abstulit,
970 3979 1137 4055 quemqni
1160 3977 1325 4036 crumenam
1348 3978 1469 4054 eripuit,
1497 3981 1525 4036 in
1549 3989 1608 4053 que

259 4064 378 4141 penculi
400 4079 491 4125 assoa
536 4065 600 4124 Has
623 4065 738 4142 quidem
762 4067 953 4142 geometricas
977 4065 1177 4124 distinctiones
1199 4063 1331 4124 Bodinus
1362 4065 1400 4123 ad
1423 4063 1608 4143 pbilosophi-

260 4169 324 4212 oam
347 4153 498 4213 criminum
520 4155 753 4214 aestimationem
773 4154 868 4225 retest,
892 4169 1002 4231 poenas
1026 4167 1104 4224 vero,
1127 4151 1234 4228 quibus
1250 4151 1383 4229 exempla
1405 4151 1521 4229 publice
1545 4161 1606 4212 sta-

260 4243 401 4314 tuentur,
426 4240 476 4300 ad·
494 4239 642 4319 publicam
672 4240 911 4316 tranquillitatem
934 4242 1127 4319 pertinentes,
1159 4238 1327 4299 omnimoda
1350 4238 1405 4298 ille
1428 4239 1606 4316 aequalitate

260 4327 375 4399 uenit,
397 4332 494 4388 utin
516 4329 643 4390 crebrius
666 4330 694 4386 in
717 4329 808 4400 iana,
832 4345 908 4404 qnae
931 4331 959 4386 in
983 4329 1091 4386 civium
1114 4328 1215 4386 aonios
1238 4329 1395 4398 incurrunt,
1417 4327 1607 4391 animadver-

261 4417 339 4472 tatur
359 4414 493 4492 publica,
516 4417 644 4477 crebrius
667 4421 788 4476 conatus
811 4433 830 4477 a
851 4431 941 4492 scopo
963 4416 1143 4487 aberrantes,
1174 4415 1281 4492 qnippe
1304 4416 1484 4491 inconspicui
1507 4415 1613 4492 vulgo,

261 4502 404 4576 impuniti,
427 4511 479 4562 ant
500 4502 606 4582 lerina,
628 4521 715 4580 quam
737 4505 913 4580 geometrice
936 4507 1081 4580 parerat,
1104 4504 1198 4578 puniti
1222 4504 1461 4572 transmittantur,
1486 4509 1519 4562 nt
1540 4519 1607 4562 errr-

200 4590 202 4598 '
261 4585 389 4648 usuam
411 4591 507 4649 minus
528 4609 618 4668 penes
637 4591 766 4669 judicem
788 4593 956 4668 reperiatur.
1001 4589 1060 4649 *Tot
1083 4595 1230 4665 respectus
1262 4591 1328 4649 boni
1352 4587 1461 4666 publici
1489 4589 1607 4650 barmo-

261 4675 359 4735 nloem
381 4675 453 4752 qnid
475 4682 601 4755 sapiunt.
924 4723 927 4731 .

348 4763 423 4825 XX.
447 4764 482 4826 In
500 4764 613 4842 jndicio
634 4767 723 4842 inque
746 4763 1008 4830 consultationibus
1030 4763 1212 4828 arithmetica
1233 4769 1279 4826 est
1299 4765 1374 4827 ratio
1395 4763 1606 4840 sennicurte.

1676 4700 1681 4710 ι
