<?xml version="1.0" encoding="UTF-8"?>
<!DOCTYPE html PUBLIC "-//W3C//DTD XHTML 1.0 Transitional//EN"
    "http://www.w3.org/TR/xhtml1/DTD/xhtml1-transitional.dtd">
<html xmlns="http://www.w3.org/1999/xhtml" xml:lang="en" lang="en">
 <head>
  <title>
</title>
<meta http-equiv="Content-Type" content="text/html;charset=utf-8" />
  <meta name='ocr-system' content='tesseract 3.04.00' />
  <meta name='ocr-capabilities' content='ocr_page ocr_carea ocr_par ocr_line ocrx_word'/>
</head>
<body>
  <div class='ocr_page' id='page_1' title='image "./joanniskepleria26frisgoog_0349.png"; bbox 0 0 3698 5534; ppageno 0'>
   <div class='ocr_carea' id='block_1_1' title="bbox 296 329 1294 396">
    <p class='ocr_par' dir='ltr' id='par_1_1' title="bbox 296 329 1294 396">
     <span class='ocr_line' id='line_1_1' title="bbox 296 329 1294 396; baseline 0.001 -7"><span class='ocrx_word' id='word_1_1' title='bbox 296 333 358 396; x_wconf 80' lang='lat'><strong>308</strong></span> <span class='ocrx_word' id='word_1_2' title='bbox 732 329 773 386; x_wconf 87' lang='lat' dir='ltr'><strong>De</strong></span> <span class='ocrx_word' id='word_1_3' title='bbox 790 331 911 390; x_wconf 86' lang='lat' dir='ltr'><strong>Motibus</strong></span> <span class='ocrx_word' id='word_1_4' title='bbox 926 329 1100 391; x_wconf 87' lang='lat' dir='ltr'><strong>Pianetarum</strong></span> <span class='ocrx_word' id='word_1_5' title='bbox 1116 329 1294 390; x_wconf 82' lang='lat' dir='ltr'><strong>Hamonicia.</strong></span> 
     </span>
    </p>
   </div>
   <div class='ocr_carea' id='block_1_2' title="bbox 240 507 1672 1012">
    <p class='ocr_par' dir='ltr' id='par_1_2' title="bbox 240 507 1672 1012">
     <span class='ocr_line' id='line_1_2' title="bbox 240 507 1640 596; baseline -0.001 -28"><span class='ocrx_word' id='word_1_6' title='bbox 240 509 245 518; x_wconf 82' lang='grc'><em>“</em></span> <span class='ocrx_word' id='word_1_7' title='bbox 296 514 490 570; x_wconf 85' lang='lat' dir='ltr'><strong>extremorum</strong></span> <span class='ocrx_word' id='word_1_8' title='bbox 512 509 682 585; x_wconf 90' lang='lat' dir='ltr'><strong>intervallo,</strong></span> <span class='ocrx_word' id='word_1_9' title='bbox 712 509 759 570; x_wconf 92' lang='lat' dir='ltr'><strong>vsi</strong></span> <span class='ocrx_word' id='word_1_10' title='bbox 781 513 966 572; x_wconf 89' lang='lat' dir='ltr'><strong>semitonium</strong></span> <span class='ocrx_word' id='word_1_11' title='bbox 992 507 1076 596; x_wconf 58' lang='lat' dir='ltr'><strong>”lm</strong></span> <span class='ocrx_word' id='word_1_12' title='bbox 1106 509 1153 572; x_wconf 93' lang='lat' dir='ltr'><strong>vel</strong></span> <span class='ocrx_word' id='word_1_13' title='bbox 1175 509 1286 587; x_wconf 78' lang='lat' dir='ltr'><strong>aliquid</strong></span> <span class='ocrx_word' id='word_1_14' title='bbox 1310 507 1525 584; x_wconf 79' lang='lat' dir='ltr'><strong>intermedium,</strong></span> <span class='ocrx_word' id='word_1_15' title='bbox 1557 525 1640 568; x_wconf 91' lang='lat' dir='ltr'><strong>com·</strong></span> 
     </span>
     <span class='ocr_line' id='line_1_3' title="bbox 294 592 1672 681; baseline -0.001 -25"><span class='ocrx_word' id='word_1_16' title='bbox 294 605 373 658; x_wconf 90' lang='lat' dir='ltr'><strong>mate</strong></span> <span class='ocrx_word' id='word_1_17' title='bbox 395 592 464 681; x_wconf 49' lang='lat'><strong>⁸⁰),</strong></span> <span class='ocrx_word' id='word_1_18' title='bbox 493 596 605 658; x_wconf 91' lang='lat' dir='ltr'><strong>distans</strong></span> <span class='ocrx_word' id='word_1_19' title='bbox 628 597 676 657; x_wconf 92' lang='lat' dir='ltr'><strong>vel</strong></span> <span class='ocrx_word' id='word_1_20' title='bbox 697 599 735 657; x_wconf 86' lang='lat' dir='ltr'><strong>ab</strong></span> <span class='ocrx_word' id='word_1_21' title='bbox 758 597 809 657; x_wconf 90' lang='lat' dir='ltr'><strong>illc</strong></span> <span class='ocrx_word' id='word_1_22' title='bbox 833 599 881 660; x_wconf 89' lang='lat' dir='ltr'><strong>vel</strong></span> <span class='ocrx_word' id='word_1_23' title='bbox 903 601 941 660; x_wconf 90' lang='lat' dir='ltr'><strong>ab</strong></span> <span class='ocrx_word' id='word_1_24' title='bbox 963 600 1033 675; x_wconf 88' lang='lat' dir='ltr'><strong>hoc;</strong></span> <span class='ocrx_word' id='word_1_25' title='bbox 1061 599 1176 658; x_wconf 83' lang='lat' dir='ltr'><strong>inferior</strong></span> <span class='ocrx_word' id='word_1_26' title='bbox 1199 615 1269 658; x_wconf 90' lang='lat' dir='ltr'><strong>vero</strong></span> <span class='ocrx_word' id='word_1_27' title='bbox 1292 596 1340 659; x_wconf 87' lang='lat' dir='ltr'><strong>vel</strong></span> <span class='ocrx_word' id='word_1_28' title='bbox 1362 597 1455 658; x_wconf 89' lang='lat' dir='ltr'><strong>diesin</strong></span> <span class='ocrx_word' id='word_1_29' title='bbox 1478 594 1639 673; x_wconf 72' lang='lat' dir='ltr'><strong>simplicem</strong></span> <span class='ocrx_word' id='word_1_30' title='bbox 1665 643 1672 662; x_wconf 78' lang='grc'><em>,</em></span> 
     </span>
     <span class='ocr_line' id='line_1_4' title="bbox 295 679 1639 766; baseline -0.004 -21"><span class='ocrx_word' id='word_1_31' title='bbox 295 679 381 766; x_wconf 51' lang='grc' dir='ltr'><strong>Ἃ,</strong></span> <span class='ocrx_word' id='word_1_32' title='bbox 410 685 459 746; x_wconf 89' lang='lat' dir='ltr'><strong>vel</strong></span> <span class='ocrx_word' id='word_1_33' title='bbox 481 685 670 745; x_wconf 84' lang='lat' dir='ltr'><strong>differentiam</strong></span> <span class='ocrx_word' id='word_1_34' title='bbox 692 687 768 744; x_wconf 90' lang='lat' dir='ltr'><strong>iuter</strong></span> <span class='ocrx_word' id='word_1_35' title='bbox 789 689 975 747; x_wconf 91' lang='lat' dir='ltr'><strong>semitonium</strong></span> <span class='ocrx_word' id='word_1_36' title='bbox 1007 695 1037 746; x_wconf 90' lang='lat' dir='ltr'><strong>et</strong></span> <span class='ocrx_word' id='word_1_37' title='bbox 1059 687 1167 760; x_wconf 88' lang='lat' dir='ltr'><strong>diesin,</strong></span> <span class='ocrx_word' id='word_1_38' title='bbox 1198 703 1274 762; x_wconf 90' lang='lat' dir='ltr'><strong>quae</strong></span> <span class='ocrx_word' id='word_1_39' title='bbox 1305 693 1349 744; x_wconf 91' lang='lat' dir='ltr'><strong>est</strong></span> <span class='ocrx_word' id='word_1_40' title='bbox 1374 680 1484 766; x_wconf 66' lang='lat' dir='ltr'><strong>¹²⁶sm,</strong></span> <span class='ocrx_word' id='word_1_41' title='bbox 1516 684 1572 742; x_wconf 90' lang='lat' dir='ltr'><strong>hoc</strong></span> <span class='ocrx_word' id='word_1_42' title='bbox 1594 691 1639 741; x_wconf 90' lang='lat' dir='ltr'><strong>esi</strong></span> 
     </span>
     <span class='ocr_line' id='line_1_5' title="bbox 295 767 1639 854; baseline -0.002 -24"><span class='ocrx_word' id='word_1_43' title='bbox 295 767 367 854; x_wconf 57' lang='lat'><strong>⁴7„</strong></span> <span class='ocrx_word' id='word_1_44' title='bbox 389 772 463 846; x_wconf 90' lang='lat' dir='ltr'><strong>iere,</strong></span> <span class='ocrx_word' id='word_1_45' title='bbox 494 773 542 832; x_wconf 91' lang='lat' dir='ltr'><strong>vel</strong></span> <span class='ocrx_word' id='word_1_46' title='bbox 565 772 691 848; x_wconf 86' lang='lat' dir='ltr'><strong>denique</strong></span> <span class='ocrx_word' id='word_1_47' title='bbox 714 773 845 834; x_wconf 89' lang='lat' dir='ltr'><strong>similiter</strong></span> <span class='ocrx_word' id='word_1_48' title='bbox 875 775 987 851; x_wconf 87' lang='lat' dir='ltr'><strong>aliquid</strong></span> <span class='ocrx_word' id='word_1_49' title='bbox 1009 774 1229 846; x_wconf 87' lang='lat' dir='ltr'><strong>intermedium,</strong></span> <span class='ocrx_word' id='word_1_50' title='bbox 1261 779 1404 834; x_wconf 87' lang='lat' dir='ltr'><strong>commate</strong></span> <span class='ocrx_word' id='word_1_51' title='bbox 1426 768 1491 854; x_wconf 64' lang='lat' dir='ltr'><strong>ioi„</strong></span> <span class='ocrx_word' id='word_1_52' title='bbox 1526 770 1639 830; x_wconf 83' lang='lat' dir='ltr'><strong>distans</strong></span> 
     </span>
     <span class='ocr_line' id='line_1_6' title="bbox 294 857 1639 939; baseline -0.001 -22"><span class='ocrx_word' id='word_1_53' title='bbox 294 857 403 919; x_wconf 86' lang='lat' dir='ltr'><strong>veleb</strong></span> <span class='ocrx_word' id='word_1_54' title='bbox 426 860 478 919; x_wconf 92' lang='lat' dir='ltr'><strong>ilio</strong></span> <span class='ocrx_word' id='word_1_55' title='bbox 501 860 608 920; x_wconf 85' lang='lat' dir='ltr'><strong>veleb</strong></span> <span class='ocrx_word' id='word_1_56' title='bbox 632 859 699 934; x_wconf 92' lang='lat' dir='ltr'><strong>hoc,</strong></span> <span class='ocrx_word' id='word_1_57' title='bbox 732 877 773 920; x_wconf 86' lang='lat' dir='ltr'><strong>sc.</strong></span> <span class='ocrx_word' id='word_1_58' title='bbox 802 861 851 922; x_wconf 92' lang='lat' dir='ltr'><strong>ille</strong></span> <span class='ocrx_word' id='word_1_59' title='bbox 875 861 1036 939; x_wconf 80' lang='lat' dir='ltr'><strong>duplicem,</strong></span> <span class='ocrx_word' id='word_1_60' title='bbox 1067 865 1122 922; x_wconf 91' lang='lat' dir='ltr'><strong>iste</strong></span> <span class='ocrx_word' id='word_1_61' title='bbox 1150 861 1310 938; x_wconf 73' lang='lat' dir='ltr'><strong>simplicem</strong></span> <span class='ocrx_word' id='word_1_62' title='bbox 1342 859 1454 936; x_wconf 89' lang='lat' dir='ltr'><strong>diesin,</strong></span> <span class='ocrx_word' id='word_1_63' title='bbox 1485 865 1639 934; x_wconf 90' lang='lat' dir='ltr'><strong>utrumqne</strong></span> 
     </span>
     <span class='ocr_line' id='line_1_7' title="bbox 294 945 851 1012; baseline 0.016 -10"><span class='ocrx_word' id='word_1_64' title='bbox 294 947 479 1007; x_wconf 85' lang='lat' dir='ltr'><strong>intervallum</strong></span> <span class='ocrx_word' id='word_1_65' title='bbox 502 954 645 1006; x_wconf 89' lang='lat' dir='ltr'><strong>commate</strong></span> <span class='ocrx_word' id='word_1_66' title='bbox 668 945 851 1012; x_wconf 89' lang='lat' dir='ltr'><strong>dimhmtum.</strong></span> 
     </span>
    </p>
   </div>
   <div class='ocr_carea' id='block_1_3' title="bbox 244 1045 1711 3404">
    <p class='ocr_par' dir='ltr' id='par_1_3' title="bbox 292 1045 1711 2220">
     <span class='ocr_line' id='line_1_8' title="bbox 380 1045 1638 1116; baseline -0.002 -16"><span class='ocrx_word' id='word_1_67' title='bbox 380 1045 449 1101; x_wconf 88' lang='lat' dir='ltr'><strong>Nam</strong></span> <span class='ocrx_word' id='word_1_68' title='bbox 468 1046 615 1116; x_wconf 87' lang='lat' dir='ltr'><strong>superioris</strong></span> <span class='ocrx_word' id='word_1_69' title='bbox 640 1047 751 1116; x_wconf 89' lang='lat' dir='ltr'><strong>propria</strong></span> <span class='ocrx_word' id='word_1_70' title='bbox 772 1045 855 1103; x_wconf 89' lang='lat' dir='ltr'><strong>debet</strong></span> <span class='ocrx_word' id='word_1_71' title='bbox 872 1062 932 1103; x_wconf 91' lang='lat' dir='ltr'><strong>esse</strong></span> <span class='ocrx_word' id='word_1_72' title='bbox 953 1046 1041 1116; x_wconf 75' lang='lat' dir='ltr'><strong>maior</strong></span> <span class='ocrx_word' id='word_1_73' title='bbox 1063 1063 1146 1116; x_wconf 90' lang='lat' dir='ltr'><strong>quam</strong></span> <span class='ocrx_word' id='word_1_74' title='bbox 1169 1046 1251 1102; x_wconf 90' lang='lat' dir='ltr'><strong>diesis</strong></span> <span class='ocrx_word' id='word_1_75' title='bbox 1269 1061 1320 1116; x_wconf 90' lang='lat' dir='ltr'><strong>per</strong></span> <span class='ocrx_word' id='word_1_76' title='bbox 1336 1061 1377 1115; x_wconf 93' lang='lat' dir='ltr'><strong>pr.</strong></span> <span class='ocrx_word' id='word_1_77' title='bbox 1396 1045 1445 1114; x_wconf 81' lang='lat'><strong>25,</strong></span> <span class='ocrx_word' id='word_1_78' title='bbox 1471 1045 1558 1100; x_wconf 90' lang='lat' dir='ltr'><strong>minor</strong></span> <span class='ocrx_word' id='word_1_79' title='bbox 1574 1058 1638 1098; x_wconf 86' lang='lat' dir='ltr'><strong>vero</strong></span> 
     </span>
     <span class='ocr_line' id='line_1_9' title="bbox 294 1121 1711 1196; baseline 0.003 -20"><span class='ocrx_word' id='word_1_80' title='bbox 294 1137 374 1192; x_wconf 90' lang='lat' dir='ltr'><strong>quam</strong></span> <span class='ocrx_word' id='word_1_81' title='bbox 391 1129 472 1179; x_wconf 88' lang='lat' dir='ltr'><strong>tonus</strong></span> <span class='ocrx_word' id='word_1_82' title='bbox 491 1124 539 1194; x_wconf 65' lang='lat' dir='ltr'><strong>il„</strong></span> <span class='ocrx_word' id='word_1_83' title='bbox 556 1139 606 1194; x_wconf 89' lang='lat' dir='ltr'><strong>per</strong></span> <span class='ocrx_word' id='word_1_84' title='bbox 623 1125 839 1194; x_wconf 75' lang='lat' dir='ltr'><strong>praecedentem.</strong></span> <span class='ocrx_word' id='word_1_85' title='bbox 874 1124 912 1179; x_wconf 82' lang='lat' dir='ltr'><strong>At</strong></span> <span class='ocrx_word' id='word_1_86' title='bbox 930 1140 993 1179; x_wconf 89' lang='lat' dir='ltr'><strong>vero</strong></span> <span class='ocrx_word' id='word_1_87' title='bbox 1011 1125 1134 1195; x_wconf 79' lang='lat' dir='ltr'><strong>superior</strong></span> <span class='ocrx_word' id='word_1_88' title='bbox 1151 1123 1232 1179; x_wconf 90' lang='lat' dir='ltr'><strong>debet</strong></span> <span class='ocrx_word' id='word_1_89' title='bbox 1249 1122 1381 1178; x_wconf 85' lang='lat' dir='ltr'><strong>excedere</strong></span> <span class='ocrx_word' id='word_1_90' title='bbox 1398 1121 1551 1178; x_wconf 77' lang='lat' dir='ltr'><strong>inferiorem</strong></span> <span class='ocrx_word' id='word_1_91' title='bbox 1573 1121 1641 1180; x_wconf 91' lang='lat' dir='ltr'><strong>diesi</strong></span> <span class='ocrx_word' id='word_1_92' title='bbox 1708 1191 1711 1196; x_wconf 68' lang='lat'><strong>,</strong></span> 
     </span>
     <span class='ocr_line' id='line_1_10' title="bbox 293 1200 1640 1273; baseline 0.003 -19"><span class='ocrx_word' id='word_1_93' title='bbox 293 1215 355 1270; x_wconf 73' lang='lat' dir='ltr'><strong>una</strong></span> <span class='ocrx_word' id='word_1_94' title='bbox 374 1217 423 1272; x_wconf 91' lang='lat' dir='ltr'><strong>per</strong></span> <span class='ocrx_word' id='word_1_95' title='bbox 440 1220 481 1272; x_wconf 92' lang='lat' dir='ltr'><strong>pr.</strong></span> <span class='ocrx_word' id='word_1_96' title='bbox 499 1205 542 1260; x_wconf 73' lang='lat'><strong>24.</strong></span> <span class='ocrx_word' id='word_1_97' title='bbox 577 1203 616 1260; x_wconf 87' lang='lat' dir='ltr'><strong>Et</strong></span> <span class='ocrx_word' id='word_1_98' title='bbox 633 1203 729 1258; x_wconf 88' lang='lat' dir='ltr'><strong>susdet</strong></span> <span class='ocrx_word' id='word_1_99' title='bbox 746 1204 902 1260; x_wconf 89' lang='lat' dir='ltr'><strong>harmonica</strong></span> <span class='ocrx_word' id='word_1_100' title='bbox 918 1204 1106 1273; x_wconf 73' lang='lat' dir='ltr'><strong>pulchritudo,</strong></span> <span class='ocrx_word' id='word_1_101' title='bbox 1128 1212 1159 1259; x_wconf 96' lang='grc' dir='ltr'><strong>ιιι</strong></span> <span class='ocrx_word' id='word_1_102' title='bbox 1177 1202 1302 1272; x_wconf 86' lang='lat' dir='ltr'><strong>propriae</strong></span> <span class='ocrx_word' id='word_1_103' title='bbox 1320 1201 1429 1272; x_wconf 87' lang='lat' dir='ltr'><strong>borum,</strong></span> <span class='ocrx_word' id='word_1_104' title='bbox 1455 1202 1479 1258; x_wconf 90' lang='lat' dir='ltr'><strong>si</strong></span> <span class='ocrx_word' id='word_1_105' title='bbox 1498 1200 1533 1257; x_wconf 90' lang='lat' dir='ltr'><strong>ob</strong></span> <span class='ocrx_word' id='word_1_106' title='bbox 1551 1205 1640 1273; x_wconf 89' lang='lat' dir='ltr'><strong>parvi-</strong></span> 
     </span>
     <span class='ocr_line' id='line_1_11' title="bbox 293 1279 1641 1355; baseline 0.003 -21"><span class='ocrx_word' id='word_1_107' title='bbox 293 1285 376 1335; x_wconf 88' lang='lat' dir='ltr'><strong>tatem</strong></span> <span class='ocrx_word' id='word_1_108' title='bbox 394 1287 531 1352; x_wconf 88' lang='lat' dir='ltr'><strong>nequeunt</strong></span> <span class='ocrx_word' id='word_1_109' title='bbox 554 1296 615 1337; x_wconf 90' lang='lat' dir='ltr'><strong>esse</strong></span> <span class='ocrx_word' id='word_1_110' title='bbox 632 1282 817 1352; x_wconf 86' lang='lat' dir='ltr'><strong>harmonicae,</strong></span> <span class='ocrx_word' id='word_1_111' title='bbox 842 1283 938 1340; x_wconf 88' lang='lat' dir='ltr'><strong>saltem</strong></span> <span class='ocrx_word' id='word_1_112' title='bbox 961 1299 995 1337; x_wconf 88' lang='lat' dir='ltr'><strong>ex</strong></span> <span class='ocrx_word' id='word_1_113' title='bbox 1014 1283 1152 1352; x_wconf 78' lang='lat' dir='ltr'><strong>concinnis</strong></span> <span class='ocrx_word' id='word_1_114' title='bbox 1179 1282 1246 1350; x_wconf 90' lang='lat' dir='ltr'><strong>sint,</strong></span> <span class='ocrx_word' id='word_1_115' title='bbox 1272 1281 1294 1335; x_wconf 91' lang='lat' dir='ltr'><strong>si</strong></span> <span class='ocrx_word' id='word_1_116' title='bbox 1312 1279 1371 1334; x_wconf 86' lang='lat' dir='ltr'><strong>fieri</strong></span> <span class='ocrx_word' id='word_1_117' title='bbox 1397 1280 1450 1336; x_wconf 93' lang='lat' dir='ltr'><strong>hoc</strong></span> <span class='ocrx_word' id='word_1_118' title='bbox 1466 1281 1565 1352; x_wconf 90' lang='lat' dir='ltr'><strong>possit,</strong></span> <span class='ocrx_word' id='word_1_119' title='bbox 1589 1300 1641 1355; x_wconf 92' lang='lat' dir='ltr'><strong>per</strong></span> 
     </span>
     <span class='ocr_line' id='line_1_12' title="bbox 292 1359 1641 1432; baseline 0.006 -20"><span class='ocrx_word' id='word_1_120' title='bbox 292 1373 337 1413; x_wconf 86' lang='lat' dir='ltr'><strong>ax.</strong></span> <span class='ocrx_word' id='word_1_121' title='bbox 358 1363 382 1416; x_wconf 92' lang='lat' dir='ltr'><strong>i.</strong></span> <span class='ocrx_word' id='word_1_122' title='bbox 417 1361 502 1431; x_wconf 81' lang='lat' dir='ltr'><strong>Atqui</strong></span> <span class='ocrx_word' id='word_1_123' title='bbox 519 1362 651 1416; x_wconf 90' lang='lat' dir='ltr'><strong>concinna</strong></span> <span class='ocrx_word' id='word_1_124' title='bbox 667 1362 771 1418; x_wconf 90' lang='lat' dir='ltr'><strong>minora</strong></span> <span class='ocrx_word' id='word_1_125' title='bbox 797 1379 878 1432; x_wconf 86' lang='lat' dir='ltr'><strong>quam</strong></span> <span class='ocrx_word' id='word_1_126' title='bbox 896 1369 938 1417; x_wconf 90' lang='lat' dir='ltr'><strong>est</strong></span> <span class='ocrx_word' id='word_1_127' title='bbox 954 1369 1037 1418; x_wconf 87' lang='lat' dir='ltr'><strong>tonus</strong></span> <span class='ocrx_word' id='word_1_128' title='bbox 1057 1363 1104 1432; x_wconf 71' lang='lat' dir='ltr'><strong>ii„</strong></span> <span class='ocrx_word' id='word_1_129' title='bbox 1122 1366 1186 1415; x_wconf 88' lang='lat' dir='ltr'><strong>sunt</strong></span> <span class='ocrx_word' id='word_1_130' title='bbox 1202 1364 1307 1414; x_wconf 81' lang='lat' dir='ltr'><strong>tautum</strong></span> <span class='ocrx_word' id='word_1_131' title='bbox 1330 1359 1399 1428; x_wconf 91' lang='lat' dir='ltr'><strong>duo,</strong></span> <span class='ocrx_word' id='word_1_132' title='bbox 1424 1361 1594 1416; x_wconf 89' lang='lat' dir='ltr'><strong>semitonium</strong></span> <span class='ocrx_word' id='word_1_133' title='bbox 1612 1370 1641 1420; x_wconf 83' lang='lat' dir='ltr'><strong>et</strong></span> 
     </span>
     <span class='ocr_line' id='line_1_13' title="bbox 293 1436 1638 1511; baseline 0.003 -19"><span class='ocrx_word' id='word_1_134' title='bbox 293 1436 389 1508; x_wconf 80' lang='lat' dir='ltr'><strong>diesis3</strong></span> <span class='ocrx_word' id='word_1_135' title='bbox 416 1443 485 1496; x_wconf 87' lang='lat' dir='ltr'><strong>baec</strong></span> <span class='ocrx_word' id='word_1_136' title='bbox 507 1455 571 1496; x_wconf 90' lang='lat' dir='ltr'><strong>vero</strong></span> <span class='ocrx_word' id='word_1_137' title='bbox 589 1440 718 1495; x_wconf 78' lang='lat' dir='ltr'><strong>differunt</strong></span> <span class='ocrx_word' id='word_1_138' title='bbox 743 1443 814 1496; x_wconf 89' lang='lat' dir='ltr'><strong>inter</strong></span> <span class='ocrx_word' id='word_1_139' title='bbox 837 1457 867 1497; x_wconf 90' lang='lat' dir='ltr'><strong>se</strong></span> <span class='ocrx_word' id='word_1_140' title='bbox 890 1455 945 1495; x_wconf 90' lang='lat' dir='ltr'><strong>non</strong></span> <span class='ocrx_word' id='word_1_141' title='bbox 966 1440 1047 1511; x_wconf 90' lang='lat' dir='ltr'><strong>diesi,</strong></span> <span class='ocrx_word' id='word_1_142' title='bbox 1075 1440 1122 1496; x_wconf 88' lang='lat' dir='ltr'><strong>sed</strong></span> <span class='ocrx_word' id='word_1_143' title='bbox 1145 1441 1236 1508; x_wconf 90' lang='lat' dir='ltr'><strong>aliquo</strong></span> <span class='ocrx_word' id='word_1_144' title='bbox 1260 1438 1356 1493; x_wconf 88' lang='lat' dir='ltr'><strong>minori</strong></span> <span class='ocrx_word' id='word_1_145' title='bbox 1379 1438 1522 1494; x_wconf 82' lang='lat' dir='ltr'><strong>interuallo</strong></span> <span class='ocrx_word' id='word_1_146' title='bbox 1547 1439 1638 1510; x_wconf 63' lang='lat' dir='ltr'><strong>mim.</strong></span> 
     </span>
     <span class='ocr_line' id='line_1_14' title="bbox 293 1511 1640 1588; baseline 0.001 -17"><span class='ocrx_word' id='word_1_147' title='bbox 293 1515 355 1573; x_wconf 85' lang='lat' dir='ltr'><strong>lion</strong></span> <span class='ocrx_word' id='word_1_148' title='bbox 373 1527 489 1588; x_wconf 84' lang='lat' dir='ltr'><strong>possunt</strong></span> <span class='ocrx_word' id='word_1_149' title='bbox 505 1521 587 1588; x_wconf 80' lang='lat' dir='ltr'><strong>igitur</strong></span> <span class='ocrx_word' id='word_1_150' title='bbox 608 1519 688 1574; x_wconf 84' lang='lat' dir='ltr'><strong>simul</strong></span> <span class='ocrx_word' id='word_1_151' title='bbox 705 1518 807 1574; x_wconf 85' lang='lat' dir='ltr'><strong>babere</strong></span> <span class='ocrx_word' id='word_1_152' title='bbox 825 1519 949 1588; x_wconf 88' lang='lat' dir='ltr'><strong>superior</strong></span> <span class='ocrx_word' id='word_1_153' title='bbox 966 1521 1150 1588; x_wconf 89' lang='lat' dir='ltr'><strong>semitonium,</strong></span> <span class='ocrx_word' id='word_1_154' title='bbox 1169 1517 1280 1572; x_wconf 85' lang='lat' dir='ltr'><strong>inierior</strong></span> <span class='ocrx_word' id='word_1_155' title='bbox 1297 1511 1397 1583; x_wconf 69' lang='lat' dir='ltr'><strong>diesim</strong></span> <span class='ocrx_word' id='word_1_156' title='bbox 1420 1516 1470 1572; x_wconf 88' lang='lat' dir='ltr'><strong>sed</strong></span> <span class='ocrx_word' id='word_1_157' title='bbox 1486 1525 1534 1572; x_wconf 85' lang='lat' dir='ltr'><strong>ant</strong></span> <span class='ocrx_word' id='word_1_158' title='bbox 1559 1533 1640 1587; x_wconf 81' lang='lat' dir='ltr'><strong>supe-</strong></span> 
     </span>
     <span class='ocr_line' id='line_1_15' title="bbox 292 1593 1640 1668; baseline 0.001 -20"><span class='ocrx_word' id='word_1_159' title='bbox 292 1593 348 1650; x_wconf 86' lang='lat' dir='ltr'><strong>rior</strong></span> <span class='ocrx_word' id='word_1_160' title='bbox 365 1597 478 1654; x_wconf 85' lang='lat' dir='ltr'><strong>babebit</strong></span> <span class='ocrx_word' id='word_1_161' title='bbox 495 1597 665 1652; x_wconf 87' lang='lat' dir='ltr'><strong>semitonium</strong></span> <span class='ocrx_word' id='word_1_162' title='bbox 687 1596 757 1664; x_wconf 56' lang='lat' dir='ltr'><strong>iiim,</strong></span> <span class='ocrx_word' id='word_1_163' title='bbox 782 1594 893 1652; x_wconf 80' lang='lat' dir='ltr'><strong>inferior</strong></span> <span class='ocrx_word' id='word_1_164' title='bbox 914 1598 1015 1668; x_wconf 53' lang='lat' dir='ltr'><strong>stiffi„</strong></span> <span class='ocrx_word' id='word_1_165' title='bbox 1039 1597 1066 1654; x_wconf 91' lang='lat' dir='ltr'><strong>h.</strong></span> <span class='ocrx_word' id='word_1_166' title='bbox 1086 1613 1110 1654; x_wconf 89' lang='lat' dir='ltr'><strong>e.</strong></span> <span class='ocrx_word' id='word_1_167' title='bbox 1126 1596 1200 1667; x_wconf 55' lang='lat' dir='ltr'><strong>”sm</strong></span> <span class='ocrx_word' id='word_1_168' title='bbox 1224 1602 1272 1652; x_wconf 89' lang='lat' dir='ltr'><strong>aut</strong></span> <span class='ocrx_word' id='word_1_169' title='bbox 1289 1595 1401 1650; x_wconf 83' lang='lat' dir='ltr'><strong>inferior</strong></span> <span class='ocrx_word' id='word_1_170' title='bbox 1424 1595 1536 1650; x_wconf 78' lang='lat' dir='ltr'><strong>hebebit</strong></span> <span class='ocrx_word' id='word_1_171' title='bbox 1552 1594 1640 1650; x_wconf 89' lang='lat' dir='ltr'><strong>diesin</strong></span> 
     </span>
     <span class='ocr_line' id='line_1_16' title="bbox 296 1671 1640 1749; baseline -0.001 -18"><span class='ocrx_word' id='word_1_172' title='bbox 296 1671 365 1743; x_wconf 62' lang='lat' dir='ltr'><strong>&#39;‘lq„</strong></span> <span class='ocrx_word' id='word_1_173' title='bbox 392 1676 516 1746; x_wconf 88' lang='lat' dir='ltr'><strong>superior</strong></span> <span class='ocrx_word' id='word_1_174' title='bbox 538 1691 602 1730; x_wconf 91' lang='lat' dir='ltr'><strong>vero</strong></span> <span class='ocrx_word' id='word_1_175' title='bbox 626 1674 762 1744; x_wconf 90' lang='lat' dir='ltr'><strong>duplicem</strong></span> <span class='ocrx_word' id='word_1_176' title='bbox 786 1675 873 1730; x_wconf 88' lang='lat' dir='ltr'><strong>diesin</strong></span> <span class='ocrx_word' id='word_1_177' title='bbox 899 1677 955 1749; x_wconf 53' lang='grc' dir='ltr'><strong>ΗΛ,</strong></span> <span class='ocrx_word' id='word_1_178' title='bbox 978 1677 1043 1733; x_wconf 87' lang='lat' dir='ltr'><strong>iere.</strong></span> <span class='ocrx_word' id='word_1_179' title='bbox 1085 1678 1151 1732; x_wconf 81' lang='lat' dir='ltr'><strong>ilum</strong></span> <span class='ocrx_word' id='word_1_180' title='bbox 1181 1691 1244 1729; x_wconf 91' lang='lat' dir='ltr'><strong>vero</strong></span> <span class='ocrx_word' id='word_1_181' title='bbox 1268 1673 1410 1743; x_wconf 74' lang='lat' dir='ltr'><strong>nidosque</strong></span> <span class='ocrx_word' id='word_1_182' title='bbox 1436 1674 1561 1743; x_wconf 82' lang='lat' dir='ltr'><strong>planetae</strong></span> <span class='ocrx_word' id='word_1_183' title='bbox 1584 1675 1640 1730; x_wconf 86' lang='lat' dir='ltr'><strong>sint</strong></span> 
     </span>
     <span class='ocr_line' id='line_1_17' title="bbox 293 1751 1641 1824; baseline 0.001 -19"><span class='ocrx_word' id='word_1_184' title='bbox 293 1754 418 1824; x_wconf 86' lang='lat' dir='ltr'><strong>aequalia</strong></span> <span class='ocrx_word' id='word_1_185' title='bbox 431 1755 509 1822; x_wconf 84' lang='lat' dir='ltr'><strong>jura,</strong></span> <span class='ocrx_word' id='word_1_186' title='bbox 534 1767 619 1821; x_wconf 90' lang='lat' dir='ltr'><strong>quare</strong></span> <span class='ocrx_word' id='word_1_187' title='bbox 638 1753 662 1806; x_wconf 89' lang='lat' dir='ltr'><strong>si</strong></span> <span class='ocrx_word' id='word_1_188' title='bbox 678 1753 707 1807; x_wconf 91' lang='lat' dir='ltr'><strong>in</strong></span> <span class='ocrx_word' id='word_1_189' title='bbox 724 1754 840 1822; x_wconf 89' lang='lat' dir='ltr'><strong>propriis</strong></span> <span class='ocrx_word' id='word_1_190' title='bbox 857 1756 978 1823; x_wconf 91' lang='lat' dir='ltr'><strong>ipsorum</strong></span> <span class='ocrx_word' id='word_1_191' title='bbox 996 1755 1122 1811; x_wconf 82' lang='lat' dir='ltr'><strong>violanda</strong></span> <span class='ocrx_word' id='word_1_192' title='bbox 1139 1757 1192 1812; x_wconf 82' lang='lat' dir='ltr'><strong>fuit</strong></span> <span class='ocrx_word' id='word_1_193' title='bbox 1218 1762 1316 1811; x_wconf 73' lang='lat' dir='ltr'><strong>nmnra</strong></span> <span class='ocrx_word' id='word_1_194' title='bbox 1332 1751 1467 1822; x_wconf 86' lang='lat' dir='ltr'><strong>concinui,</strong></span> <span class='ocrx_word' id='word_1_195' title='bbox 1492 1751 1641 1821; x_wconf 84' lang='lat' dir='ltr'><strong>aequaliter</strong></span> 
     </span>
     <span class='ocr_line' id='line_1_18' title="bbox 292 1829 1641 1908; baseline -0.001 -20"><span class='ocrx_word' id='word_1_196' title='bbox 292 1829 321 1908; x_wconf 75' lang='lat' dir='ltr'><strong>iu</strong></span> <span class='ocrx_word' id='word_1_197' title='bbox 338 1838 454 1904; x_wconf 88' lang='lat' dir='ltr'><strong>utroque</strong></span> <span class='ocrx_word' id='word_1_198' title='bbox 472 1830 598 1888; x_wconf 85' lang='lat' dir='ltr'><strong>violanda</strong></span> <span class='ocrx_word' id='word_1_199' title='bbox 614 1829 678 1899; x_wconf 83' lang='lat' dir='ltr'><strong>luit,</strong></span> <span class='ocrx_word' id='word_1_200' title='bbox 703 1840 734 1885; x_wconf 92' lang='lat' dir='ltr'><strong>ut</strong></span> <span class='ocrx_word' id='word_1_201' title='bbox 751 1829 903 1888; x_wconf 83' lang='lat' dir='ltr'><strong>differentia</strong></span> <span class='ocrx_word' id='word_1_202' title='bbox 920 1837 1092 1906; x_wconf 88' lang='lat' dir='ltr'><strong>propriorum</strong></span> <span class='ocrx_word' id='word_1_203' title='bbox 1109 1837 1177 1905; x_wconf 89' lang='lat' dir='ltr'><strong>ipsis</strong></span> <span class='ocrx_word' id='word_1_204' title='bbox 1194 1833 1397 1890; x_wconf 79' lang='lat' dir='ltr'><strong>intervallorum</strong></span> <span class='ocrx_word' id='word_1_205' title='bbox 1419 1845 1530 1886; x_wconf 83' lang='lat' dir='ltr'><strong>manere</strong></span> <span class='ocrx_word' id='word_1_206' title='bbox 1546 1839 1641 1900; x_wconf 86' lang='lat' dir='ltr'><strong>posset</strong></span> 
     </span>
     <span class='ocr_line' id='line_1_19' title="bbox 293 1909 1640 1982; baseline 0.001 -18"><span class='ocrx_word' id='word_1_207' title='bbox 293 1919 389 1968; x_wconf 79' lang='lat' dir='ltr'><strong>exucta</strong></span> <span class='ocrx_word' id='word_1_208' title='bbox 408 1912 503 1982; x_wconf 70' lang='lat' dir='ltr'><strong>meus,</strong></span> <span class='ocrx_word' id='word_1_209' title='bbox 521 1909 556 1964; x_wconf 87' lang='lat' dir='ltr'><strong>ad</strong></span> <span class='ocrx_word' id='word_1_210' title='bbox 575 1909 785 1966; x_wconf 84' lang='lat' dir='ltr'><strong>discriminanda</strong></span> <span class='ocrx_word' id='word_1_211' title='bbox 802 1928 902 1979; x_wconf 77' lang='lat' dir='ltr'><strong>genera</strong></span> <span class='ocrx_word' id='word_1_212' title='bbox 920 1915 1119 1972; x_wconf 75' lang='lat' dir='ltr'><strong>harmoniarum</strong></span> <span class='ocrx_word' id='word_1_213' title='bbox 1140 1913 1307 1981; x_wconf 84' lang='lat' dir='ltr'><strong>necessaria,</strong></span> <span class='ocrx_word' id='word_1_214' title='bbox 1330 1927 1380 1982; x_wconf 91' lang='lat' dir='ltr'><strong>per</strong></span> <span class='ocrx_word' id='word_1_215' title='bbox 1396 1927 1437 1981; x_wconf 91' lang='lat' dir='ltr'><strong>pr.</strong></span> <span class='ocrx_word' id='word_1_216' title='bbox 1453 1909 1496 1966; x_wconf 62' lang='grc' dir='ltr'><strong><em>Ἃ</em></strong></span> <span class='ocrx_word' id='word_1_217' title='bbox 1532 1912 1640 1979; x_wconf 78' lang='lat' dir='ltr'><strong>Aequa·</strong></span> 
     </span>
     <span class='ocr_line' id='line_1_20' title="bbox 292 1989 1640 2064; baseline 0.001 -18"><span class='ocrx_word' id='word_1_218' title='bbox 292 1991 355 2046; x_wconf 79' lang='lat' dir='ltr'><strong>liter</strong></span> <span class='ocrx_word' id='word_1_219' title='bbox 372 1999 462 2047; x_wconf 88' lang='lat' dir='ltr'><strong>autem</strong></span> <span class='ocrx_word' id='word_1_220' title='bbox 480 1999 546 2046; x_wconf 91' lang='lat' dir='ltr'><strong>tuuc</strong></span> <span class='ocrx_word' id='word_1_221' title='bbox 563 1989 717 2046; x_wconf 78' lang='lat' dir='ltr'><strong>violabatur</strong></span> <span class='ocrx_word' id='word_1_222' title='bbox 734 1991 860 2045; x_wconf 89' lang='lat' dir='ltr'><strong>concinni</strong></span> <span class='ocrx_word' id='word_1_223' title='bbox 882 2001 980 2048; x_wconf 86' lang='lat' dir='ltr'><strong>natura</strong></span> <span class='ocrx_word' id='word_1_224' title='bbox 996 1994 1024 2048; x_wconf 90' lang='lat' dir='ltr'><strong>in</strong></span> <span class='ocrx_word' id='word_1_225' title='bbox 1043 1999 1172 2064; x_wconf 89' lang='lat' dir='ltr'><strong>utroque,</strong></span> <span class='ocrx_word' id='word_1_226' title='bbox 1195 1993 1219 2048; x_wconf 92' lang='lat' dir='ltr'><strong>si</strong></span> <span class='ocrx_word' id='word_1_227' title='bbox 1236 2000 1337 2063; x_wconf 89' lang='lat' dir='ltr'><strong>quanto</strong></span> <span class='ocrx_word' id='word_1_228' title='bbox 1363 1989 1511 2061; x_wconf 85' lang='lat' dir='ltr'><strong>superioris</strong></span> <span class='ocrx_word' id='word_1_229' title='bbox 1529 1992 1640 2060; x_wconf 85' lang='lat' dir='ltr'><strong>propria</strong></span> 
     </span>
     <span class='ocr_line' id='line_1_21' title="bbox 293 2067 1641 2140; baseline 0 -17"><span class='ocrx_word' id='word_1_230' title='bbox 293 2071 432 2140; x_wconf 89' lang='lat' dir='ltr'><strong>proportio</strong></span> <span class='ocrx_word' id='word_1_231' title='bbox 455 2067 599 2124; x_wconf 84' lang='lat' dir='ltr'><strong>deficiebat</strong></span> <span class='ocrx_word' id='word_1_232' title='bbox 620 2083 637 2122; x_wconf 85' lang='lat' dir='ltr'><strong>a</strong></span> <span class='ocrx_word' id='word_1_233' title='bbox 659 2067 726 2123; x_wconf 89' lang='lat' dir='ltr'><strong>diesi</strong></span> <span class='ocrx_word' id='word_1_234' title='bbox 750 2068 851 2137; x_wconf 87' lang='lat' dir='ltr'><strong>duplici</strong></span> <span class='ocrx_word' id='word_1_235' title='bbox 880 2072 1061 2139; x_wconf 88' lang='lat' dir='ltr'><strong>superabatve</strong></span> <span class='ocrx_word' id='word_1_236' title='bbox 1085 2073 1270 2137; x_wconf 87' lang='lat' dir='ltr'><strong>semitonium,</strong></span> <span class='ocrx_word' id='word_1_237' title='bbox 1296 2079 1372 2128; x_wconf 85' lang='lat' dir='ltr'><strong>tantu</strong></span> <span class='ocrx_word' id='word_1_238' title='bbox 1397 2071 1479 2126; x_wconf 87' lang='lat' dir='ltr'><strong>etiam</strong></span> <span class='ocrx_word' id='word_1_239' title='bbox 1504 2068 1641 2124; x_wconf 79' lang='lat' dir='ltr'><strong>inferioris</strong></span> 
     </span>
     <span class='ocr_line' id='line_1_22' title="bbox 292 2147 1308 2220; baseline 0.002 -17"><span class='ocrx_word' id='word_1_240' title='bbox 292 2149 404 2218; x_wconf 86' lang='lat' dir='ltr'><strong>propria</strong></span> <span class='ocrx_word' id='word_1_241' title='bbox 420 2147 550 2205; x_wconf 89' lang='lat' dir='ltr'><strong>deiiceret</strong></span> <span class='ocrx_word' id='word_1_242' title='bbox 566 2165 583 2202; x_wconf 88' lang='lat' dir='ltr'><strong>n</strong></span> <span class='ocrx_word' id='word_1_243' title='bbox 601 2147 669 2202; x_wconf 88' lang='lat' dir='ltr'><strong>diesi</strong></span> <span class='ocrx_word' id='word_1_244' title='bbox 686 2147 814 2216; x_wconf 88' lang='lat' dir='ltr'><strong>simplici,</strong></span> <span class='ocrx_word' id='word_1_245' title='bbox 833 2156 1008 2218; x_wconf 86' lang='lat' dir='ltr'><strong>superaretve</strong></span> <span class='ocrx_word' id='word_1_246' title='bbox 1025 2150 1195 2206; x_wconf 88' lang='lat' dir='ltr'><strong>intervallum</strong></span> <span class='ocrx_word' id='word_1_247' title='bbox 1217 2149 1308 2220; x_wconf 57' lang='lat' dir='ltr'><strong>iiim.</strong></span> 
     </span>
    </p>

    <p class='ocr_par' dir='ltr' id='par_1_4' title="bbox 244 2224 1641 2614">
     <span class='ocr_line' id='line_1_23' title="bbox 378 2224 1641 2299; baseline 0.002 -17"><span class='ocrx_word' id='word_1_248' title='bbox 378 2227 463 2283; x_wconf 85' lang='lat' dir='ltr'><strong>Porro</strong></span> <span class='ocrx_word' id='word_1_249' title='bbox 478 2228 525 2286; x_wconf 88' lang='lat' dir='ltr'><strong>hic</strong></span> <span class='ocrx_word' id='word_1_250' title='bbox 543 2239 680 2283; x_wconf 85' lang='lat' dir='ltr'><strong>excessus-</strong></span> <span class='ocrx_word' id='word_1_251' title='bbox 695 2224 738 2280; x_wconf 88' lang='lat' dir='ltr'><strong>vel</strong></span> <span class='ocrx_word' id='word_1_252' title='bbox 756 2226 880 2282; x_wconf 84' lang='lat' dir='ltr'><strong>delectus</strong></span> <span class='ocrx_word' id='word_1_253' title='bbox 898 2227 991 2282; x_wconf 92' lang='lat' dir='ltr'><strong>debuit</strong></span> <span class='ocrx_word' id='word_1_254' title='bbox 1014 2243 1074 2284; x_wconf 91' lang='lat' dir='ltr'><strong>esse</strong></span> <span class='ocrx_word' id='word_1_255' title='bbox 1092 2237 1197 2285; x_wconf 85' lang='lat' dir='ltr'><strong>comma</strong></span> <span class='ocrx_word' id='word_1_256' title='bbox 1214 2227 1289 2299; x_wconf 61' lang='lat'><strong>⁸⁰10„</strong></span> <span class='ocrx_word' id='word_1_257' title='bbox 1316 2227 1381 2297; x_wconf 83' lang='lat' dir='ltr'><strong>quia</strong></span> <span class='ocrx_word' id='word_1_258' title='bbox 1400 2242 1508 2282; x_wconf 79' lang='lat' dir='ltr'><strong>rursiam</strong></span> <span class='ocrx_word' id='word_1_259' title='bbox 1536 2226 1641 2284; x_wconf 81' lang='lat' dir='ltr'><strong>nohum</strong></span> 
     </span>
     <span class='ocr_line' id='line_1_24' title="bbox 244 2303 1641 2383; baseline 0.001 -23"><span class='ocrx_word' id='word_1_260' title='bbox 244 2371 247 2383; x_wconf 86' lang='lat'><strong>.</strong></span> <span class='ocrx_word' id='word_1_261' title='bbox 287 2303 368 2360; x_wconf 30' lang='lat' dir='ltr'><strong>,ahud</strong></span> <span class='ocrx_word' id='word_1_262' title='bbox 386 2305 559 2362; x_wconf 88' lang='lat' dir='ltr'><strong>intervallum</strong></span> <span class='ocrx_word' id='word_1_263' title='bbox 576 2304 779 2362; x_wconf 88' lang='lat' dir='ltr'><strong>monstrabatur</strong></span> <span class='ocrx_word' id='word_1_264' title='bbox 796 2322 813 2362; x_wconf 83' lang='lat' dir='ltr'><strong>a</strong></span> <span class='ocrx_word' id='word_1_265' title='bbox 830 2307 1052 2377; x_wconf 88' lang='lat' dir='ltr'><strong>proportionibus</strong></span> <span class='ocrx_word' id='word_1_266' title='bbox 1076 2305 1254 2377; x_wconf 82' lang='lat' dir='ltr'><strong>harmonicis,</strong></span> <span class='ocrx_word' id='word_1_267' title='bbox 1278 2315 1306 2362; x_wconf 90' lang='lat' dir='ltr'><strong>et</strong></span> <span class='ocrx_word' id='word_1_268' title='bbox 1323 2313 1355 2360; x_wconf 91' lang='lat' dir='ltr'><strong>ot</strong></span> <span class='ocrx_word' id='word_1_269' title='bbox 1371 2321 1476 2360; x_wconf 85' lang='lat' dir='ltr'><strong>comma</strong></span> <span class='ocrx_word' id='word_1_270' title='bbox 1497 2306 1536 2362; x_wconf 90' lang='lat' dir='ltr'><strong>sic</strong></span> <span class='ocrx_word' id='word_1_271' title='bbox 1553 2308 1641 2376; x_wconf 87' lang='lat' dir='ltr'><strong>expri-</strong></span> 
     </span>
     <span class='ocr_line' id='line_1_25' title="bbox 292 2384 1641 2455; baseline -0.001 -13"><span class='ocrx_word' id='word_1_272' title='bbox 292 2393 411 2442; x_wconf 87' lang='lat' dir='ltr'><strong>meretur</strong></span> <span class='ocrx_word' id='word_1_273' title='bbox 427 2387 498 2442; x_wconf 85' lang='lat' dir='ltr'><strong>iuter</strong></span> <span class='ocrx_word' id='word_1_274' title='bbox 515 2393 604 2450; x_wconf 88' lang='lat' dir='ltr'><strong>motus</strong></span> <span class='ocrx_word' id='word_1_275' title='bbox 622 2384 763 2453; x_wconf 89' lang='lat' dir='ltr'><strong>coelestes,</strong></span> <span class='ocrx_word' id='word_1_276' title='bbox 782 2384 853 2438; x_wconf 89' lang='lat' dir='ltr'><strong>sient</strong></span> <span class='ocrx_word' id='word_1_277' title='bbox 870 2401 1030 2455; x_wconf 84' lang='lat' dir='ltr'><strong>expressum</strong></span> <span class='ocrx_word' id='word_1_278' title='bbox 1048 2394 1092 2440; x_wconf 89' lang='lat' dir='ltr'><strong>est</strong></span> <span class='ocrx_word' id='word_1_279' title='bbox 1107 2386 1135 2440; x_wconf 91' lang='lat' dir='ltr'><strong>in</strong></span> <span class='ocrx_word' id='word_1_280' title='bbox 1153 2385 1324 2454; x_wconf 85' lang='lat' dir='ltr'><strong>harmonicis,</strong></span> <span class='ocrx_word' id='word_1_281' title='bbox 1342 2385 1446 2440; x_wconf 89' lang='lat' dir='ltr'><strong>scilicet</strong></span> <span class='ocrx_word' id='word_1_282' title='bbox 1456 2386 1513 2440; x_wconf 87' lang='lat' dir='ltr'><strong>solo</strong></span> <span class='ocrx_word' id='word_1_283' title='bbox 1523 2399 1641 2440; x_wconf 85' lang='lat' dir='ltr'><strong>excessu</strong></span> 
     </span>
     <span class='ocr_line' id='line_1_26' title="bbox 292 2462 1641 2533; baseline 0.001 -15"><span class='ocrx_word' id='word_1_284' title='bbox 292 2469 321 2518; x_wconf 92' lang='lat' dir='ltr'><strong>et</strong></span> <span class='ocrx_word' id='word_1_285' title='bbox 338 2464 447 2520; x_wconf 85' lang='lat' dir='ltr'><strong>deiectu</strong></span> <span class='ocrx_word' id='word_1_286' title='bbox 464 2465 536 2520; x_wconf 88' lang='lat' dir='ltr'><strong>inter</strong></span> <span class='ocrx_word' id='word_1_287' title='bbox 553 2480 582 2520; x_wconf 89' lang='lat' dir='ltr'><strong>se</strong></span> <span class='ocrx_word' id='word_1_288' title='bbox 605 2462 816 2520; x_wconf 70' lang='lat' dir='ltr'><strong>intervallorum.</strong></span> <span class='ocrx_word' id='word_1_289' title='bbox 854 2465 964 2520; x_wconf 85' lang='lat' dir='ltr'><strong>Comma</strong></span> <span class='ocrx_word' id='word_1_290' title='bbox 985 2465 1056 2521; x_wconf 90' lang='lat' dir='ltr'><strong>enim</strong></span> <span class='ocrx_word' id='word_1_291' title='bbox 1079 2465 1107 2521; x_wconf 87' lang='lat' dir='ltr'><strong>iu</strong></span> <span class='ocrx_word' id='word_1_292' title='bbox 1130 2466 1292 2521; x_wconf 85' lang='lat' dir='ltr'><strong>harmonicis</strong></span> <span class='ocrx_word' id='word_1_293' title='bbox 1310 2463 1453 2533; x_wconf 72' lang='lat' dir='ltr'><strong>distinguit</strong></span> <span class='ocrx_word' id='word_1_294' title='bbox 1473 2465 1544 2520; x_wconf 87' lang='lat' dir='ltr'><strong>iuter</strong></span> <span class='ocrx_word' id='word_1_295' title='bbox 1561 2472 1641 2520; x_wconf 89' lang='lat' dir='ltr'><strong>tonos</strong></span> 
     </span>
     <span class='ocr_line' id='line_1_27' title="bbox 291 2542 951 2614; baseline 0.002 -14"><span class='ocrx_word' id='word_1_296' title='bbox 291 2543 421 2614; x_wconf 67' lang='lat' dir='ltr'><strong>majorem</strong></span> <span class='ocrx_word' id='word_1_297' title='bbox 439 2549 467 2598; x_wconf 91' lang='lat' dir='ltr'><strong>st</strong></span> <span class='ocrx_word' id='word_1_298' title='bbox 484 2544 613 2598; x_wconf 89' lang='lat' dir='ltr'><strong>minorem</strong></span> <span class='ocrx_word' id='word_1_299' title='bbox 631 2557 682 2596; x_wconf 92' lang='lat' dir='ltr'><strong>uec</strong></span> <span class='ocrx_word' id='word_1_300' title='bbox 699 2542 778 2598; x_wconf 88' lang='lat' dir='ltr'><strong>aliter</strong></span> <span class='ocrx_word' id='word_1_301' title='bbox 795 2543 951 2601; x_wconf 87' lang='lat' dir='ltr'><strong>innotescit.</strong></span> 
     </span>
    </p>

    <p class='ocr_par' dir='ltr' id='par_1_5' title="bbox 291 2620 1644 3404">
     <span class='ocr_line' id='line_1_28' title="bbox 378 2620 1639 2692; baseline 0.001 -16"><span class='ocrx_word' id='word_1_302' title='bbox 378 2623 475 2678; x_wconf 84' lang='lat' dir='ltr'><strong>Restat</strong></span> <span class='ocrx_word' id='word_1_303' title='bbox 496 2629 527 2676; x_wconf 92' lang='lat' dir='ltr'><strong>nt</strong></span> <span class='ocrx_word' id='word_1_304' title='bbox 545 2620 740 2691; x_wconf 87' lang='lat' dir='ltr'><strong>disquiramus,</strong></span> <span class='ocrx_word' id='word_1_305' title='bbox 769 2631 831 2676; x_wconf 91' lang='lat' dir='ltr'><strong>utra</strong></span> <span class='ocrx_word' id='word_1_306' title='bbox 853 2637 887 2676; x_wconf 84' lang='lat' dir='ltr'><strong>ex</strong></span> <span class='ocrx_word' id='word_1_307' title='bbox 904 2623 1051 2692; x_wconf 90' lang='lat' dir='ltr'><strong>propositis</strong></span> <span class='ocrx_word' id='word_1_308' title='bbox 1072 2622 1180 2692; x_wconf 83' lang='lat' dir='ltr'><strong>potiora</strong></span> <span class='ocrx_word' id='word_1_309' title='bbox 1197 2625 1251 2678; x_wconf 87' lang='lat' dir='ltr'><strong>sint</strong></span> <span class='ocrx_word' id='word_1_310' title='bbox 1268 2621 1422 2690; x_wconf 89' lang='lat' dir='ltr'><strong>intervalia,</strong></span> <span class='ocrx_word' id='word_1_311' title='bbox 1451 2637 1517 2676; x_wconf 89' lang='lat' dir='ltr'><strong>num</strong></span> <span class='ocrx_word' id='word_1_312' title='bbox 1541 2622 1639 2692; x_wconf 87' lang='lat' dir='ltr'><strong>dieses,</strong></span> 
     </span>
     <span class='ocr_line' id='line_1_29' title="bbox 292 2698 1637 2772; baseline 0.004 -20"><span class='ocrx_word' id='word_1_313' title='bbox 292 2698 406 2767; x_wconf 85' lang='lat' dir='ltr'><strong>simplex</strong></span> <span class='ocrx_word' id='word_1_314' title='bbox 423 2716 474 2769; x_wconf 93' lang='lat' dir='ltr'><strong>pro</strong></span> <span class='ocrx_word' id='word_1_315' title='bbox 491 2699 612 2756; x_wconf 83' lang='lat' dir='ltr'><strong>inferiori</strong></span> <span class='ocrx_word' id='word_1_316' title='bbox 629 2699 754 2768; x_wconf 83' lang='lat' dir='ltr'><strong>planeta,</strong></span> <span class='ocrx_word' id='word_1_317' title='bbox 773 2699 875 2770; x_wconf 84' lang='lat' dir='ltr'><strong>duplex</strong></span> <span class='ocrx_word' id='word_1_318' title='bbox 891 2717 942 2769; x_wconf 90' lang='lat' dir='ltr'><strong>pro</strong></span> <span class='ocrx_word' id='word_1_319' title='bbox 961 2700 1109 2770; x_wconf 89' lang='lat' dir='ltr'><strong>superiori,</strong></span> <span class='ocrx_word' id='word_1_320' title='bbox 1131 2717 1167 2756; x_wconf 91' lang='lat' dir='ltr'><strong>an</strong></span> <span class='ocrx_word' id='word_1_321' title='bbox 1184 2701 1276 2770; x_wconf 89' lang='lat' dir='ltr'><strong>potins</strong></span> <span class='ocrx_word' id='word_1_322' title='bbox 1294 2701 1466 2756; x_wconf 88' lang='lat' dir='ltr'><strong>semitonium</strong></span> <span class='ocrx_word' id='word_1_323' title='bbox 1488 2717 1539 2771; x_wconf 90' lang='lat' dir='ltr'><strong>pro</strong></span> <span class='ocrx_word' id='word_1_324' title='bbox 1558 2715 1637 2772; x_wconf 84' lang='lat' dir='ltr'><strong>supc-</strong></span> 
     </span>
     <span class='ocr_line' id='line_1_30' title="bbox 291 2777 1639 2854; baseline 0.002 -22"><span class='ocrx_word' id='word_1_325' title='bbox 291 2777 369 2846; x_wconf 90' lang='lat' dir='ltr'><strong>rieri,</strong></span> <span class='ocrx_word' id='word_1_326' title='bbox 394 2786 422 2834; x_wconf 92' lang='lat' dir='ltr'><strong>et</strong></span> <span class='ocrx_word' id='word_1_327' title='bbox 443 2779 525 2850; x_wconf 62' lang='lat' dir='ltr'><strong>mim</strong></span> <span class='ocrx_word' id='word_1_328' title='bbox 548 2795 597 2854; x_wconf 85' lang='lat' dir='ltr'><strong>pro</strong></span> <span class='ocrx_word' id='word_1_329' title='bbox 615 2778 744 2834; x_wconf 80' lang='lat' dir='ltr'><strong>inferiori.</strong></span> <span class='ocrx_word' id='word_1_330' title='bbox 780 2779 817 2834; x_wconf 85' lang='lat' dir='ltr'><strong>Et</strong></span> <span class='ocrx_word' id='word_1_331' title='bbox 840 2779 951 2836; x_wconf 88' lang='lat' dir='ltr'><strong>vincunt</strong></span> <span class='ocrx_word' id='word_1_332' title='bbox 974 2781 1140 2850; x_wconf 75' lang='lat' dir='ltr'><strong>argumentis</strong></span> <span class='ocrx_word' id='word_1_333' title='bbox 1164 2781 1264 2836; x_wconf 90' lang='lat' dir='ltr'><strong>dieses.</strong></span> <span class='ocrx_word' id='word_1_334' title='bbox 1298 2779 1367 2835; x_wconf 84' lang='lat' dir='ltr'><strong>Nam</strong></span> <span class='ocrx_word' id='word_1_335' title='bbox 1393 2780 1445 2835; x_wconf 84' lang='lat' dir='ltr'><strong>etsi</strong></span> <span class='ocrx_word' id='word_1_336' title='bbox 1468 2781 1639 2836; x_wconf 86' lang='lat' dir='ltr'><strong>semitonium</strong></span> 
     </span>
     <span class='ocr_line' id='line_1_31' title="bbox 293 2855 1643 2930; baseline 0 -18"><span class='ocrx_word' id='word_1_337' title='bbox 293 2858 367 2914; x_wconf 90' lang='lat' dir='ltr'><strong>varie</strong></span> <span class='ocrx_word' id='word_1_338' title='bbox 384 2873 543 2930; x_wconf 85' lang='lat' dir='ltr'><strong>expressum</strong></span> <span class='ocrx_word' id='word_1_339' title='bbox 561 2858 650 2912; x_wconf 87' lang='lat' dir='ltr'><strong>estin</strong></span> <span class='ocrx_word' id='word_1_340' title='bbox 669 2857 743 2912; x_wconf 85' lang='lat' dir='ltr'><strong>scale</strong></span> <span class='ocrx_word' id='word_1_341' title='bbox 759 2859 875 2928; x_wconf 84' lang='lat' dir='ltr'><strong>musica,</strong></span> <span class='ocrx_word' id='word_1_342' title='bbox 894 2867 923 2914; x_wconf 87' lang='lat' dir='ltr'><strong>at</strong></span> <span class='ocrx_word' id='word_1_343' title='bbox 940 2862 1044 2915; x_wconf 90' lang='lat' dir='ltr'><strong>socium</strong></span> <span class='ocrx_word' id='word_1_344' title='bbox 1064 2860 1145 2930; x_wconf 64' lang='lat' dir='ltr'><strong>&#39;iiim</strong></span> <span class='ocrx_word' id='word_1_345' title='bbox 1162 2855 1217 2914; x_wconf 83' lang='lat' dir='ltr'><strong>non</strong></span> <span class='ocrx_word' id='word_1_346' title='bbox 1235 2865 1277 2914; x_wconf 89' lang='lat' dir='ltr'><strong>esi</strong></span> <span class='ocrx_word' id='word_1_347' title='bbox 1295 2873 1460 2927; x_wconf 86' lang='lat' dir='ltr'><strong>expressum.</strong></span> <span class='ocrx_word' id='word_1_348' title='bbox 1498 2859 1597 2914; x_wconf 74' lang='lat' dir='ltr'><strong>Corma</strong></span> <span class='ocrx_word' id='word_1_349' title='bbox 1614 2863 1643 2912; x_wconf 82' lang='lat' dir='ltr'><strong>st</strong></span> 
     </span>
     <span class='ocr_line' id='line_1_32' title="bbox 294 2935 1641 3008; baseline -0.001 -17"><span class='ocrx_word' id='word_1_350' title='bbox 294 2935 376 2992; x_wconf 89' lang='lat' dir='ltr'><strong>diesis</strong></span> <span class='ocrx_word' id='word_1_351' title='bbox 395 2946 438 2991; x_wconf 90' lang='lat' dir='ltr'><strong>est</strong></span> <span class='ocrx_word' id='word_1_352' title='bbox 455 2951 586 3005; x_wconf 86' lang='lat' dir='ltr'><strong>expressa</strong></span> <span class='ocrx_word' id='word_1_353' title='bbox 603 2935 678 2992; x_wconf 84' lang='lat' dir='ltr'><strong>varie</strong></span> <span class='ocrx_word' id='word_1_354' title='bbox 696 2944 723 2990; x_wconf 87' lang='lat' dir='ltr'><strong>ct</strong></span> <span class='ocrx_word' id='word_1_355' title='bbox 741 2936 842 3008; x_wconf 86' lang='lat' dir='ltr'><strong>duplex</strong></span> <span class='ocrx_word' id='word_1_356' title='bbox 860 2938 943 2993; x_wconf 90' lang='lat' dir='ltr'><strong>diesis</strong></span> <span class='ocrx_word' id='word_1_357' title='bbox 960 2938 1166 3006; x_wconf 91' lang='lat' dir='ltr'><strong>quodammodo,</strong></span> <span class='ocrx_word' id='word_1_358' title='bbox 1188 2953 1225 2993; x_wconf 88' lang='lat' dir='ltr'><strong>sc.</strong></span> <span class='ocrx_word' id='word_1_359' title='bbox 1244 2938 1271 2992; x_wconf 88' lang='lat' dir='ltr'><strong>in</strong></span> <span class='ocrx_word' id='word_1_360' title='bbox 1289 2937 1454 2994; x_wconf 82' lang='lat' dir='ltr'><strong>resolutione</strong></span> <span class='ocrx_word' id='word_1_361' title='bbox 1471 2945 1597 2994; x_wconf 87' lang='lat' dir='ltr'><strong>tonorum</strong></span> <span class='ocrx_word' id='word_1_362' title='bbox 1613 2937 1641 2990; x_wconf 93' lang='lat' dir='ltr'><strong>in</strong></span> 
     </span>
     <span class='ocr_line' id='line_1_33' title="bbox 296 3015 1641 3088; baseline 0 -18"><span class='ocrx_word' id='word_1_363' title='bbox 296 3015 393 3082; x_wconf 90' lang='lat' dir='ltr'><strong>dieses,</strong></span> <span class='ocrx_word' id='word_1_364' title='bbox 412 3015 556 3070; x_wconf 83' lang='lat' dir='ltr'><strong>semitonia</strong></span> <span class='ocrx_word' id='word_1_365' title='bbox 573 3022 602 3070; x_wconf 89' lang='lat' dir='ltr'><strong>et</strong></span> <span class='ocrx_word' id='word_1_366' title='bbox 617 3015 758 3084; x_wconf 80' lang='lat' dir='ltr'><strong>lemmata3</strong></span> <span class='ocrx_word' id='word_1_367' title='bbox 777 3024 842 3072; x_wconf 91' lang='lat' dir='ltr'><strong>tunc</strong></span> <span class='ocrx_word' id='word_1_368' title='bbox 860 3017 940 3088; x_wconf 89' lang='lat' dir='ltr'><strong>enim,</strong></span> <span class='ocrx_word' id='word_1_369' title='bbox 959 3026 989 3072; x_wconf 90' lang='lat' dir='ltr'><strong>ut</strong></span> <span class='ocrx_word' id='word_1_370' title='bbox 1005 3015 1075 3072; x_wconf 91' lang='lat' dir='ltr'><strong>libro</strong></span> <span class='ocrx_word' id='word_1_371' title='bbox 1087 3017 1136 3072; x_wconf 91' lang='grc' dir='ltr'><strong>ΠΙ.</strong></span> <span class='ocrx_word' id='word_1_372' title='bbox 1154 3032 1212 3087; x_wconf 87' lang='lat' dir='ltr'><strong>cap.</strong></span> <span class='ocrx_word' id='word_1_373' title='bbox 1225 3019 1250 3074; x_wconf 88' lang='lat'><strong>8.</strong></span> <span class='ocrx_word' id='word_1_374' title='bbox 1271 3016 1379 3084; x_wconf 85' lang='lat' dir='ltr'><strong>dicmm,</strong></span> <span class='ocrx_word' id='word_1_375' title='bbox 1397 3015 1519 3085; x_wconf 89' lang='lat' dir='ltr'><strong>proxime</strong></span> <span class='ocrx_word' id='word_1_376' title='bbox 1528 3015 1641 3072; x_wconf 88' lang='lat' dir='ltr'><strong>invicem</strong></span> 
     </span>
     <span class='ocr_line' id='line_1_34' title="bbox 296 3093 1641 3167; baseline -0.002 -15"><span class='ocrx_word' id='word_1_377' title='bbox 296 3095 448 3152; x_wconf 90' lang='lat' dir='ltr'><strong>succedunt</strong></span> <span class='ocrx_word' id='word_1_378' title='bbox 466 3095 535 3151; x_wconf 85' lang='lat' dir='ltr'><strong>duas</strong></span> <span class='ocrx_word' id='word_1_379' title='bbox 553 3093 641 3149; x_wconf 88' lang='lat' dir='ltr'><strong>dieses</strong></span> <span class='ocrx_word' id='word_1_380' title='bbox 659 3093 764 3150; x_wconf 89' lang='lat' dir='ltr'><strong>duobus</strong></span> <span class='ocrx_word' id='word_1_381' title='bbox 783 3095 859 3150; x_wconf 89' lang='lat' dir='ltr'><strong>locis.</strong></span> <span class='ocrx_word' id='word_1_382' title='bbox 895 3095 1019 3152; x_wconf 76' lang='lat' dir='ltr'><strong>iturum</strong></span> <span class='ocrx_word' id='word_1_383' title='bbox 1042 3103 1245 3167; x_wconf 83' lang='lat' dir='ltr'><strong>argumentum,</strong></span> <span class='ocrx_word' id='word_1_384' title='bbox 1270 3095 1343 3165; x_wconf 90' lang='lat' dir='ltr'><strong>quod</strong></span> <span class='ocrx_word' id='word_1_385' title='bbox 1359 3096 1388 3150; x_wconf 87' lang='lat' dir='ltr'><strong>in</strong></span> <span class='ocrx_word' id='word_1_386' title='bbox 1406 3094 1579 3151; x_wconf 84' lang='lat' dir='ltr'><strong>distinctione</strong></span> <span class='ocrx_word' id='word_1_387' title='bbox 1595 3110 1641 3164; x_wconf 77' lang='lat' dir='ltr'><strong>pe·</strong></span> 
     </span>
     <span class='ocr_line' id='line_1_35' title="bbox 295 3172 1644 3244; baseline -0.002 -15"><span class='ocrx_word' id='word_1_388' title='bbox 295 3190 391 3229; x_wconf 90' lang='lat' dir='ltr'><strong>uerum</strong></span> <span class='ocrx_word' id='word_1_389' title='bbox 408 3175 521 3244; x_wconf 86' lang='lat' dir='ltr'><strong>propris</strong></span> <span class='ocrx_word' id='word_1_390' title='bbox 538 3180 602 3228; x_wconf 87' lang='lat' dir='ltr'><strong>suut</strong></span> <span class='ocrx_word' id='word_1_391' title='bbox 615 3173 679 3242; x_wconf 90' lang='lat' dir='ltr'><strong>jura</strong></span> <span class='ocrx_word' id='word_1_392' title='bbox 696 3173 809 3242; x_wconf 91' lang='lat' dir='ltr'><strong>dieseos,</strong></span> <span class='ocrx_word' id='word_1_393' title='bbox 829 3172 904 3228; x_wconf 89' lang='lat' dir='ltr'><strong>nulla</strong></span> <span class='ocrx_word' id='word_1_394' title='bbox 922 3173 1063 3244; x_wconf 76' lang='lat' dir='ltr'><strong>semitonii,</strong></span> <span class='ocrx_word' id='word_1_395' title='bbox 1081 3176 1168 3244; x_wconf 71' lang='lat' dir='ltr'><strong>maior</strong></span> <span class='ocrx_word' id='word_1_396' title='bbox 1185 3175 1421 3244; x_wconf 76' lang='lat' dir='ltr'><strong>igiturrespectus</strong></span> <span class='ocrx_word' id='word_1_397' title='bbox 1439 3173 1580 3230; x_wconf 87' lang='lat' dir='ltr'><strong>habendus</strong></span> <span class='ocrx_word' id='word_1_398' title='bbox 1591 3173 1644 3227; x_wconf 88' lang='lat' dir='ltr'><strong>luit</strong></span> 
     </span>
     <span class='ocr_line' id='line_1_36' title="bbox 294 3251 1642 3326; baseline -0.003 -18"><span class='ocrx_word' id='word_1_399' title='bbox 294 3254 413 3326; x_wconf 88' lang='lat' dir='ltr'><strong>dieseon,</strong></span> <span class='ocrx_word' id='word_1_400' title='bbox 432 3270 513 3325; x_wconf 87' lang='lat' dir='ltr'><strong>qnam</strong></span> <span class='ocrx_word' id='word_1_401' title='bbox 530 3253 674 3308; x_wconf 89' lang='lat' dir='ltr'><strong>semitonii.</strong></span> <span class='ocrx_word' id='word_1_402' title='bbox 710 3251 849 3307; x_wconf 84' lang='lat' dir='ltr'><strong>Gonflstur</strong></span> <span class='ocrx_word' id='word_1_403' title='bbox 867 3267 901 3306; x_wconf 86' lang='lat' dir='ltr'><strong>ex</strong></span> <span class='ocrx_word' id='word_1_404' title='bbox 919 3251 1043 3308; x_wconf 89' lang='lat' dir='ltr'><strong>omuibus</strong></span> <span class='ocrx_word' id='word_1_405' title='bbox 1061 3253 1127 3322; x_wconf 92' lang='lat' dir='ltr'><strong>hoc,</strong></span> <span class='ocrx_word' id='word_1_406' title='bbox 1146 3254 1292 3323; x_wconf 87' lang='lat' dir='ltr'><strong>superioris</strong></span> <span class='ocrx_word' id='word_1_407' title='bbox 1310 3253 1446 3324; x_wconf 86' lang='lat' dir='ltr'><strong>propriam</strong></span> <span class='ocrx_word' id='word_1_408' title='bbox 1465 3254 1563 3310; x_wconf 86' lang='lat' dir='ltr'><strong>debers</strong></span> <span class='ocrx_word' id='word_1_409' title='bbox 1580 3265 1642 3308; x_wconf 86' lang='lat' dir='ltr'><strong>esse</strong></span> 
     </span>
     <span class='ocr_line' id='line_1_37' title="bbox 299 3329 1278 3404; baseline 0 -16"><span class='ocrx_word' id='word_1_410' title='bbox 299 3331 407 3403; x_wconf 58' lang='lat' dir='ltr'><strong>mim,</strong></span> <span class='ocrx_word' id='word_1_411' title='bbox 425 3347 474 3388; x_wconf 90' lang='lat' dir='ltr'><strong>seu</strong></span> <span class='ocrx_word' id='word_1_412' title='bbox 497 3331 551 3402; x_wconf 50' lang='lat' dir='ltr'><strong>“lm</strong></span> <span class='ocrx_word' id='word_1_413' title='bbox 569 3331 639 3402; x_wconf 88' lang='lat' dir='ltr'><strong>lere,</strong></span> <span class='ocrx_word' id='word_1_414' title='bbox 658 3329 792 3385; x_wconf 78' lang='lat' dir='ltr'><strong>nteriorir</strong></span> <span class='ocrx_word' id='word_1_415' title='bbox 810 3330 949 3400; x_wconf 86' lang='lat' dir='ltr'><strong>propriam</strong></span> <span class='ocrx_word' id='word_1_416' title='bbox 968 3331 1051 3402; x_wconf 58' lang='lat' dir='ltr'><strong>mi„</strong></span> <span class='ocrx_word' id='word_1_417' title='bbox 1069 3348 1118 3388; x_wconf 91' lang='lat' dir='ltr'><strong>seu</strong></span> <span class='ocrx_word' id='word_1_418' title='bbox 1136 3333 1194 3404; x_wconf 54' lang='lat' dir='ltr'><strong>³⁸!ae</strong></span> <span class='ocrx_word' id='word_1_419' title='bbox 1212 3335 1278 3389; x_wconf 88' lang='lat' dir='ltr'><strong>lere.</strong></span> 
     </span>
    </p>
   </div>
   <div class='ocr_carea' id='block_1_4' title="bbox 266 3423 1704 4482">
    <p class='ocr_par' dir='ltr' id='par_1_6' title="bbox 266 3423 1704 4377">
     <span class='ocr_line' id='line_1_38' title="bbox 384 3423 1642 3504; baseline -0.002 -20"><span class='ocrx_word' id='word_1_420' title='bbox 384 3423 552 3500; x_wconf 87' lang='lat' dir='ltr'><strong>Quaeritur,</strong></span> <span class='ocrx_word' id='word_1_421' title='bbox 586 3431 681 3482; x_wconf 90' lang='lat' dir='ltr'><strong>uirum</strong></span> <span class='ocrx_word' id='word_1_422' title='bbox 704 3441 817 3482; x_wconf 86' lang='lat' dir='ltr'><strong>summa</strong></span> <span class='ocrx_word' id='word_1_423' title='bbox 840 3425 986 3499; x_wconf 88' lang='lat' dir='ltr'><strong>sapientia</strong></span> <span class='ocrx_word' id='word_1_424' title='bbox 1009 3428 1133 3486; x_wconf 86' lang='lat' dir='ltr'><strong>creatrix</strong></span> <span class='ocrx_word' id='word_1_425' title='bbox 1164 3433 1307 3504; x_wconf 89' lang='lat' dir='ltr'><strong>occupata</strong></span> <span class='ocrx_word' id='word_1_426' title='bbox 1329 3425 1416 3484; x_wconf 90' lang='lat' dir='ltr'><strong>luerit</strong></span> <span class='ocrx_word' id='word_1_427' title='bbox 1444 3427 1473 3482; x_wconf 91' lang='lat' dir='ltr'><strong>in</strong></span> <span class='ocrx_word' id='word_1_428' title='bbox 1505 3425 1642 3484; x_wconf 77' lang='lat' dir='ltr'><strong>monium</strong></span> 
     </span>
     <span class='ocr_line' id='line_1_39' title="bbox 294 3509 1642 3591; baseline -0.001 -20"><span class='ocrx_word' id='word_1_429' title='bbox 294 3515 357 3574; x_wconf 92' lang='lat' dir='ltr'><strong>istis</strong></span> <span class='ocrx_word' id='word_1_430' title='bbox 379 3512 549 3572; x_wconf 87' lang='lat' dir='ltr'><strong>ratiunculis</strong></span> <span class='ocrx_word' id='word_1_431' title='bbox 572 3509 792 3588; x_wconf 88' lang='lat' dir='ltr'><strong>conquirendis.</strong></span> <span class='ocrx_word' id='word_1_432' title='bbox 838 3510 1031 3587; x_wconf 84' lang='lat' dir='ltr'><strong>Respondes,</strong></span> <span class='ocrx_word' id='word_1_433' title='bbox 1054 3511 1115 3572; x_wconf 85' lang='lat' dir='ltr'><strong>fieri</strong></span> <span class='ocrx_word' id='word_1_434' title='bbox 1138 3531 1234 3591; x_wconf 91' lang='lat' dir='ltr'><strong>posse,</strong></span> <span class='ocrx_word' id='word_1_435' title='bbox 1258 3520 1290 3572; x_wconf 92' lang='lat' dir='ltr'><strong>ut</strong></span> <span class='ocrx_word' id='word_1_436' title='bbox 1312 3514 1421 3572; x_wconf 85' lang='lat' dir='ltr'><strong>multae</strong></span> <span class='ocrx_word' id='word_1_437' title='bbox 1444 3528 1490 3572; x_wconf 92' lang='lat' dir='ltr'><strong>me</strong></span> <span class='ocrx_word' id='word_1_438' title='bbox 1512 3513 1642 3571; x_wconf 87' lang='lat' dir='ltr'><strong>rationes</strong></span> 
     </span>
     <span class='ocr_line' id='line_1_40' title="bbox 293 3598 1639 3679; baseline -0.001 -20"><span class='ocrx_word' id='word_1_439' title='bbox 293 3600 413 3676; x_wconf 85' lang='lat' dir='ltr'><strong>lateant,</strong></span> <span class='ocrx_word' id='word_1_440' title='bbox 437 3607 468 3660; x_wconf 86' lang='lat' dir='ltr'><strong>at</strong></span> <span class='ocrx_word' id='word_1_441' title='bbox 489 3602 515 3659; x_wconf 92' lang='lat' dir='ltr'><strong>si</strong></span> <span class='ocrx_word' id='word_1_442' title='bbox 537 3598 758 3676; x_wconf 89' lang='lat' dir='ltr'><strong>ponderosiores</strong></span> <span class='ocrx_word' id='word_1_443' title='bbox 781 3603 886 3657; x_wconf 89' lang='lat' dir='ltr'><strong>natura</strong></span> <span class='ocrx_word' id='word_1_444' title='bbox 907 3601 1088 3660; x_wconf 87' lang='lat' dir='ltr'><strong>harmonicas</strong></span> <span class='ocrx_word' id='word_1_445' title='bbox 1110 3617 1169 3660; x_wconf 90' lang='lat' dir='ltr'><strong>non</strong></span> <span class='ocrx_word' id='word_1_446' title='bbox 1191 3601 1265 3676; x_wconf 89' lang='lat' dir='ltr'><strong>tulit,</strong></span> <span class='ocrx_word' id='word_1_447' title='bbox 1289 3603 1398 3679; x_wconf 91' lang='lat' dir='ltr'><strong>qnippe</strong></span> <span class='ocrx_word' id='word_1_448' title='bbox 1421 3601 1449 3658; x_wconf 93' lang='lat' dir='ltr'><strong>in</strong></span> <span class='ocrx_word' id='word_1_449' title='bbox 1471 3600 1639 3678; x_wconf 87' lang='lat' dir='ltr'><strong>proportio-</strong></span> 
     </span>
     <span class='ocr_line' id='line_1_41' title="bbox 266 3685 1640 3764; baseline -0.006 -14"><span class='ocrx_word' id='word_1_450' title='bbox 266 3741 269 3750; x_wconf 88' lang='lat'><strong>.</strong></span> <span class='ocrx_word' id='word_1_451' title='bbox 294 3689 395 3763; x_wconf 92' lang='lat' dir='ltr'><strong>uibus,</strong></span> <span class='ocrx_word' id='word_1_452' title='bbox 419 3689 493 3747; x_wconf 90' lang='lat' dir='ltr'><strong>inira</strong></span> <span class='ocrx_word' id='word_1_453' title='bbox 515 3688 644 3748; x_wconf 90' lang='lat' dir='ltr'><strong>omnium</strong></span> <span class='ocrx_word' id='word_1_454' title='bbox 668 3689 875 3746; x_wconf 88' lang='lat' dir='ltr'><strong>concinuerum</strong></span> <span class='ocrx_word' id='word_1_455' title='bbox 898 3689 1092 3764; x_wconf 86' lang='lat' dir='ltr'><strong>quantitatem</strong></span> <span class='ocrx_word' id='word_1_456' title='bbox 1114 3687 1374 3761; x_wconf 89' lang='lat' dir='ltr'><strong>descendentibus,</strong></span> <span class='ocrx_word' id='word_1_457' title='bbox 1402 3685 1560 3747; x_wconf 87' lang='lat' dir='ltr'><strong>absurdum</strong></span> <span class='ocrx_word' id='word_1_458' title='bbox 1582 3703 1640 3746; x_wconf 91' lang='lat' dir='ltr'><strong>non</strong></span> 
     </span>
     <span class='ocr_line' id='line_1_42' title="bbox 294 3773 1640 3851; baseline -0.003 -15"><span class='ocrx_word' id='word_1_459' title='bbox 294 3784 348 3850; x_wconf 91' lang='lat' dir='ltr'><strong>est,</strong></span> <span class='ocrx_word' id='word_1_460' title='bbox 372 3775 469 3835; x_wconf 82' lang='lat' dir='ltr'><strong>Derim</strong></span> <span class='ocrx_word' id='word_1_461' title='bbox 492 3774 540 3836; x_wconf 88' lang='lat' dir='ltr'><strong>vel</strong></span> <span class='ocrx_word' id='word_1_462' title='bbox 563 3775 643 3850; x_wconf 88' lang='lat' dir='ltr'><strong>istas,</strong></span> <span class='ocrx_word' id='word_1_463' title='bbox 667 3782 816 3850; x_wconf 86' lang='lat' dir='ltr'><strong>utcunque</strong></span> <span class='ocrx_word' id='word_1_464' title='bbox 838 3783 1000 3851; x_wconf 86' lang='lat' dir='ltr'><strong>appareant</strong></span> <span class='ocrx_word' id='word_1_465' title='bbox 1023 3783 1134 3851; x_wconf 91' lang='lat' dir='ltr'><strong>tenues,</strong></span> <span class='ocrx_word' id='word_1_466' title='bbox 1158 3793 1223 3835; x_wconf 88' lang='lat' dir='ltr'><strong>esse</strong></span> <span class='ocrx_word' id='word_1_467' title='bbox 1238 3784 1379 3850; x_wconf 88' lang='lat' dir='ltr'><strong>secutum,</strong></span> <span class='ocrx_word' id='word_1_468' title='bbox 1402 3791 1467 3834; x_wconf 92' lang='lat' dir='ltr'><strong>cum</strong></span> <span class='ocrx_word' id='word_1_469' title='bbox 1490 3773 1562 3833; x_wconf 90' lang='lat' dir='ltr'><strong>nihil</strong></span> <span class='ocrx_word' id='word_1_470' title='bbox 1576 3775 1640 3833; x_wconf 92' lang='lat' dir='ltr'><strong>siue</strong></span> 
     </span>
     <span class='ocr_line' id='line_1_43' title="bbox 294 3860 1639 3939; baseline -0.001 -16"><span class='ocrx_word' id='word_1_471' title='bbox 294 3881 385 3924; x_wconf 89' lang='lat' dir='ltr'><strong>causa</strong></span> <span class='ocrx_word' id='word_1_472' title='bbox 407 3863 594 3923; x_wconf 87' lang='lat' dir='ltr'><strong>ordinaverit.</strong></span> <span class='ocrx_word' id='word_1_473' title='bbox 640 3861 804 3920; x_wconf 84' lang='lat' dir='ltr'><strong>Absurdius</strong></span> <span class='ocrx_word' id='word_1_474' title='bbox 826 3878 855 3918; x_wconf 94' lang='grc' dir='ltr'><strong>ιι.</strong></span> <span class='ocrx_word' id='word_1_475' title='bbox 879 3860 966 3937; x_wconf 84' lang='lat' dir='ltr'><strong>louge</strong></span> <span class='ocrx_word' id='word_1_476' title='bbox 989 3871 1068 3923; x_wconf 88' lang='lat' dir='ltr'><strong>esset</strong></span> <span class='ocrx_word' id='word_1_477' title='bbox 1089 3863 1241 3938; x_wconf 81' lang='lat' dir='ltr'><strong>affirmare,</strong></span> <span class='ocrx_word' id='word_1_478' title='bbox 1264 3863 1360 3922; x_wconf 87' lang='lat' dir='ltr'><strong>Deum</strong></span> <span class='ocrx_word' id='word_1_479' title='bbox 1382 3862 1435 3923; x_wconf 91' lang='lat' dir='ltr'><strong>bas</strong></span> <span class='ocrx_word' id='word_1_480' title='bbox 1452 3865 1639 3939; x_wconf 83' lang='lat' dir='ltr'><strong>quantitates,</strong></span> 
     </span>
     <span class='ocr_line' id='line_1_44' title="bbox 295 3950 1704 4028; baseline 0 -18"><span class='ocrx_word' id='word_1_481' title='bbox 295 3951 370 4011; x_wconf 87' lang='lat' dir='ltr'><strong>inira</strong></span> <span class='ocrx_word' id='word_1_482' title='bbox 392 3950 510 4028; x_wconf 90' lang='lat' dir='ltr'><strong>quidem</strong></span> <span class='ocrx_word' id='word_1_483' title='bbox 532 3951 742 4027; x_wconf 89' lang='lat' dir='ltr'><strong>praescriptum</strong></span> <span class='ocrx_word' id='word_1_484' title='bbox 765 3951 800 4006; x_wconf 92' lang='lat' dir='ltr'><strong>iis</strong></span> <span class='ocrx_word' id='word_1_485' title='bbox 823 3950 977 4007; x_wconf 87' lang='lat' dir='ltr'><strong>terminum</strong></span> <span class='ocrx_word' id='word_1_486' title='bbox 999 3951 1060 4009; x_wconf 89' lang='lat' dir='ltr'><strong>toni</strong></span> <span class='ocrx_word' id='word_1_487' title='bbox 1083 3952 1220 4025; x_wconf 90' lang='lat' dir='ltr'><strong>minoris,</strong></span> <span class='ocrx_word' id='word_1_488' title='bbox 1243 3951 1363 4010; x_wconf 86' lang='lat' dir='ltr'><strong>lortuito</strong></span> <span class='ocrx_word' id='word_1_489' title='bbox 1389 3951 1563 4027; x_wconf 87' lang='lat' dir='ltr'><strong>arripuisse,</strong></span> <span class='ocrx_word' id='word_1_490' title='bbox 1585 3965 1640 4007; x_wconf 90' lang='lat' dir='ltr'><strong>nec</strong></span> <span class='ocrx_word' id='word_1_491' title='bbox 1700 4000 1704 4010; x_wconf 89' lang='grc'><em>,</em></span> 
     </span>
     <span class='ocr_line' id='line_1_45' title="bbox 294 4036 1639 4115; baseline -0.004 -17"><span class='ocrx_word' id='word_1_492' title='bbox 294 4039 401 4099; x_wconf 85' lang='lat' dir='ltr'><strong>sufficit</strong></span> <span class='ocrx_word' id='word_1_493' title='bbox 430 4037 540 4098; x_wconf 89' lang='lat' dir='ltr'><strong>dicere:</strong></span> <span class='ocrx_word' id='word_1_494' title='bbox 573 4043 671 4095; x_wconf 87' lang='lat' dir='ltr'><strong>tantas</strong></span> <span class='ocrx_word' id='word_1_495' title='bbox 701 4036 819 4109; x_wconf 90' lang='lat' dir='ltr'><strong>sumsit,</strong></span> <span class='ocrx_word' id='word_1_496' title='bbox 852 4037 924 4110; x_wconf 88' lang='lat' dir='ltr'><strong>quia</strong></span> <span class='ocrx_word' id='word_1_497' title='bbox 953 4045 1052 4097; x_wconf 73' lang='lat' dir='ltr'><strong>tantm</strong></span> <span class='ocrx_word' id='word_1_498' title='bbox 1074 4037 1260 4113; x_wconf 79' lang='lat' dir='ltr'><strong>placuerunt3</strong></span> <span class='ocrx_word' id='word_1_499' title='bbox 1291 4039 1321 4096; x_wconf 93' lang='lat' dir='ltr'><strong>in</strong></span> <span class='ocrx_word' id='word_1_500' title='bbox 1343 4039 1527 4115; x_wconf 81' lang='lat' dir='ltr'><strong>geometricis</strong></span> <span class='ocrx_word' id='word_1_501' title='bbox 1554 4038 1639 4108; x_wconf 91' lang='lat' dir='ltr'><strong>euim,</strong></span> 
     </span>
     <span class='ocr_line' id='line_1_46' title="bbox 293 4121 1640 4202; baseline -0.002 -18"><span class='ocrx_word' id='word_1_502' title='bbox 293 4125 424 4188; x_wconf 87' lang='lat' dir='ltr'><strong>libertati</strong></span> <span class='ocrx_word' id='word_1_503' title='bbox 445 4123 596 4185; x_wconf 91' lang='lat' dir='ltr'><strong>electionis</strong></span> <span class='ocrx_word' id='word_1_504' title='bbox 619 4121 776 4198; x_wconf 90' lang='lat' dir='ltr'><strong>subjectis,</strong></span> <span class='ocrx_word' id='word_1_505' title='bbox 806 4121 881 4180; x_wconf 90' lang='lat' dir='ltr'><strong>nihil</strong></span> <span class='ocrx_word' id='word_1_506' title='bbox 903 4121 969 4182; x_wconf 90' lang='lat' dir='ltr'><strong>Deo</strong></span> <span class='ocrx_word' id='word_1_507' title='bbox 992 4123 1105 4200; x_wconf 72' lang='lat' dir='ltr'><strong>placuit</strong></span> <span class='ocrx_word' id='word_1_508' title='bbox 1132 4127 1194 4184; x_wconf 91' lang='lat' dir='ltr'><strong>siue</strong></span> <span class='ocrx_word' id='word_1_509' title='bbox 1224 4142 1314 4185; x_wconf 83' lang='lat' dir='ltr'><strong>causa</strong></span> <span class='ocrx_word' id='word_1_510' title='bbox 1335 4127 1514 4202; x_wconf 80' lang='lat' dir='ltr'><strong>geometrica</strong></span> <span class='ocrx_word' id='word_1_511' title='bbox 1542 4123 1640 4200; x_wconf 89' lang='lat' dir='ltr'><strong>quali·</strong></span> 
     </span>
     <span class='ocr_line' id='line_1_47' title="bbox 296 4209 1640 4291; baseline -0.003 -19"><span class='ocrx_word' id='word_1_512' title='bbox 296 4229 428 4291; x_wconf 88' lang='lat' dir='ltr'><strong>cunque,</strong></span> <span class='ocrx_word' id='word_1_513' title='bbox 451 4219 485 4272; x_wconf 91' lang='grc' dir='ltr'><strong>ιιι</strong></span> <span class='ocrx_word' id='word_1_514' title='bbox 505 4216 627 4287; x_wconf 87' lang='lat' dir='ltr'><strong>apparet</strong></span> <span class='ocrx_word' id='word_1_515' title='bbox 648 4212 679 4267; x_wconf 89' lang='lat' dir='ltr'><strong>in</strong></span> <span class='ocrx_word' id='word_1_516' title='bbox 703 4212 760 4268; x_wconf 92' lang='lat' dir='ltr'><strong>oris</strong></span> <span class='ocrx_word' id='word_1_517' title='bbox 782 4209 927 4282; x_wconf 91' lang='lat' dir='ltr'><strong>loliorum,</strong></span> <span class='ocrx_word' id='word_1_518' title='bbox 950 4213 980 4268; x_wconf 91' lang='lat' dir='ltr'><strong>iu</strong></span> <span class='ocrx_word' id='word_1_519' title='bbox 1003 4213 1132 4288; x_wconf 90' lang='lat' dir='ltr'><strong>squamis</strong></span> <span class='ocrx_word' id='word_1_520' title='bbox 1155 4214 1288 4289; x_wconf 88' lang='lat' dir='ltr'><strong>piscium,</strong></span> <span class='ocrx_word' id='word_1_521' title='bbox 1315 4213 1344 4271; x_wconf 91' lang='lat' dir='ltr'><strong>in</strong></span> <span class='ocrx_word' id='word_1_522' title='bbox 1366 4211 1494 4289; x_wconf 89' lang='lat' dir='ltr'><strong>pellibus</strong></span> <span class='ocrx_word' id='word_1_523' title='bbox 1516 4213 1640 4272; x_wconf 81' lang='lat' dir='ltr'><strong>iuratum</strong></span> 
     </span>
     <span class='ocr_line' id='line_1_48' title="bbox 295 4295 1203 4377; baseline -0.004 -15"><span class='ocrx_word' id='word_1_524' title='bbox 295 4297 453 4377; x_wconf 62' lang='lat' dir='ltr'><strong>mumque</strong></span> <span class='ocrx_word' id='word_1_525' title='bbox 475 4297 597 4358; x_wconf 86' lang='lat' dir='ltr'><strong>maculis</strong></span> <span class='ocrx_word' id='word_1_526' title='bbox 621 4303 651 4356; x_wconf 90' lang='lat' dir='ltr'><strong>et</strong></span> <span class='ocrx_word' id='word_1_527' title='bbox 672 4295 851 4355; x_wconf 79' lang='lat' dir='ltr'><strong>macularum</strong></span> <span class='ocrx_word' id='word_1_528' title='bbox 875 4297 975 4357; x_wconf 90' lang='lat' dir='ltr'><strong>ordine</strong></span> <span class='ocrx_word' id='word_1_529' title='bbox 998 4305 1027 4357; x_wconf 89' lang='lat' dir='ltr'><strong>et</strong></span> <span class='ocrx_word' id='word_1_530' title='bbox 1049 4299 1203 4360; x_wconf 90' lang='lat' dir='ltr'><strong>similibus.</strong></span> 
     </span>
    </p>

    <p class='ocr_par' dir='ltr' id='par_1_7' title="bbox 383 4399 1639 4482">
     <span class='ocr_line' id='line_1_49' title="bbox 383 4399 1639 4482; baseline -0.002 -18"><span class='ocrx_word' id='word_1_531' title='bbox 383 4403 609 4482; x_wconf 90' lang='lat' dir='ltr'><strong>Propositio</strong></span> <span class='ocrx_word' id='word_1_532' title='bbox 631 4399 768 4462; x_wconf 83' lang='lat' dir='ltr'><strong>XXVII.</strong></span> <span class='ocrx_word' id='word_1_533' title='bbox 812 4399 939 4460; x_wconf 78' lang='lat' dir='ltr'><strong>Telluris</strong></span> <span class='ocrx_word' id='word_1_534' title='bbox 961 4409 991 4462; x_wconf 88' lang='lat' dir='ltr'><strong>et</strong></span> <span class='ocrx_word' id='word_1_535' title='bbox 1004 4401 1128 4462; x_wconf 91' lang='lat' dir='ltr'><strong>Veneris</strong></span> <span class='ocrx_word' id='word_1_536' title='bbox 1149 4409 1280 4462; x_wconf 85' lang='lat' dir='ltr'><strong>motuum</strong></span> <span class='ocrx_word' id='word_1_537' title='bbox 1302 4405 1450 4481; x_wconf 87' lang='lat' dir='ltr'><strong>proportio</strong></span> <span class='ocrx_word' id='word_1_538' title='bbox 1470 4401 1565 4478; x_wconf 86' lang='lat' dir='ltr'><strong>major</strong></span> <span class='ocrx_word' id='word_1_539' title='bbox 1586 4399 1639 4461; x_wconf 93' lang='lat' dir='ltr'><strong>de-</strong></span> 
     </span>
    </p>
   </div>
   <div class='ocr_carea' id='block_1_5' title="bbox 184 4474 1639 4569">
    <p class='ocr_par' dir='ltr' id='par_1_8' title="bbox 184 4474 1639 4569">
     <span class='ocr_line' id='line_1_50' title="bbox 184 4474 1639 4569; baseline -0.001 -20"><span class='ocrx_word' id='word_1_540' title='bbox 184 4474 187 4483; x_wconf 67' lang='grc'><strong>’</strong></span> <span class='ocrx_word' id='word_1_541' title='bbox 298 4490 362 4549; x_wconf 90' lang='lat' dir='ltr'><strong>buit</strong></span> <span class='ocrx_word' id='word_1_542' title='bbox 384 4509 450 4551; x_wconf 90' lang='lat' dir='ltr'><strong>esse</strong></span> <span class='ocrx_word' id='word_1_543' title='bbox 464 4499 548 4551; x_wconf 86' lang='lat' dir='ltr'><strong>sexta</strong></span> <span class='ocrx_word' id='word_1_544' title='bbox 563 4487 645 4562; x_wconf 85' lang='lat' dir='ltr'><strong>dura,</strong></span> <span class='ocrx_word' id='word_1_545' title='bbox 668 4491 849 4550; x_wconf 87' lang='lat' dir='ltr'><strong>intermotus</strong></span> <span class='ocrx_word' id='word_1_546' title='bbox 865 4488 1011 4566; x_wconf 80' lang='lat' dir='ltr'><strong>aphelios3</strong></span> <span class='ocrx_word' id='word_1_547' title='bbox 1033 4491 1135 4564; x_wconf 89' lang='lat' dir='ltr'><strong>minor,</strong></span> <span class='ocrx_word' id='word_1_548' title='bbox 1159 4498 1244 4550; x_wconf 85' lang='lat' dir='ltr'><strong>sexta</strong></span> <span class='ocrx_word' id='word_1_549' title='bbox 1257 4489 1362 4565; x_wconf 89' lang='lat' dir='ltr'><strong>mollis,</strong></span> <span class='ocrx_word' id='word_1_550' title='bbox 1385 4492 1459 4550; x_wconf 87' lang='lat' dir='ltr'><strong>inter</strong></span> <span class='ocrx_word' id='word_1_551' title='bbox 1474 4489 1639 4569; x_wconf 88' lang='lat' dir='ltr'><strong>peribclios.</strong></span> 
     </span>
    </p>
   </div>
   <div class='ocr_carea' id='block_1_6' title="bbox 296 4570 1641 4806">
    <p class='ocr_par' dir='ltr' id='par_1_9' title="bbox 296 4570 1641 4806">
     <span class='ocr_line' id='line_1_51' title="bbox 382 4570 1640 4642; baseline 0.001 -15"><span class='ocrx_word' id='word_1_552' title='bbox 382 4572 508 4642; x_wconf 89' lang='lat' dir='ltr'><strong>Oportuit</strong></span> <span class='ocrx_word' id='word_1_553' title='bbox 529 4589 555 4627; x_wconf 90' lang='grc' dir='ltr'><strong>ιι.</strong></span> <span class='ocrx_word' id='word_1_554' title='bbox 581 4571 711 4640; x_wconf 73' lang='lat' dir='ltr'><strong>distinqui</strong></span> <span class='ocrx_word' id='word_1_555' title='bbox 735 4587 836 4642; x_wconf 82' lang='lat' dir='ltr'><strong>genera</strong></span> <span class='ocrx_word' id='word_1_556' title='bbox 868 4570 1068 4628; x_wconf 89' lang='lat' dir='ltr'><strong>harmoniarum</strong></span> <span class='ocrx_word' id='word_1_557' title='bbox 1089 4587 1140 4642; x_wconf 84' lang='lat' dir='ltr'><strong>per</strong></span> <span class='ocrx_word' id='word_1_558' title='bbox 1160 4588 1208 4628; x_wconf 86' lang='lat' dir='ltr'><strong>ax.</strong></span> <span class='ocrx_word' id='word_1_559' title='bbox 1230 4573 1273 4628; x_wconf 90' lang='lat'><strong>20.</strong></span> <span class='ocrx_word' id='word_1_560' title='bbox 1309 4571 1341 4626; x_wconf 93' lang='lat' dir='ltr'><strong>id</strong></span> <span class='ocrx_word' id='word_1_561' title='bbox 1363 4579 1454 4628; x_wconf 87' lang='lat' dir='ltr'><strong>autem</strong></span> <span class='ocrx_word' id='word_1_562' title='bbox 1477 4571 1537 4628; x_wconf 87' lang='lat' dir='ltr'><strong>fieri</strong></span> <span class='ocrx_word' id='word_1_563' title='bbox 1560 4572 1640 4628; x_wconf 83' lang='lat' dir='ltr'><strong>aliter</strong></span> 
     </span>
     <span class='ocr_line' id='line_1_52' title="bbox 296 4649 1641 4722; baseline 0 -17"><span class='ocrx_word' id='word_1_564' title='bbox 296 4667 351 4705; x_wconf 91' lang='lat' dir='ltr'><strong>nou</strong></span> <span class='ocrx_word' id='word_1_565' title='bbox 367 4653 464 4721; x_wconf 90' lang='lat' dir='ltr'><strong>potnit,</strong></span> <span class='ocrx_word' id='word_1_566' title='bbox 483 4665 563 4720; x_wconf 89' lang='lat' dir='ltr'><strong>quam</strong></span> <span class='ocrx_word' id='word_1_567' title='bbox 580 4666 629 4722; x_wconf 88' lang='lat' dir='ltr'><strong>per</strong></span> <span class='ocrx_word' id='word_1_568' title='bbox 647 4657 739 4707; x_wconf 82' lang='lat' dir='ltr'><strong>sextas</strong></span> <span class='ocrx_word' id='word_1_569' title='bbox 757 4665 808 4720; x_wconf 88' lang='lat' dir='ltr'><strong>per</strong></span> <span class='ocrx_word' id='word_1_570' title='bbox 825 4649 868 4706; x_wconf 80' lang='lat'><strong>2³.</strong></span> <span class='ocrx_word' id='word_1_571' title='bbox 903 4649 1005 4705; x_wconf 86' lang='lat' dir='ltr'><strong>Earum</strong></span> <span class='ocrx_word' id='word_1_572' title='bbox 1022 4650 1106 4720; x_wconf 79' lang='lat' dir='ltr'><strong>igitur</strong></span> <span class='ocrx_word' id='word_1_573' title='bbox 1122 4665 1203 4706; x_wconf 81' lang='grc' dir='ltr'>ιιιιιιιι</span> <span class='ocrx_word' id='word_1_574' title='bbox 1220 4653 1254 4720; x_wconf 71' lang='lat' dir='ltr'><strong>is,</strong></span> <span class='ocrx_word' id='word_1_575' title='bbox 1273 4665 1334 4706; x_wconf 91' lang='lat' dir='ltr'><strong>cum</strong></span> <span class='ocrx_word' id='word_1_576' title='bbox 1351 4649 1505 4720; x_wconf 88' lang='lat' dir='ltr'><strong>acceperint</strong></span> <span class='ocrx_word' id='word_1_577' title='bbox 1516 4651 1600 4708; x_wconf 86' lang='lat' dir='ltr'><strong>Terra</strong></span> <span class='ocrx_word' id='word_1_578' title='bbox 1612 4657 1641 4705; x_wconf 84' lang='lat' dir='ltr'><strong>et</strong></span> 
     </span>
     <span class='ocr_line' id='line_1_53' title="bbox 298 4725 1639 4806; baseline 0.001 -22"><span class='ocrx_word' id='word_1_579' title='bbox 298 4725 333 4806; x_wconf 68' lang='grc' dir='ltr'><strong>ὅ,</strong></span> <span class='ocrx_word' id='word_1_580' title='bbox 352 4731 466 4799; x_wconf 87' lang='lat' dir='ltr'><strong>proximi</strong></span> <span class='ocrx_word' id='word_1_581' title='bbox 484 4729 609 4798; x_wconf 86' lang='lat' dir='ltr'><strong>planetae</strong></span> <span class='ocrx_word' id='word_1_582' title='bbox 627 4737 655 4785; x_wconf 89' lang='lat' dir='ltr'><strong>et</strong></span> <span class='ocrx_word' id='word_1_583' title='bbox 672 4728 823 4786; x_wconf 88' lang='lat' dir='ltr'><strong>icosiedrici</strong></span> <span class='ocrx_word' id='word_1_584' title='bbox 841 4743 891 4798; x_wconf 89' lang='lat' dir='ltr'><strong>per</strong></span> <span class='ocrx_word' id='word_1_585' title='bbox 903 4729 949 4784; x_wconf 84' lang='lat'><strong>15:</strong></span> <span class='ocrx_word' id='word_1_586' title='bbox 968 4729 1090 4800; x_wconf 89' lang='lat' dir='ltr'><strong>oportuit</strong></span> <span class='ocrx_word' id='word_1_587' title='bbox 1107 4733 1136 4784; x_wconf 89' lang='lat' dir='ltr'><strong>et</strong></span> <span class='ocrx_word' id='word_1_588' title='bbox 1153 4729 1265 4784; x_wconf 87' lang='lat' dir='ltr'><strong>alteram</strong></span> <span class='ocrx_word' id='word_1_589' title='bbox 1278 4729 1313 4800; x_wconf 69' lang='lat' dir='ltr'><strong>il,</strong></span> <span class='ocrx_word' id='word_1_590' title='bbox 1330 4729 1363 4786; x_wconf 89' lang='lat' dir='ltr'><strong>iis</strong></span> <span class='ocrx_word' id='word_1_591' title='bbox 1375 4729 1466 4785; x_wconf 87' lang='lat' dir='ltr'><strong>tribui.</strong></span> <span class='ocrx_word' id='word_1_592' title='bbox 1501 4731 1564 4789; x_wconf 84' lang='lat' dir='ltr'><strong>Non</strong></span> <span class='ocrx_word' id='word_1_593' title='bbox 1575 4745 1639 4786; x_wconf 87' lang='lat' dir='ltr'><strong>veru</strong></span> 
     </span>
    </p>
   </div>
   <div class='ocr_carea' id='block_1_7' title="bbox 295 4806 1636 4882">
    <p class='ocr_par' dir='ltr' id='par_1_10' title="bbox 295 4806 1636 4882">
     <span class='ocr_line' id='line_1_54' title="bbox 295 4806 1636 4882; baseline 0.001 -18"><span class='ocrx_word' id='word_1_594' title='bbox 295 4807 369 4864; x_wconf 87' lang='lat' dir='ltr'><strong>inter</strong></span> <span class='ocrx_word' id='word_1_595' title='bbox 386 4813 529 4878; x_wconf 83' lang='lat' dir='ltr'><strong>extremos,</strong></span> <span class='ocrx_word' id='word_1_596' title='bbox 547 4816 740 4878; x_wconf 74' lang='lat' dir='ltr'><strong>mnrerqentes</strong></span> <span class='ocrx_word' id='word_1_597' title='bbox 752 4809 795 4864; x_wconf 93' lang='lat' dir='ltr'><strong>vei</strong></span> <span class='ocrx_word' id='word_1_598' title='bbox 805 4808 984 4879; x_wconf 66' lang='lat' dir='ltr'><strong>diversantes,</strong></span> <span class='ocrx_word' id='word_1_599' title='bbox 1002 4807 1052 4864; x_wconf 89' lang='lat' dir='ltr'><strong>sed</strong></span> <span class='ocrx_word' id='word_1_600' title='bbox 1062 4807 1135 4864; x_wconf 88' lang='lat' dir='ltr'><strong>inter</strong></span> <span class='ocrx_word' id='word_1_601' title='bbox 1151 4806 1273 4876; x_wconf 72' lang='lat' dir='ltr'><strong>undem</strong></span> <span class='ocrx_word' id='word_1_602' title='bbox 1285 4809 1382 4880; x_wconf 75' lang='lat' dir='ltr'><strong>plagae</strong></span> <span class='ocrx_word' id='word_1_603' title='bbox 1390 4815 1536 4882; x_wconf 67' lang='lat' dir='ltr'><strong>maenus,</strong></span> <span class='ocrx_word' id='word_1_604' title='bbox 1554 4824 1636 4866; x_wconf 84' lang='lat' dir='ltr'><strong>unam</strong></span> 
     </span>
    </p>
   </div>
   <div class='ocr_carea' id='block_1_8' title="bbox 0 0 1855 5534">
    <p class='ocr_par' dir='ltr' id='par_1_11' title="bbox 0 0 1855 5534">
     <span class='ocr_line' id='line_1_55' title="bbox 0 0 1855 5534; baseline 0 0"><span class='ocrx_word' id='word_1_605' title='bbox 0 0 1855 5534; x_wconf 95' lang='lat' dir='ltr'><strong> </strong></span> 
     </span>
    </p>
   </div>
  </div>
 </body>
</html>
