3698 5534
773 887 776 892 ⁵
819 931 882 1008 ro.
908 929 1114 1008 nuruum

587 1093 893 1209 llllllllllllll
928 1093 1079 1208 lillllll
1113 1089 1261 1204 lllllll
1295 1091 1339 1202 l.

294 1316 344 1386 lle
371 1315 548 1387 harmonia
577 1317 827 1405 perfectissima
857 1322 1010 1389 motuum
1038 1315 1238 1396 coelestium
1266 1320 1416 1406 ortuque
1445 1334 1490 1386 ex
1516 1315 1638 1385 lisdem

319 1448 616 1518 eccentricitatum
645 1447 1049 1538 semidiametrorumque
1077 1453 1112 1518 et
1140 1451 1331 1536 temporum
1349 1439 1612 1536 periodicas-um.

293 1613 339 1673 Ad
368 1633 498 1675 normam
528 1614 677 1675 doctrinae
703 1617 914 1676 astronomicae
943 1615 1100 1676 hodiernae
1129 1614 1381 1676 emendatissimos
1402 1615 1639 1694 hypothesesque

204 1749 205 1752 ,
249 1758 253 1766 ,
293 1702 462 1780 Copemiei,
498 1703 549 1763 sed
579 1711 608 1762 et
637 1703 785 1780 l'yohoms
817 1705 939 1778 Brahei,
979 1721 1100 1779 quarum
1130 1702 1286 1762 alterutrae
1316 1702 1418 1776 hodie,
1451 1703 1640 1764 Ptolemaicis

573 1791 748 1868 antiquatis,
781 1799 813 1850 ut
835 1795 1003 1852 verissimae
1025 1792 1142 1868 publiea
1164 1793 1351 1868 recipiuntur.

621 1973 627 1982 ι
688 1944 837 2000 Galenus
856 1946 890 2000 de
909 1961 960 1999 usu
977 1944 1094 2013 partium
1112 1941 1180 1998 libro
1198 1943 1247 1996 111.

219 2046 223 2052 ¹
287 2051 375 2132 ‘lenos
408 2057 491 2135 loyor
523 2053 588 2132 ἐγω,
622 2077 676 2114 του
708 2062 964 2134 δημιουργησαπος
993 2049 1065 2132 ἡμας
1098 2049 1185 2127 ὕμνον
1218 2049 1358 2128 ἀληθινον
1391 2057 1555 2131 mansuum,
1592 2077 1640 2115 και

294 2139 406 2216 sonalat,
429 2138 504 2205 τουτ’
531 2141 674 2220 alanicus
697 2140 856 2219 εὐσεβειαν,
889 2140 954 2223 οὐχι
976 2143 1000 2203 εἰ
1022 2163 1137 2220 suanos
1166 2137 1326 2215 ἑκατομβας
1353 2135 1435 2214 αὐτῳ
1464 2142 1641 2213 cursualium

292 2235 501 2305 καταθυσαιμι,
533 2255 581 2292 και
603 2252 641 2290 τα
663 2226 744 2292 ἄλλα
765 2255 853 2307 μυρια
878 2254 957 2309 μυρα
991 2218 1162 2307 muneramus
1190 2251 1237 2288 και
1260 2247 1376 2297 noerae·
1407 2223 1473 2288 ἀλλ’
1500 2227 1524 2288 εἰ
1550 2250 1642 2305 γτοιην

292 2339 344 2392 μεν
367 2315 472 2388 αὐτος,
502 2315 601 2380 ἔπειτα
632 2323 663 2378 ts
693 2343 740 2380 και
761 2341 820 2388 τοις
843 2315 943 2387 ἄλλοις
974 2313 1172 2396 ἐξηγησαιμην,
1204 2312 1264 2383 οἶος
1293 2336 1346 2389 μεν
1375 2311 1433 2374 a'ou
1456 2337 1507 2390 rna
1532 2335 1640 2390 σοφιαν

294 2402 384 2474 οἱοςτε
406 2428 457 2482 την
479 2412 608 2480 tesauro,
637 2400 737 2475 ὁποιος
759 2413 791 2469 tie
812 2428 863 2483 cns
884 2427 1077 2484 χρηστοτητα,
1105 2426 1138 2464 το
1162 2425 1215 2480 γαρ
1246 2425 1358 2478 soonam
1387 2397 1501 2462 lesisse
1522 2396 1638 2463 ἅπαντα

293 2515 342 2555 tos
365 2490 548 2572 ἐνὸεχομενον
570 2515 687 2568 κοσμον,
711 2518 757 2554 και
778 2499 875 2572 unless
898 2499 1020 2566 φθονειν
1042 2514 1099 2552 των
1121 2487 1272 2570 ἅγαθων,’
1289 2512 1339 2566 της
1363 2490 1544 2568 celleraturae
1565 2513 1638 2570 χρη-

293 2602 429 2658 aretusae
451 2576 503 2658 ἐγω
519 2586 618 2658 lecytus
633 2585 769 2654 τιθεμαιε
803 2605 849 2641 και
871 2601 962 2660 ταυτῃ
976 2602 1027 2652 μεν
1049 2574 1088 2647 ὡς
1104 2574 1215 2656 urucae
1237 2572 1301 2654 ἧμιν
1322 2572 1479 2656 locatorio),
1500 2601 1534 2638 το
1558 2575 1580 2638 t'
1598 2573 1638 2646 ὥς

293 2664 331 2728 ἂν
350 2670 477 2740 μαλιστα
500 2671 663 2745 nouaculam,
686 2689 743 2728 trus
766 2665 900 2745 ἐξευρειν,
923 2664 1017 2743 ἀκρας
1037 2688 1152 2746 coeptae,
1175 2685 1208 2724 το
1225 2669 1255 2724 ts
1272 2687 1318 2724 και
1341 2669 1447 2741 &octoas
1470 2661 1557 2726 aaut&
1582 2659 1639 2726 ὁσα

713 2759 882 2836 προειλετο,
906 2762 1051 2828 iocansne
1073 2751 1225 2830 ἀηττητου.

919 2875 948 2924 lu
967 2881 1015 2927 est:
1101 2869 1105 2880 “

294 2967 406 3024 Sacrum
430 2959 594 3038 sermonem}
618 2975 745 3046 hymnum
768 2975 826 3029 Deo
855 2975 993 3029 conditori
1015 2973 1182 3029 verissimum
1204 2973 1306 3040 ordior,
1329 2971 1459 3041 pietatem
1482 2973 1553 3028 hane
1578 2989 1640 3029 esse

292 3053 382 3115 ratus,
412 3059 467 3104 noir
499 3059 529 3106 ut
563 3053 737 3109 hecatombas
769 3052 807 3106 illl
840 3060 979 3107 taurorum
1009 3054 1138 3124 plurimae
1168 3052 1316 3119 immolem,
1355 3051 1451 3106 odores
1483 3052 1640 3107 innumeros

294 3123 416 3180 adoleam
435 3131 594 3201 eccesiam,
614 3133 661 3188 sad
681 3140 712 3187 ut
729 3133 841 3202 primum
860 3132 919 3202 ipse
938 3133 1052 3202 discam,
1076 3137 1139 3200 post
1156 3139 1184 3183 et
1201 3138 1307 3184 ceteros
1326 3131 1449 3198 doceam,
1476 3137 1504 3184 et
1522 3137 1639 3197 quantus

215 3242 220 3252 ,
293 3201 339 3256 ille
358 3203 394 3259 sit
411 3208 551 3276 sapientia,
572 3218 689 3278 quantus
708 3211 838 3280 potentia,
858 3221 886 3266 et
904 3210 992 3280 qualis
1005 3211 1134 3266 bonitate.
1161 3210 1237 3272 ‚Velle
1251 3211 1320 3263 enim
1333 3210 1421 3263 omnia
1434 3216 1534 3277 quanto
1546 3217 1642 3276 posset

233 3293 237 3302 ’
295 3291 393 3336 ornatu
412 3285 548 3356 decorare,
567 3305 616 3342 nec
635 3290 684 3342 ulli
702 3290 774 3344 bona
793 3305 842 3343 sua
860 3288 987 3352 invidere,
1005 3289 1033 3344 id
1051 3304 1102 3358 ego
1115 3288 1243 3344 bonitatis
1263 3286 1539 3341 consummatissimae
1558 3286 1640 3342 doen.

235 3359 239 3373 ’
294 3369 413 3416 mentum
432 3371 538 3435 statuo,
565 3367 751 3436 hactenusque
777 3373 807 3421 ut
823 3367 923 3422 bonum
942 3367 1063 3437 celebro;
1091 3366 1180 3422 omnio
1205 3383 1268 3419 vero
1286 3365 1417 3431 invenire,
1442 3363 1640 3432 quibusquam

295 3441 410 3495 maxime
429 3453 635 3514 exornarentur,
660 3447 885 3503 eminentissimae
904 3448 1065 3516 sapientiae,
1090 3447 1178 3500 omnia
1197 3445 1324 3514 denique,
1348 3459 1417 3512 quae
1435 3449 1583 3511 statuerat,
1610 3443 1640 3497 in

655 3541 724 3594 opus
742 3529 903 3594 producere,
920 3529 1058 3598 potentiae
1076 3525 1276 3594 insuperabilis.
1319 3529 1325 3554 ¹

575 3677 658 3746 cum
688 3679 721 3748 S.
751 3679 786 3748 C.
815 3676 854 3748 ll.
884 3679 1066 3766 Privilegio
1094 3677 1140 3747 ad
1167 3693 1274 3748 anuos
1300 3673 1366 3745 llll.

469 3859 570 3908 LlllOIl
588 3861 758 3912 susumus.
796 3862 941 3912 Excudabat
957 3863 1085 3911 Joltannes
1103 3861 1222 3922 Plancus,
1241 3873 1307 3908 anno
1325 3855 1465 3909 alvom.

802 4191 1121 4284 Pllillillllllll.

382 4366 467 4442 Quod
491 4378 558 4428 ante
580 4367 654 4430 duos
677 4378 706 4431 et
728 4374 831 4448 viginti
855 4388 962 4445 annos,
993 4374 1116 4448 primum
1138 4378 1226 4448 atque
1248 4371 1355 4446 figuras
1378 4369 1506 4444 quinque
1528 4363 1638 4424 solidas

297 4457 370 4512 inter
393 4456 478 4516 orbes
501 4456 643 4516 coelestes
665 4462 767 4536 reperi,
791 4477 854 4518 sum
870 4466 1039 4534 auguratus,
1065 4461 1144 4537 quod
1165 4460 1284 4519 firmiter
1298 4457 1395 4515 animo
1417 4455 1548 4531 persuasi
1563 4469 1637 4526 meo,

220 4559 228 4572 ·
295 4543 463 4618 priusquam
486 4543 647 4604 Ptolemaei
670 4547 848 4606 Harmoniea
871 4546 1019 4620 vidissem,
1044 4547 1123 4623 quod
1141 4547 1227 4607 titulo
1249 4546 1315 4604 libri
1337 4541 1424 4617 hujus
1447 4543 1540 4618 quinti
1563 4557 1638 4597 nun-

296 4636 410 4704 cupato,
435 4632 603 4708 priusquam
626 4633 662 4692 tle
684 4651 715 4693 re
738 4637 802 4711 ipsa
825 4635 920 4694 celtus
943 4652 1050 4709 essem,
1074 4635 1222 4713 pollicitus
1245 4651 1310 4692 sum
1332 4631 1443 4702 amicis,
1470 4627 1548 4704 quod
1571 4635 1637 4685 ante

296 4716 421 4776 sedecim
445 4735 538 4778 anuos
560 4719 680 4798 publico·
701 4726 808 4798 scripto
831 4721 1036 4797 quaerendum.
1052 4724 1213 4794 inculcavi,
1243 4721 1326 4796 cujus
1349 4734 1439 4778 eausa
1470 4719 1547 4774 vitae
1569 4730 1638 4790 par·

296 4812 353 4864 tem
385 4807 524 4882 optimam
558 4812 759 4869 astronomicis
793 4809 1087 4886 contemplationibus
1117 4808 1261 4886 impendi,
1296 4804 1465 4882 Tyohonem
1493 4801 1638 4862 Braheum
