<?xml version="1.0" encoding="UTF-8"?>
<!DOCTYPE html PUBLIC "-//W3C//DTD XHTML 1.0 Transitional//EN"
    "http://www.w3.org/TR/xhtml1/DTD/xhtml1-transitional.dtd">
<html xmlns="http://www.w3.org/1999/xhtml" xml:lang="en" lang="en">
 <head>
  <title>
</title>
<meta http-equiv="Content-Type" content="text/html;charset=utf-8" />
  <meta name='ocr-system' content='tesseract 3.04.00' />
  <meta name='ocr-capabilities' content='ocr_page ocr_carea ocr_par ocr_line ocrx_word'/>
</head>
<body>
  <div class='ocr_page' id='page_1' title='image "./joanniskepleria26frisgoog_0511.png"; bbox 0 0 3668 5526; ppageno 0'>
   <div class='ocr_carea' id='block_1_1' title="bbox 314 302 1271 380">
    <p class='ocr_par' dir='ltr' id='par_1_1' title="bbox 314 302 1271 380">
     <span class='ocr_line' id='line_1_1' title="bbox 314 302 1271 380; baseline -0.014 -5"><span class='ocrx_word' id='word_1_1' title='bbox 314 313 378 376; x_wconf 75' lang='grc'>468</span> <span class='ocrx_word' id='word_1_2' title='bbox 705 304 872 378; x_wconf 77' lang='lat' dir='ltr'>Appendioia</span> <span class='ocrx_word' id='word_1_3' title='bbox 889 302 1112 364; x_wconf 85' lang='lat' dir='ltr'>iiarrnoaieorunr</span> <span class='ocrx_word' id='word_1_4' title='bbox 1130 304 1271 380; x_wconf 68' lang='lat' dir='ltr'>Apologia.</span> 
     </span>
    </p>
   </div>
   <div class='ocr_carea' id='block_1_2' title="bbox 207 485 1660 568">
    <p class='ocr_par' dir='ltr' id='par_1_2' title="bbox 207 485 1660 568">
     <span class='ocr_line' id='line_1_2' title="bbox 207 485 1660 568; baseline 0.001 -21"><span class='ocrx_word' id='word_1_5' title='bbox 207 521 213 547; x_wconf 65' lang='lat' dir='ltr'>r</span> <span class='ocrx_word' id='word_1_6' title='bbox 315 487 446 549; x_wconf 87' lang='lat' dir='ltr'>criminis</span> <span class='ocrx_word' id='word_1_7' title='bbox 470 487 638 566; x_wconf 74' lang='lat' dir='ltr'>opinionem</span> <span class='ocrx_word' id='word_1_8' title='bbox 661 489 833 550; x_wconf 73' lang='lat' dir='ltr'><strong>sustineant.</strong></span> <span class='ocrx_word' id='word_1_9' title='bbox 879 485 925 547; x_wconf 89' lang='lat' dir='ltr'>De</span> <span class='ocrx_word' id='word_1_10' title='bbox 948 492 1044 547; x_wconf 89' lang='lat' dir='ltr'>cetero</span> <span class='ocrx_word' id='word_1_11' title='bbox 1067 485 1190 546; x_wconf 82' lang='lat' dir='ltr'>candida</span> <span class='ocrx_word' id='word_1_12' title='bbox 1212 503 1259 547; x_wconf 88' lang='lat' dir='ltr'>ms</span> <span class='ocrx_word' id='word_1_13' title='bbox 1281 487 1336 548; x_wconf 92' lang='lat' dir='ltr'>tibi</span> <span class='ocrx_word' id='word_1_14' title='bbox 1358 503 1484 563; x_wconf 84' lang='lat' dir='ltr'>excuso,</span> <span class='ocrx_word' id='word_1_15' title='bbox 1507 504 1554 548; x_wconf 89' lang='lat' dir='ltr'>ms</span> <span class='ocrx_word' id='word_1_16' title='bbox 1575 503 1660 568; x_wconf 82' lang='lat' dir='ltr'>prae·</span> 
     </span>
    </p>
   </div>
   <div class='ocr_carea' id='block_1_3' title="bbox 314 570 1665 1178">
    <p class='ocr_par' dir='ltr' id='par_1_3' title="bbox 314 570 1665 1178">
     <span class='ocr_line' id='line_1_3' title="bbox 315 570 1661 655; baseline -0.001 -17"><span class='ocrx_word' id='word_1_17' title='bbox 315 582 449 654; x_wconf 82' lang='lat' dir='ltr'>torquem</span> <span class='ocrx_word' id='word_1_18' title='bbox 473 573 553 655; x_wconf 80' lang='lat' dir='ltr'>quot</span> <span class='ocrx_word' id='word_1_19' title='bbox 578 576 714 635; x_wconf 88' lang='lat' dir='ltr'>omnibus</span> <span class='ocrx_word' id='word_1_20' title='bbox 736 592 811 652; x_wconf 89' lang='lat' dir='ltr'>pane</span> <span class='ocrx_word' id='word_1_21' title='bbox 833 570 919 636; x_wconf 87' lang='lat' dir='ltr'>lineis</span> <span class='ocrx_word' id='word_1_22' title='bbox 948 591 1013 634; x_wconf 89' lang='lat' dir='ltr'>sum</span> <span class='ocrx_word' id='word_1_23' title='bbox 1036 575 1145 648; x_wconf 82' lang='lat' dir='ltr'>insana,</span> <span class='ocrx_word' id='word_1_24' title='bbox 1178 573 1249 634; x_wconf 88' lang='lat' dir='ltr'>nibil</span> <span class='ocrx_word' id='word_1_25' title='bbox 1271 575 1350 634; x_wconf 90' lang='lat' dir='ltr'>aliud</span> <span class='ocrx_word' id='word_1_26' title='bbox 1380 579 1576 654; x_wconf 75' lang='lat' dir='ltr'>quaesivisse,</span> <span class='ocrx_word' id='word_1_27' title='bbox 1605 575 1661 636; x_wconf 88' lang='lat' dir='ltr'>boc</span> 
     </span>
     <span class='ocr_line' id='line_1_4' title="bbox 314 659 1661 742; baseline -0.002 -19"><span class='ocrx_word' id='word_1_28' title='bbox 314 661 428 724; x_wconf 88' lang='lat' dir='ltr'>soiitcet</span> <span class='ocrx_word' id='word_1_29' title='bbox 458 679 548 722; x_wconf 90' lang='lat' dir='ltr'>unum</span> <span class='ocrx_word' id='word_1_30' title='bbox 574 669 737 741; x_wconf 76' lang='lat' dir='ltr'>spectasse,</span> <span class='ocrx_word' id='word_1_31' title='bbox 774 670 806 723; x_wconf 91' lang='lat' dir='ltr'>ut</span> <span class='ocrx_word' id='word_1_32' title='bbox 836 659 961 722; x_wconf 90' lang='lat' dir='ltr'>lectores</span> <span class='ocrx_word' id='word_1_33' title='bbox 992 663 1132 740; x_wconf 88' lang='lat' dir='ltr'>imperiti,</span> <span class='ocrx_word' id='word_1_34' title='bbox 1170 663 1219 738; x_wconf 91' lang='lat' dir='ltr'>qui</span> <span class='ocrx_word' id='word_1_35' title='bbox 1243 661 1328 722; x_wconf 88' lang='lat' dir='ltr'>iaciie</span> <span class='ocrx_word' id='word_1_36' title='bbox 1351 663 1443 723; x_wconf 90' lang='lat' dir='ltr'>titulis</span> <span class='ocrx_word' id='word_1_37' title='bbox 1472 661 1661 742; x_wconf 86' lang='lat' dir='ltr'>decipiuntur,</span> 
     </span>
     <span class='ocr_line' id='line_1_5' title="bbox 316 747 1662 830; baseline -0.002 -20"><span class='ocrx_word' id='word_1_38' title='bbox 316 753 445 824; x_wconf 76' lang='lat' dir='ltr'>scirem,</span> <span class='ocrx_word' id='word_1_39' title='bbox 460 748 531 830; x_wconf 85' lang='lat' dir='ltr'>qnid</span> <span class='ocrx_word' id='word_1_40' title='bbox 554 749 633 829; x_wconf 89' lang='lat' dir='ltr'>apud</span> <span class='ocrx_word' id='word_1_41' title='bbox 657 767 811 827; x_wconf 86' lang='lat' dir='ltr'>quemque,</span> <span class='ocrx_word' id='word_1_42' title='bbox 836 766 894 827; x_wconf 90' lang='lat' dir='ltr'>quo</span> <span class='ocrx_word' id='word_1_43' title='bbox 918 749 1081 818; x_wconf 78' lang='lat' dir='ltr'>discrimine</span> <span class='ocrx_word' id='word_1_44' title='bbox 1104 751 1276 810; x_wconf 82' lang='lat' dir='ltr'>invenirent.</span> <span class='ocrx_word' id='word_1_45' title='bbox 1320 747 1355 808; x_wconf 86' lang='lat' dir='ltr'>Id</span> <span class='ocrx_word' id='word_1_46' title='bbox 1376 751 1501 812; x_wconf 88' lang='lat' dir='ltr'>sialiter</span> <span class='ocrx_word' id='word_1_47' title='bbox 1522 751 1583 812; x_wconf 86' lang='lat' dir='ltr'>fleri</span> <span class='ocrx_word' id='word_1_48' title='bbox 1605 767 1662 809; x_wconf 90' lang='lat' dir='ltr'>non</span> 
     </span>
     <span class='ocr_line' id='line_1_6' title="bbox 315 833 1663 916; baseline -0.002 -18"><span class='ocrx_word' id='word_1_49' title='bbox 315 841 422 916; x_wconf 88' lang='lat' dir='ltr'>potuit,</span> <span class='ocrx_word' id='word_1_50' title='bbox 447 841 518 915; x_wconf 89' lang='lat' dir='ltr'>quin</span> <span class='ocrx_word' id='word_1_51' title='bbox 542 844 574 897; x_wconf 92' lang='lat' dir='ltr'>tu</span> <span class='ocrx_word' id='word_1_52' title='bbox 598 836 647 898; x_wconf 84' lang='lat' dir='ltr'>rel</span> <span class='ocrx_word' id='word_1_53' title='bbox 668 838 902 916; x_wconf 77' lang='lat' dir='ltr'>perstringereris</span> <span class='ocrx_word' id='word_1_54' title='bbox 923 836 1027 897; x_wconf 87' lang='lat' dir='ltr'>ieviter</span> <span class='ocrx_word' id='word_1_55' title='bbox 1050 833 1098 896; x_wconf 85' lang='lat' dir='ltr'>vel</span> <span class='ocrx_word' id='word_1_56' title='bbox 1121 834 1307 896; x_wconf 83' lang='lat' dir='ltr'>offenderetis</span> <span class='ocrx_word' id='word_1_57' title='bbox 1330 841 1465 914; x_wconf 80' lang='lat' dir='ltr'>graviter,</span> <span class='ocrx_word' id='word_1_58' title='bbox 1490 838 1561 898; x_wconf 84' lang='lat' dir='ltr'>iilud</span> <span class='ocrx_word' id='word_1_59' title='bbox 1578 839 1663 914; x_wconf 91' lang='lat' dir='ltr'>equi·</span> 
     </span>
     <span class='ocr_line' id='line_1_7' title="bbox 315 921 1664 1004; baseline -0.001 -18"><span class='ocrx_word' id='word_1_60' title='bbox 315 926 381 986; x_wconf 86' lang='lat' dir='ltr'>dem</span> <span class='ocrx_word' id='word_1_61' title='bbox 403 925 586 1000; x_wconf 87' lang='lat' dir='ltr'>necessario,</span> <span class='ocrx_word' id='word_1_62' title='bbox 618 924 676 985; x_wconf 88' lang='lat' dir='ltr'>hoc</span> <span class='ocrx_word' id='word_1_63' title='bbox 704 933 806 986; x_wconf 85' lang='lat' dir='ltr'>contra</span> <span class='ocrx_word' id='word_1_64' title='bbox 836 941 931 984; x_wconf 89' lang='lat' dir='ltr'>mearn</span> <span class='ocrx_word' id='word_1_65' title='bbox 964 924 1146 983; x_wconf 84' lang='lat' dir='ltr'>voluntatem</span> <span class='ocrx_word' id='word_1_66' title='bbox 1169 921 1277 984; x_wconf 86' lang='lat' dir='ltr'>iactum</span> <span class='ocrx_word' id='word_1_67' title='bbox 1307 923 1488 1004; x_wconf 79' lang='lat' dir='ltr'>perpendito.</span> <span class='ocrx_word' id='word_1_68' title='bbox 1532 925 1570 986; x_wconf 85' lang='lat' dir='ltr'>Et</span> <span class='ocrx_word' id='word_1_69' title='bbox 1590 925 1664 986; x_wconf 87' lang='lat' dir='ltr'>haec</span> 
     </span>
     <span class='ocr_line' id='line_1_8' title="bbox 315 1009 1524 1090; baseline -0.002 -17"><span class='ocrx_word' id='word_1_70' title='bbox 315 1011 434 1089; x_wconf 85' lang='lat' dir='ltr'>quidem</span> <span class='ocrx_word' id='word_1_71' title='bbox 457 1010 493 1072; x_wconf 84' lang='lat' dir='ltr'>de</span> <span class='ocrx_word' id='word_1_72' title='bbox 516 1013 785 1090; x_wconf 84' lang='lat' dir='ltr'>comparationibus</span> <span class='ocrx_word' id='word_1_73' title='bbox 808 1013 881 1071; x_wconf 92' lang='lat' dir='ltr'>meis</span> <span class='ocrx_word' id='word_1_74' title='bbox 904 1029 941 1071; x_wconf 85' lang='lat' dir='ltr'>ex</span> <span class='ocrx_word' id='word_1_75' title='bbox 963 1011 1123 1090; x_wconf 77' lang='lat' dir='ltr'>appendice</span> <span class='ocrx_word' id='word_1_76' title='bbox 1146 1009 1184 1071; x_wconf 87' lang='lat' dir='ltr'>ad</span> <span class='ocrx_word' id='word_1_77' title='bbox 1208 1028 1282 1089; x_wconf 87' lang='lat' dir='ltr'>opus</span> <span class='ocrx_word' id='word_1_78' title='bbox 1305 1010 1524 1073; x_wconf 88' lang='lat' dir='ltr'>Harmonieum.</span> 
     </span>
     <span class='ocr_line' id='line_1_9' title="bbox 403 1093 1665 1178; baseline 0.002 -20"><span class='ocrx_word' id='word_1_79' title='bbox 403 1095 551 1175; x_wconf 86' lang='lat' dir='ltr'>Quantum</span> <span class='ocrx_word' id='word_1_80' title='bbox 574 1101 680 1160; x_wconf 79' lang='lat' dir='ltr'>attinet</span> <span class='ocrx_word' id='word_1_81' title='bbox 702 1108 886 1178; x_wconf 81' lang='lat' dir='ltr'>praesentem</span> <span class='ocrx_word' id='word_1_82' title='bbox 909 1093 1086 1176; x_wconf 80' lang='lat' dir='ltr'>apologiam,</span> <span class='ocrx_word' id='word_1_83' title='bbox 1110 1100 1164 1158; x_wconf 92' lang='lat' dir='ltr'>etsi</span> <span class='ocrx_word' id='word_1_84' title='bbox 1189 1099 1296 1158; x_wconf 87' lang='lat' dir='ltr'>crebris</span> <span class='ocrx_word' id='word_1_85' title='bbox 1320 1099 1431 1176; x_wconf 90' lang='lat' dir='ltr'>injuriis</span> <span class='ocrx_word' id='word_1_86' title='bbox 1441 1103 1569 1162; x_wconf 83' lang='lat' dir='ltr'>irritatus</span> <span class='ocrx_word' id='word_1_87' title='bbox 1591 1117 1665 1160; x_wconf 89' lang='lat' dir='ltr'>cau·</span> 
     </span>
    </p>
   </div>
   <div class='ocr_carea' id='block_1_4' title="bbox 199 1184 1665 1264">
    <p class='ocr_par' dir='ltr' id='par_1_4' title="bbox 199 1184 1665 1264">
     <span class='ocr_line' id='line_1_10' title="bbox 199 1184 1665 1264; baseline -0.001 -17"><span class='ocrx_word' id='word_1_88' title='bbox 199 1219 201 1226; x_wconf 95' lang='lat'>·</span> <span class='ocrx_word' id='word_1_89' title='bbox 313 1200 379 1247; x_wconf 89' lang='lat' dir='ltr'>sam</span> <span class='ocrx_word' id='word_1_90' title='bbox 401 1185 571 1248; x_wconf 87' lang='lat' dir='ltr'>habuissent</span> <span class='ocrx_word' id='word_1_91' title='bbox 594 1189 703 1264; x_wconf 88' lang='lat' dir='ltr'>passim</span> <span class='ocrx_word' id='word_1_92' title='bbox 727 1185 966 1261; x_wconf 81' lang='lat' dir='ltr'>excandescsndi,</span> <span class='ocrx_word' id='word_1_93' title='bbox 990 1203 1076 1264; x_wconf 85' lang='lat' dir='ltr'>spero</span> <span class='ocrx_word' id='word_1_94' title='bbox 1099 1191 1196 1245; x_wconf 88' lang='lat' dir='ltr'>tamen</span> <span class='ocrx_word' id='word_1_95' title='bbox 1219 1184 1291 1246; x_wconf 87' lang='lat' dir='ltr'>nibil</span> <span class='ocrx_word' id='word_1_96' title='bbox 1315 1187 1343 1245; x_wconf 93' lang='lat' dir='ltr'>in</span> <span class='ocrx_word' id='word_1_97' title='bbox 1359 1195 1398 1262; x_wconf 92' lang='lat' dir='ltr'>te,</span> <span class='ocrx_word' id='word_1_98' title='bbox 1421 1188 1495 1247; x_wconf 88' lang='lat' dir='ltr'>nihil</span> <span class='ocrx_word' id='word_1_99' title='bbox 1517 1191 1545 1246; x_wconf 88' lang='lat' dir='ltr'>in</span> <span class='ocrx_word' id='word_1_100' title='bbox 1568 1187 1665 1248; x_wconf 92' lang='lat' dir='ltr'>bono-</span> 
     </span>
    </p>
   </div>
   <div class='ocr_carea' id='block_1_5' title="bbox 313 1272 1666 1966">
    <p class='ocr_par' dir='ltr' id='par_1_5' title="bbox 313 1272 1666 1966">
     <span class='ocr_line' id='line_1_11' title="bbox 313 1272 1666 1352; baseline 0 -18"><span class='ocrx_word' id='word_1_101' title='bbox 313 1293 375 1336; x_wconf 89' lang='lat' dir='ltr'>rcrn</span> <span class='ocrx_word' id='word_1_102' title='bbox 397 1273 446 1335; x_wconf 83' lang='lat' dir='ltr'>rei</span> <span class='ocrx_word' id='word_1_103' title='bbox 469 1273 642 1352; x_wconf 79' lang='lat' dir='ltr'>dignitatern</span> <span class='ocrx_word' id='word_1_104' title='bbox 665 1283 746 1336; x_wconf 88' lang='lat' dir='ltr'>tuarn</span> <span class='ocrx_word' id='word_1_105' title='bbox 769 1274 879 1335; x_wconf 85' lang='lat' dir='ltr'>dictum</span> <span class='ocrx_word' id='word_1_106' title='bbox 902 1291 966 1334; x_wconf 90' lang='lat' dir='ltr'>essa</span> <span class='ocrx_word' id='word_1_107' title='bbox 990 1275 1120 1350; x_wconf 78' lang='lat' dir='ltr'>gravius,</span> <span class='ocrx_word' id='word_1_108' title='bbox 1146 1273 1217 1332; x_wconf 92' lang='lat' dir='ltr'>nihil</span> <span class='ocrx_word' id='word_1_109' title='bbox 1241 1272 1320 1351; x_wconf 88' lang='lat' dir='ltr'>quod</span> <span class='ocrx_word' id='word_1_110' title='bbox 1344 1292 1410 1335; x_wconf 90' lang='lat' dir='ltr'>cum</span> <span class='ocrx_word' id='word_1_111' title='bbox 1431 1275 1590 1337; x_wconf 81' lang='lat' dir='ltr'>acerbitate</span> <span class='ocrx_word' id='word_1_112' title='bbox 1614 1284 1666 1334; x_wconf 90' lang='lat' dir='ltr'>tua</span> 
     </span>
     <span class='ocr_line' id='line_1_12' title="bbox 314 1360 1666 1441; baseline 0.001 -20"><span class='ocrx_word' id='word_1_113' title='bbox 314 1363 437 1422; x_wconf 80' lang='lat' dir='ltr'>conferri</span> <span class='ocrx_word' id='word_1_114' title='bbox 459 1365 569 1440; x_wconf 66' lang='lat' dir='ltr'>possim</span> <span class='ocrx_word' id='word_1_115' title='bbox 599 1362 676 1424; x_wconf 85' lang='lat' dir='ltr'>sales</span> <span class='ocrx_word' id='word_1_116' title='bbox 698 1369 821 1439; x_wconf 79' lang='lat' dir='ltr'>verost</span> <span class='ocrx_word' id='word_1_117' title='bbox 842 1362 899 1439; x_wconf 80' lang='lat' dir='ltr'>joci</span> <span class='ocrx_word' id='word_1_118' title='bbox 924 1360 1138 1441; x_wconf 87' lang='lat' dir='ltr'>disputatorum</span> <span class='ocrx_word' id='word_1_119' title='bbox 1168 1367 1236 1421; x_wconf 88' lang='lat' dir='ltr'>sant</span> <span class='ocrx_word' id='word_1_120' title='bbox 1263 1362 1467 1440; x_wconf 85' lang='lat' dir='ltr'>embammata.</span> <span class='ocrx_word' id='word_1_121' title='bbox 1512 1363 1577 1424; x_wconf 83' lang='lat' dir='ltr'>Hac</span> <span class='ocrx_word' id='word_1_122' title='bbox 1599 1380 1666 1422; x_wconf 89' lang='lat' dir='ltr'>mea</span> 
     </span>
     <span class='ocr_line' id='line_1_13' title="bbox 313 1449 1663 1529; baseline -0.001 -19"><span class='ocrx_word' id='word_1_123' title='bbox 313 1451 544 1526; x_wconf 81' lang='lat' dir='ltr'>aequanimitate</span> <span class='ocrx_word' id='word_1_124' title='bbox 567 1453 591 1510; x_wconf 90' lang='lat' dir='ltr'>ai</span> <span class='ocrx_word' id='word_1_125' title='bbox 615 1458 647 1510; x_wconf 93' lang='lat' dir='ltr'>tu</span> <span class='ocrx_word' id='word_1_126' title='bbox 670 1449 758 1510; x_wconf 79' lang='lat' dir='ltr'>fueris</span> <span class='ocrx_word' id='word_1_127' title='bbox 779 1451 950 1528; x_wconf 79' lang='lat' dir='ltr'>mitigatus,</span> <span class='ocrx_word' id='word_1_128' title='bbox 972 1449 1043 1509; x_wconf 90' lang='lat' dir='ltr'>nihil</span> <span class='ocrx_word' id='word_1_129' title='bbox 1066 1449 1268 1526; x_wconf 88' lang='lat' dir='ltr'>inposterum</span> <span class='ocrx_word' id='word_1_130' title='bbox 1291 1449 1439 1527; x_wconf 88' lang='lat' dir='ltr'>impediet,</span> <span class='ocrx_word' id='word_1_131' title='bbox 1463 1453 1533 1529; x_wconf 86' lang='lat' dir='ltr'>quin</span> <span class='ocrx_word' id='word_1_132' title='bbox 1556 1452 1663 1510; x_wconf 90' lang='lat' dir='ltr'>amici·</span> 
     </span>
     <span class='ocr_line' id='line_1_14' title="bbox 313 1535 1665 1615; baseline 0.001 -19"><span class='ocrx_word' id='word_1_133' title='bbox 313 1540 384 1598; x_wconf 88' lang='lat' dir='ltr'>tiam</span> <span class='ocrx_word' id='word_1_134' title='bbox 408 1535 538 1598; x_wconf 85' lang='lat' dir='ltr'>colamus</span> <span class='ocrx_word' id='word_1_135' title='bbox 560 1537 719 1599; x_wconf 86' lang='lat' dir='ltr'>iite&#39;rariam</span> <span class='ocrx_word' id='word_1_136' title='bbox 742 1545 772 1598; x_wconf 91' lang='lat' dir='ltr'>et</span> <span class='ocrx_word' id='word_1_137' title='bbox 794 1536 875 1615; x_wconf 86' lang='lat' dir='ltr'>quod</span> <span class='ocrx_word' id='word_1_138' title='bbox 896 1538 1020 1615; x_wconf 89' lang='lat' dir='ltr'>quisque</span> <span class='ocrx_word' id='word_1_139' title='bbox 1036 1537 1182 1613; x_wconf 83' lang='lat' dir='ltr'>accepite</span> <span class='ocrx_word' id='word_1_140' title='bbox 1199 1535 1263 1596; x_wconf 86' lang='lat' dir='ltr'>Deo</span> <span class='ocrx_word' id='word_1_141' title='bbox 1281 1536 1432 1614; x_wconf 86' lang='lat' dir='ltr'>talentum,</span> <span class='ocrx_word' id='word_1_142' title='bbox 1455 1537 1486 1598; x_wconf 83' lang='lat' dir='ltr'>id</span> <span class='ocrx_word' id='word_1_143' title='bbox 1502 1537 1665 1598; x_wconf 80' lang='lat' dir='ltr'>inlaudata</span> 
     </span>
     <span class='ocr_line' id='line_1_15' title="bbox 314 1613 1662 1703; baseline 0 -17"><span class='ocrx_word' id='word_1_144' title='bbox 314 1625 452 1686; x_wconf 84' lang='lat' dir='ltr'>creatoris</span> <span class='ocrx_word' id='word_1_145' title='bbox 483 1626 571 1702; x_wconf 88' lang='lat' dir='ltr'>inqua</span> <span class='ocrx_word' id='word_1_146' title='bbox 601 1625 795 1687; x_wconf 82' lang='lat' dir='ltr'>eruditionem</span> <span class='ocrx_word' id='word_1_147' title='bbox 825 1625 951 1703; x_wconf 84' lang='lat' dir='ltr'>proximi</span> <span class='ocrx_word' id='word_1_148' title='bbox 985 1625 1058 1684; x_wconf 91' lang='lat' dir='ltr'>citra</span> <span class='ocrx_word' id='word_1_149' title='bbox 1088 1621 1329 1685; x_wconf 80' lang='lat' dir='ltr'>obtrectationem</span> <span class='ocrx_word' id='word_1_150' title='bbox 1361 1613 1483 1686; x_wconf 74' lang='lat' dir='ltr'>alterius</span> <span class='ocrx_word' id='word_1_151' title='bbox 1512 1621 1662 1702; x_wconf 66' lang='lat' dir='ltr'>conferat,</span> 
     </span>
     <span class='ocr_line' id='line_1_16' title="bbox 314 1706 1663 1791; baseline 0.001 -19"><span class='ocrx_word' id='word_1_152' title='bbox 314 1728 391 1790; x_wconf 87' lang='lat' dir='ltr'>qnae</span> <span class='ocrx_word' id='word_1_153' title='bbox 413 1727 483 1772; x_wconf 86' lang='lat' dir='ltr'>vero</span> <span class='ocrx_word' id='word_1_154' title='bbox 506 1713 579 1773; x_wconf 89' lang='lat' dir='ltr'>aiter</span> <span class='ocrx_word' id='word_1_155' title='bbox 601 1714 640 1774; x_wconf 90' lang='lat' dir='ltr'>ab</span> <span class='ocrx_word' id='word_1_156' title='bbox 663 1714 755 1774; x_wconf 88' lang='lat' dir='ltr'>altaro</span> <span class='ocrx_word' id='word_1_157' title='bbox 777 1713 852 1773; x_wconf 89' lang='lat' dir='ltr'>bene</span> <span class='ocrx_word' id='word_1_158' title='bbox 875 1715 984 1791; x_wconf 86' lang='lat' dir='ltr'>scripta</span> <span class='ocrx_word' id='word_1_159' title='bbox 1006 1707 1168 1783; x_wconf 81' lang='lat' dir='ltr'>offenderit,</span> <span class='ocrx_word' id='word_1_160' title='bbox 1191 1727 1228 1770; x_wconf 86' lang='lat' dir='ltr'>ca</span> <span class='ocrx_word' id='word_1_161' title='bbox 1248 1706 1286 1770; x_wconf 86' lang='lat' dir='ltr'>ab</span> <span class='ocrx_word' id='word_1_162' title='bbox 1307 1711 1358 1772; x_wconf 90' lang='lat' dir='ltr'>iiic</span> <span class='ocrx_word' id='word_1_163' title='bbox 1382 1731 1447 1787; x_wconf 88' lang='lat' dir='ltr'>eum</span> <span class='ocrx_word' id='word_1_164' title='bbox 1470 1718 1663 1775; x_wconf 84' lang='lat' dir='ltr'>veneratione</span> 
     </span>
     <span class='ocr_line' id='line_1_17' title="bbox 313 1791 1368 1880; baseline -0.002 -20"><span class='ocrx_word' id='word_1_165' title='bbox 313 1798 460 1878; x_wconf 78' lang='lat' dir='ltr'>largitoris</span> <span class='ocrx_word' id='word_1_166' title='bbox 482 1802 601 1880; x_wconf 90' lang='lat' dir='ltr'>spiritns</span> <span class='ocrx_word' id='word_1_167' title='bbox 625 1791 722 1862; x_wconf 82' lang='lat' dir='ltr'>auimo</span> <span class='ocrx_word' id='word_1_168' title='bbox 744 1808 829 1878; x_wconf 78' lang='lat' dir='ltr'>grato</span> <span class='ocrx_word' id='word_1_169' title='bbox 851 1806 984 1879; x_wconf 83' lang='lat' dir='ltr'>acceptet</span> <span class='ocrx_word' id='word_1_170' title='bbox 1005 1808 1094 1876; x_wconf 89' lang='lat' dir='ltr'>atque</span> <span class='ocrx_word' id='word_1_171' title='bbox 1117 1797 1239 1858; x_wconf 81' lang='lat' dir='ltr'>fruatur.</span> <span class='ocrx_word' id='word_1_172' title='bbox 1284 1797 1368 1862; x_wconf 76' lang='lat' dir='ltr'>Vale.</span> 
     </span>
     <span class='ocr_line' id='line_1_18' title="bbox 776 1885 1205 1966; baseline -0.007 -18"><span class='ocrx_word' id='word_1_173' title='bbox 776 1886 840 1948; x_wconf 84' lang='lat' dir='ltr'>Gal.</span> <span class='ocrx_word' id='word_1_174' title='bbox 864 1885 991 1966; x_wconf 81' lang='lat' dir='ltr'>Augusti</span> <span class='ocrx_word' id='word_1_175' title='bbox 1017 1886 1085 1946; x_wconf 90' lang='lat' dir='ltr'>anni</span> <span class='ocrx_word' id='word_1_176' title='bbox 1111 1885 1205 1945; x_wconf 79' lang='lat'><strong>1621.</strong></span> 
     </span>
    </p>
   </div>
   <div class='ocr_carea' id='block_1_6' title="bbox 886 2075 1085 2142">
    <p class='ocr_par' dir='ltr' id='par_1_6' title="bbox 886 2075 1085 2142">
     <span class='ocr_line' id='line_1_19' title="bbox 886 2075 1085 2142; baseline -0.015 -2"><span class='ocrx_word' id='word_1_177' title='bbox 886 2075 1085 2142; x_wconf 73' lang='lat' dir='ltr'><strong>FINIS.</strong></span> 
     </span>
    </p>
   </div>
   <div class='ocr_carea' id='block_1_7' title="bbox 0 0 1840 5526">
    <p class='ocr_par' dir='ltr' id='par_1_7' title="bbox 0 0 1840 5526">
     <span class='ocr_line' id='line_1_20' title="bbox 0 0 1840 5526; baseline 0 0"><span class='ocrx_word' id='word_1_178' title='bbox 0 0 1840 5526; x_wconf 95' lang='lat' dir='ltr'> </span> 
     </span>
    </p>
   </div>
  </div>
 </body>
</html>
