3668 5526
292 338 355 402 ean
575 287 579 296 ¹
791 337 825 394 n
841 317 1130 394 4444144444
1174 385 1181 398 ,

356 511 400 579 44)
412 527 475 576 pag.
494 515 553 564 4414.
574 511 742 564 ¹iiluddius
760 515 796 575 (in
814 515 942 574 Discursu)
960 519 1089 578 comparat
1105 527 1236 566 numerum
1259 521 1285 564 at
1302 517 1406 564 iormam
1432 515 1587 566 schematum
1608 513 1637 562 in

290 599 365 649 opera
380 597 425 633 sno
444 598 498 634 cum
516 583 605 634 lisdem
622 584 724 646 Kepieri
741 591 766 634 et
784 585 869 634 addito
892 591 997 649 quorum
1020 584 1123 649 quidem
1147 584 1271 634 nonnulla
1294 584 1353 634 licet
1378 585 1477 636 decoris
1492 585 1573 645 gratia
1590 583 1638 632 de-

289 658 436 718 scribentur,
456 656 487 704 ad
505 669 556 704 ram
572 661 657 703 44444
675 656 755 715 maffia
772 660 857 704 exacte
875 656 1001 718 pertinent
1012 659 1044 714 Ι44
1060 656 1158 704 meliori
1175 655 1293 705 methodo
1311 657 1349 705 lbl
1366 655 1539 718 explicantur,
1559 666 1639 718 qnam

288 733 317 774 ut
339 726 428 790 eliqua
449 725 820 774 4444444444444444444414
843 725 875 773 444
898 726 1005 784 41444444
1031 724 1158 773 dedecoris
1175 727 1301 786 specimen
1325 727 1412 774 afferre
1430 729 1516 790 queat
1553 723 1640 784 Quare

288 797 362 844 verba
380 809 447 847 mere
464 801 523 844 aunt
539 795 601 844 haec
619 796 727 846 auctoris
746 801 770 845 et
788 796 873 858 potius
890 795 1001 844 invidiae
1017 795 1133 856 stigmate
1157 809 1187 844 ac
1205 797 1322 854 14444444
1338 797 1453 862 4444444,
1472 808 1548 860 quern
1565 800 1593 841 ut
1612 807 1640 842 re

288 857 347 917 rer'e
369 863 467 929 aliquid
484 865 661 928 importantiae
679 877 762 913 eccum
786 867 873 914 ierunt.
910 865 939 912 In
962 879 1035 926 opero
1059 879 1129 929 meo,
1154 866 1267 929 quamvis
1285 868 1396 927 picturae
1417 865 1537 928 plurimae
1555 865 1639 912 intro-

289 935 426 1001 duxerim„
441 941 478 985 sat
497 935 594 1000 liquido
614 939 694 984 temen
713 935 839 998 percipere
858 939 939 998 potest
956 935 1049 999 lector,
1073 935 1129 984 illes
1147 949 1234 984 omnes
1258 936 1288 985 ad
1308 936 1506 998 propositionum
1525 948 1639 982 444444

289 1005 509 1055 demonstrationes
532 1005 604 1054 raldo
622 1019 674 1054 osse
692 1006 842 1054 necessarias
867 1009 892 1055 et
913 1005 1075 1054 nullomodo
1100 1005 1259 1058 omittendas.
1296 1005 1370 1068 Quod
1393 1019 1450 1072 vero
1475 1003 1508 1053 ad
1527 1006 1638 1066 picturas

289 1076 316 1124 lu
336 1077 451 1138 operibus
476 1077 538 1124 mols
555 1075 666 1138 physicis
692 1080 801 1138 reportes
825 1077 928 1138 ettiuot,
958 1079 1038 1123 certus
1060 1088 1127 1135 snm,
1153 1089 1195 1123 aas
1219 1089 1287 1124 more
1305 1077 1407 1138 physion
1430 1075 1556 1124 ordinates
1574 1087 1637 1124 etse.

293 1145 356 1194 Nam
376 1151 404 1194 ut
420 1139 541 1209 Kaplerus
559 1145 591 1192 ed
608 1159 740 1208 corporum
758 1157 857 1192 auorum
876 1144 1066 1194 elucidationem
1083 1146 1290 1208 quamplurimas
1308 1147 1438 1208 plenarum
1451 1146 1638 1207 superficierum

290 1215 511 1264 demonstrationes
529 1216 673 1278 delineavit,
691 1229 721 1264 ex
740 1216 832 1278 quibua
850 1227 955 1277 ourpnro
967 1216 1082 1278 componi
1101 1214 1199 1278 debeat,
1219 1217 1258 1264 alc
1268 1217 1341 1264 etiem
1355 1229 1400 1277 ego
1418 1215 1452 1264 ad
1464 1215 1569 1275 subiecti
1586 1214 1639 1262 mel

288 1285 754 1348 explanationem,demonstrationibus
777 1285 888 1346 physicis
910 1289 936 1333 et
953 1296 1004 1334 nou
1023 1285 1204 1334 mathematicis
1226 1299 1280 1334 eum
1298 1299 1367 1334 urus.
1403 1286 1519 1350 4444444
1545 1290 1636 1333 notam

289 1355 391 1416 dignum
409 1361 456 1421 eat,
484 1357 566 1420 quod·
583 1356 630 1404 hoc
652 1356 679 1406 lu
697 1357 753 1405 looo
779 1359 866 1404 auctor
888 1369 915 1404 aa
933 1356 1015 1418 ipsum
1041 1354 1183 1404 collaudare
1200 1357 1320 1419 gaudeat,
1345 1369 1401 1406 eum
1425 1355 1473 1405 hoc
1489 1353 1591 1420 quidem
1607 1355 1637 1402 in

261 1457 262 1460 =
289 1427 506 1493 neapoteponta,
525 1439 600 1492 quam
618 1427 644 1474 lu
662 1427 718 1487 ipso
736 1425 856 1488 44444444
875 1430 940 1474 eeaet
957 1425 1094 1477 decentius.
1120 1455 1121 1460 =

375 1530 418 1597 43)
436 1546 493 1594 444.
513 1530 572 1580 soe,
609 1530 766 1580 Fluddius
784 1531 818 1590 (14
837 1529 1031 1593 Replicationeir
1056 1527 1102 1582 Oui
1128 1545 1186 1591 ego:
1212 1544 1251 1579 me
1274 1545 1304 1580 ex
1330 1531 1383 1580 sola
1409 1517 1568 1580 monochordi
1587 1531 1639 1579 mei

290 1600 496 1664 contemplatione
521 1602 578 1664 plus
595 1601 751 1650 hermoulces
767 1600 881 1649 internae
899 1602 1024 1666 44444444,
1049 1601 1112 1649 44444
1131 1601 1223 1649 44444
1245 1607 1271 1649 at
1287 1601 1489 1650 mundiaulmee
1506 1604 1572 1649 recte
1591 1613 1639 1662 ep·

289 1672 415 1736 plicando,
432 1683 506 1736 posse
523 1670 664 1734 legtntibus
681 1671 805 1732 explicere
822 1675 848 1719 et
864 1670 952 1719 dooere
970 1671 996 1718 lu
1014 1671 1089 1720 unlus
1107 1670 1158 1719 disi
1175 1673 1269 1738 spatio,
1291 1684 1367 1737 quam
1384 1669 1494 1719 loannes
1510 1671 1538 1718 in
1555 1668 1639 1731 pluri·

289 1745 338 1792 bue
353 1743 497 1792 inventione
512 1755 567 1790 444.
604 1741 654 1791 Sed
672 1740 752 1798 rideo,
770 1741 893 1789 loannem
910 1746 1022 1789 autnon
1040 1741 1129 1802 legisse
1147 1739 1232 1806 ilb'ros,
1251 1747 1295 1789 ent
1312 1755 1341 1789 ea
1353 1743 1477 1802 accepisse
1494 1751 1540 1802 pro
1552 1740 1639 1800 44444·

289 1814 404 1877 metibus,
423 1825 486 1877 quae
502 1811 612 1861 intuenti
628 1815 687 1859 eunt
703 1809 776 1859 talde
794 1811 867 1859 clare.
903 1810 969 1859 Beue
989 1812 1115 1872 cognitum
1139 1815 1164 1858 et
1182 1815 1310 1874 expertum
1328 1815 1379 1876 sat,
1404 1811 1472 1876 quod
1491 1809 1565 1858 multi
1582 1807 1640 1858 sola

289 1883 409 1931 librorum
427 1895 538 1931 ursorum
557 1883 651 1931 lecture
668 1882 705 1929 ite
722 1881 748 1929 in
766 1881 829 1929 mels
846 1881 965 1944 operibus
983 1880 1050 1931 docti
1068 1881 1204 1948 trecenae,
1225 1887 1254 1930 ut
1266 1881 1359 1930 λ144444
1377 1893 1446 1930 meae
1464 1879 1640 1944 philosophiae

289 1953 489 2004 ebucduetsrlut
505 1961 551 2002 ete

374 2065 419 2131 44)
438 2082 494 2131 pag.
512 2070 572 2118 eil.
606 2065 764 2116 Finddina
782 2061 819 2129 414
837 2065 981 2122 Discurenit
1008 2063 1128 2114 Hominis
1145 2063 1248 2130 quidem
1265 2078 1365 2116 eeusum
1386 2065 1434 2116 hoo
1451 2065 1478 2112 iu
1496 2063 1552 2114 loco
1569 2063 1638 2112 haud

233 2199 237 2206 .
287 2139 368 2202 cepio,
385 2140 436 2188 imo
455 2151 513 2188 reso
530 2140 613 2201 ipeuur
631 2141 738 2188 444444
756 2139 836 2192 meam
854 2135 917 2184 4414
935 2139 1011 2199 atqua
1029 2134 1103 2184 modo
1122 2135 1261 2200 44444444,
1279 2149 1311 2184 ac
1328 2149 1372 2196 444
1391 2134 1494 2199 putati,
1512 2134 1640 2195 eccepieea

288 2207 369 2258 video.
405 2209 713 2271 41144444444444444
731 2206 850 2266 mysteria
867 2206 998 2254 enucleare
1015 2205 1096 2266 gestio
1115 2209 1141 2252 ct
1158 2205 1281 2254 occultum
1303 2205 1378 2256 modo
1396 2205 1510 2254 naturali
1527 2203 1639 2264 revelare

288 2279 419 2338 contendo,
437 2275 483 2343 (44)
501 2278 638 2328 tenebrosis
656 2291 738 2326 rerum
755 2276 940 2334 aenigmatibus
952 2287 1003 2324 non
1015 2275 1135 2324 oblectari
1153 2274 1210 2324 ideo
1225 2274 1552 2344 44444444444444444,
1571 2287 1639 2337 quae

289 2349 333 2398 dlu
351 2349 440 2404 abdita
457 2348 635 2410 1444444444
653 2343 923 2414 mundomaniieatare
941 2349 1029 2408 sponte
1048 2359 1103 2394 eum
1120 2357 1258 2406 4444444444.
1294 2343 1376 2406 Quare
1397 2344 1475 2393 nimia
1493 2344 1640 2394 coelestium

258 2438 263 2456 ·
288 2421 496 2481 contomplatione
519 2417 618 2481 raptum
637 2423 763 2466 auctorem
781 2413 900 2476 delirare,
922 2420 965 2464 aut
983 2415 1067 2478 potine
1086 2428 1141 2462 cum
1160 2415 1256 2464 ratione
1274 2415 1362 2479 aliqua
1384 2415 1509 2476 44444444,
1533 2413 1637 2462 conclu-

291 2488 399 2538 dendum
418 2495 464 2553 esi,
482 2495 582 2552 propter
599 2487 744 2545 instabilem
763 2486 890 2546 opinionis
908 2486 982 2534 iatine
1001 2485 1196 2547 conceptionem.
1209 2511 1244 2522 -
1261 2483 1320 2532 444
1338 2490 1412 2532 444444
1430 2483 1547 2545 44444414
1558 2481 1639 2532 Find-

289 2559 346 2608 dlua
364 2561 472 2621 primurn
489 2559 650 2623 Germanum,
670 2556 858 2617 „doctissimum
875 2560 902 2605 et
918 2556 944 2604 iu
958 2569 1038 2604 rerum
1051 2555 1204 2604 naturalium
1217 2555 1371 2616 inspectione
1383 2555 1438 2617 ipso
1450 2559 1553 2604 auctora
1565 2553 1640 2614 longe

287 2629 498 2694 profundiorem“,
523 2628 613 2678 deinde
632 2627 733 2677 Gallum
750 2625 875 2691 quendam
894 2629 920 2674 et
937 2624 1013 2673 allum
1032 2625 1140 2688 deniqne
1158 2624 1293 2673 Doctorum
1311 2623 1473 2688 Germanum,
1500 2625 1548 2690 qul
1564 2637 1638 2685 pree·

288 2699 372 2746 dicerit
388 2700 468 2762 ipsius
487 2699 681 2761 speculationes;
706 2700 731 2744 et
753 2700 879 2758 comparet
897 2709 938 2762 44,
963 2708 1028 2756 quae
1050 2697 1103 2757 ipsa
1127 2694 1320 2760 excogitaverit,
1344 2709 1399 2743 cnm
1421 2693 1495 2743 dictis
1513 2699 1637 2742 veterum:

288 2767 411 2818 Hermatis
429 2768 597 2834 Triamegistl,
616 2767 757 2818 Solomonia
776 2769 822 2816 444.

376 2871 418 2938 th)
437 2887 493 2936 pap.
512 2875 571 2926 444.
606 2870 765 2922 Fluddina
783 2871 819 2929 (ln
836 2871 1030 2936 Replicatiouei:
1048 2869 1115 2920 Usus
1134 2884 1189 2920 sum
1206 2871 1345 2933 4444444414
1357 2871 1420 2920 4414
1432 2868 1639 2930 44444144444144

288 2943 397 2994 concedo
416 2957 455 2994 me
474 2943 576 3010 4144444,
593 2943 715 3004 templum
731 2955 813 2990 meum
831 2941 956 2990 musicum
973 2941 1098 2990 44441444
1123 2941 1187 3001 sigui
1210 2941 1397 3002 hieroglyphici.
1433 2939 1563 3001 Templum
1582 2937 1640 2988 dico

288 3015 411 3063 musicum
429 3015 483 3063 sina
501 3013 613 3062 clavibus
631 3017 656 3061 et
673 3009 767 3060 uotnlla
784 3013 810 3060 in
829 3011 884 3074 ipso
904 3012 1026 3074 expressis
1044 3015 1108 3060 esset
1126 3011 1208 3070 14444
1227 3011 1426 3072 hieroglyphice,
1443 3011 1503 3060 l..e.
1523 3010 1638 3074 obscure,

282 3089 316 3135 at
343 3075 513 3146 expressia'in
538 3096 567 3132 eo
586 3083 699 3131 claribus
725 3086 750 3129 et
772 3075 867 3129 notulis
893 3080 925 3127 eb
951 3081 1009 3128 aliis
1033 3081 1211 3140 systematlbus
1234 3095 1284 3128 nou
1302 3080 1393 3130 dliiert.
1429 3079 1498 3141 Quid
1522 3078 1640 3126 differunt

287 3155 409 3215 imagines
426 3157 485 3202 tuae
501 3147 692 3202 mathematicae
709 3150 826 3199 inlibris
843 3151 894 3198 tuis
912 3150 1052 3211 explicatae
1070 3163 1084 3197 e
1102 3150 1195 3198 talibus
1212 3149 1420 3215 hieroglyphice,
1444 3149 1467 3200 si
1486 3161 1536 3196 non
1555 3152 1638 3196 444444

217 3269 221 3276 .
288 3225 369 3272 literis
389 3229 413 3273 44
431 3224 530 3286 scriptis
549 3217 750 3270 demonstratae?
783 3221 860 3269 Porro
878 3220 900 3268 si
918 3223 989 3267 tuum
1005 3219 1167 3269 Prodromum
1185 3220 1289 3282 inspicit
1305 3220 1395 3280 lector,
1413 3221 1450 3268 ibi
1467 3221 1578 3282 picturas
1595 3219 1638 3264 iu·

289 3295 373 3343 reniet
389 3307 468 3342 novas
486 3297 511 3342 et
528 3290 723 3353 hieroglyphicls
742 3291 926 3340 characteribus
938 3289 1018 3350 magis
1030 3290 1193 3356 propinquas,
1212 3295 1287 3354 quam
1299 3287 1360 3338 illae
1371 3301 1449 3338 meae.
1485 3289 1637 3349 4444444444

290 3368 314 3412 44
331 3366 408 3414 rerba
425 3365 597 3426 4444144444.
615 3369 679 3423 quaa
697 3361 775 3410 dicis.
793 3365 818 3409 et
835 3373 879 3421 per
897 3371 1067 3420 consequens,
1084 3373 1149 3425 quae
1167 3365 1206 3407 tot
1223 3359 1298 3407 lineis
1316 3361 1449 3421 scripsisti,
1468 3361 1543 3407 unico
1561 3359 1638 3406 rarbo

261 3479 265 3488 ,
289 3439 347 3482 4444
363 3435 513 3494 negligenda
526 3439 550 3481 et
559 3427 706 3492 4441414444.
742 3431 819 3479 Porro
832 3432 852 3478 si
866 3431 1006 3491 sapientum
1019 3431 1156 3478 sententias
1168 3429 1337 3493 produxerim,
1355 3431 1406 3478 don
1424 3435 1508 3477 tamen
1519 3430 1567 3476 hue
1579 3429 1636 3490 teci,

289 3509 318 3552 ut
334 3519 373 3553 me
391 3506 473 3566 ipsum
492 3515 635 3553 excusarem
660 3515 706 3564 pro
725 3499 824 3563 scriptis
842 3500 903 3548 mela
920 3500 1105 3561 aenigmaticis,
1121 3499 1174 3549 'aad
1197 3505 1282 3548 444444
1297 3499 1370 3548 mam
1392 3500 1568 3562 assertionem,
1594 3497 1638 3559 444

288 3575 432 3637 parabolica
450 3575 544 3636 scripta
562 3577 587 3621 et
604 3573 747 3632 aeulgmeta
764 3569 931 3620 condemnare
943 3569 1081 3621 'videbaris

377 3675 420 3742 eii)
439 3691 495 3739 444·
515 3678 584 3740 444,
610 3673 763 3730 llluddius
782 3673 873 3740 liridi:
893 3675 1099 3725 Aestimationem
1115 3687 1195 3734 meam
1212 3675 1238 3721 iu
1253 3678 1297 3722 tua
1308 3677 1432 3736 potestate
1450 3673 1638 3735 4141444444

289 3761 342 3798 ease
360 3753 401 3796 sat
419 3749 479 3811 scio,
510 3754 560 3812 qno
579 3751 624 3795 ant
641 3735 767 3807 elegantia
785 3750 830 3794 tna
847 3750 892 3794 aut
909 3743 1161 3804 demonstrationibus
1178 3743 1363 3797 mathematicis
1380 3744 1429 3808 ipal
1448 3755 1536 3800 nocere
1553 3757 1637 3803 queas

290 3817 354 3868 licea
372 3817 507 3866 4444444444
524 3817 551 3866 14
571 3817 698 3878 palaestra
716 3816 890 3878 philosophica
907 3813 941 3865 ad
959 3815 1099 3879 quamlibet
1116 3822 1166 3862 ete
1179 3815 1290 3864 oblatam
1307 3813 1424 3875 iniuriam
1444 3813 1637 3876 propulsandam

289 3892 415 3949 peratum,
443 3888 489 3936 ubl
506 3901 545 3936 me
564 3899 614 3936 uon
631 3888 763 3936 verborum
786 3891 884 3933 tuorum
901 3889 968 3932 motu
985 3886 1128 3948 turbatum,
1152 3884 1196 3932 sed
1214 3885 1327 3933 44444444
1346 3882 1433 3946 clypeo
1458 3889 1483 3930 et
1501 3883 1636 3932 44444414-

288 3958 356 4018 gouii
374 3955 477 4019 spiculis
495 3961 620 4005 armatum
637 3957 758 4006 iuvenies.
796 3955 903 4004 'lautum
922 3956 947 4002 in
966 3959 991 4004 44
1003 3955 1102 4004 virtutis
1114 3954 1300 4017 philosophicae
1316 3954 1362 4002 ubi
1373 3955 1506 4019 quaeram?
1543 3951 1638 4003 Videbo

289 4027 407 4092 queudoi
444 4027 511 4076 Deus
530 4029 610 4092 hone,
636 4025 723 4091 qualia
745 4029 804 4074 suut
827 4026 876 4074 tete
897 4025 974 4074 rerba
988 4026 1124 4087 iactantia,
1148 4025 1244 4074 homiui
1261 4029 1347 4074 444444
1363 4025 1445 4074 samaa
1469 4029 1494 4072 44
1511 4022 1638 4074 dominae

288 4098 502 4151 inconvenientia!

376 4198 420 4260 44)
439 4213 494 4262 444.
513 4200 573 4250 444.
609 4195 878 4265 14]444444(44414.)4
906 4199 982 4261 Ecce,
1010 4199 1046 4246 mi
1063 4197 1184 4264 loannes,
1211 4210 1252 4245 me
1269 4197 1403 4246 Rooarmm
1427 4201 1499 4245 tuum
1515 4201 1639 4260 paratum,

289 4277 319 4321 nt
337 4271 399 4338 quid
417 4271 448 4319 da
466 4271 506 4330 hia
523 4269 666 4318 hermoniae
684 4274 742 4318 tuae
760 4268 930 4318 fundamentis
948 4271 1049 4333 4444444,
1067 4267 1116 4316 tibi
1134 4267 1216 4316 verbis
1231 4269 1365 4317 succinctis
1383 4268 1485 4316 comiter
1503 4265 1639 4315 ostendam.

174 4367 182 4388 4
289 4341 324 4392 114
344 4343 407 4390 mihi
425 4340 532 4404 videtur,
551 4353 582 4388 ex
600 4340 669 4388 hisce
687 4340 855 4388 fundamentis
873 4340 1033 4404 quaestiones
1052 4342 1077 4385 et
1089 4338 1164 4386 dubie
1176 4337 1316 4386 multifaria
1333 4351 1383 4386 uon
1396 4337 1471 4385 iaclle
1484 4335 1641 4385 dissolvenda

288 4413 414 4473 oriuntur,
432 4411 562 4459 4144114444
583 4408 608 4474 4)
626 4421 660 4458 an
677 4409 762 4458 anima
780 4411 813 4458 sit
830 4422 886 4470 para
904 4411 1027 4457 naturaei
1044 4401 1071 4470 i)
1090 4409 1129 4455 hu
1148 4409 1174 4454 in
1190 4409 1274 4455 anima
1292 4408 1403 4456 reluceat
1414 4404 1539 4455 circulus?
1557 4405 1584 4471 4)
1602 4407 1639 4452 hu

291 4495 321 4530 ex
342 4481 474 4540 divisione,
493 4493 559 4545 quae
577 4481 606 4528 144
622 4481 649 4528 44
667 4481 746 4542 ipsine
760 4480 859 4527 animae
878 4481 991 4540 essentia,
1011 4477 1195 4526 constituantur
1211 4478 1311 4525 termini
1329 4477 1516 4526 harmoniarum
1531 4473 1641 4524 intellec·

292 4553 398 4600 4444444
421 4551 447 4598 44
466 4556 549 4599 mente
567 4546 673 4601 divinei
701 4551 726 4614 4)
745 4551 785 4598 Α4
804 4549 905 4598 auditus
929 4549 962 4596 sit
983 4561 1040 4610 pers
1058 4551 1161 4595 naturae
1185 4551 1340 4611 testaturque
1364 4547 1394 4596 de
1416 4548 1485 4596 sonia
1508 4557 1642 4610 eorumque

292 4621 478 4686 qualitatibus,
505 4633 569 4684 quae
587 4633 675 4670 sensus
693 4620 831 4669 communis
849 4619 1032 4681 repraesentati
1061 4614 1086 4679 4)
1104 4617 1130 4666 sl
1148 4617 1302 4666 inveniretur
1318 4619 1446 4684 proportio
1469 4617 1496 4664 iu
1514 4616 1643 4664 1444414444

296 4691 327 4738 ab
346 4691 443 4752 origiue
460 4689 582 4754 relucens,
601 4702 634 4739 an
653 4691 709 4739 4441
727 4693 874 4738 censeantur
891 4688 1027 4736 harmonici
1045 4692 1070 4734 at
1086 4692 1169 4735 utrum
1187 4688 1220 4735 eb
1237 4687 1269 4736 ils
1288 4687 1419 4742 delectatio
1439 4688 1532 4735 4414444
1552 4686 1643 4734 uecuet

296 4759 321 4822 4)
341 4761 379 4808 414
399 4773 457 4822 pera
475 4764 577 4808 staturae
596 4749 676 4809 reruin
695 4759 896 4821 intelligibilium
913 4759 946 4806 sit
963 4755 1128 4820 triangrrium,
1153 4770 1212 4818 pars
1235 4756 1450 4824 quadrangulum,
1474 4763 1500 4805 et
1516 4755 1645 4821 quodlibet

294 4827 440 4891 4144444444
458 4829 579 4878 circulum
596 4829 623 4879 lu
641 4835 733 4898 partos,
751 4843 818 4896 quae
835 4833 893 4879 suut
910 4828 1052 4894 quantitate
1069 4839 1114 4878 eeu
1130 4827 1288 4889 longitudine
1304 4839 1351 4879 tue
1366 4827 1468 4878 44444141
1479 4826 1646 4892 proportionis
