3564 5540
630 347 878 452 Demonstratione.
912 393 994 452 Liber
1010 393 1033 452 1.
1073 471 1075 476 ι
1463 399 1503 462 93

239 573 368 652 Propter
388 575 465 636 hunc
488 576 818 636 concursumseotionis
841 575 1072 652 proportionalis
1101 581 1132 636 et
1157 574 1293 635 sectionis
1322 576 1445 634 miscuis
1472 577 1503 636 in

153 679 210 722 sua
234 657 382 725 elementa
404 662 490 724 credo
524 663 618 724 indita
639 663 729 724 inisse
751 663 797 722 luis
819 664 973 742 speciebus
995 665 1113 724 nomina
1136 664 1311 740 qualitativa
1332 665 1453 746 miconis
1477 671 1506 724 et

153 751 309 812 classonis.
872 757 873 762 ’

242 835 412 902 cavendum
436 845 535 900 autem
561 837 609 899 hio
638 844 684 898 est
705 835 871 914 diligenter,
901 854 938 897 ue
969 837 1135 899 discrimina
1156 855 1249 898 rerum
1272 831 1501 915 confundamus,

154 928 247 988 sectio
270 926 496 1006 proportionalis
527 935 572 987 est
600 923 737 987 absoluta
758 927 923 1002 proportio,
955 942 1014 986 non
1041 926 1162 1004 alligata
1189 925 1226 987 ad
1256 945 1343 986 uuam
1374 928 1503 1003 aliquam

153 1014 279 1090 lineam,
303 1018 331 1074 in
354 1017 457 1075 notitia
478 1017 626 1092 primam,
642 1031 717 1092 quae
739 1016 890 1090 proposita
913 1015 1037 1074 effabilis
1061 1014 1179 1074 dicitur:
1203 1017 1315 1090 species
1338 1032 1407 1074 vero
1431 1018 1504 1074 istae

152 1105 279 1171 miconis
301 1112 331 1165 et
354 1102 497 1164 elassouis
525 1110 594 1163 sunt
621 1097 763 1180 figuratae
793 1097 878 1161 certis
900 1102 1040 1179 gradibus
1063 1103 1249 1163 discessionis
1277 1120 1349 1163 suae
1372 1105 1505 1180 aprima

153 1193 309 1268 proposita
331 1189 448 1252 effabili.
493 1190 598 1269 Itaque
625 1192 721 1254 sectio,
746 1187 847 1249 diviua
868 1190 1051 1268 progreditur
1073 1193 1103 1250 in
1124 1191 1285 1265 infinitum,
1319 1197 1351 1250 at
1372 1207 1430 1250 non
1454 1208 1504 1251 se·

155 1280 255 1355 quitur
278 1297 343 1338 eam
365 1279 481 1340 affectio
504 1280 627 1341 mironis
651 1286 680 1339 et
702 1277 859 1338 classonis:
891 1279 919 1335 in
943 1278 996 1337 illa
1019 1273 1181 1361 (sectione)
1204 1295 1284 1355 pars,
1318 1296 1394 1355 quae
1416 1278 1503 1340 modo

153 1367 251 1442 major
275 1375 347 1441 erat,
369 1369 503 1444 proximo
527 1366 620 1444 gradu
641 1366 675 1425 tit
695 1367 806 1439 minor,
839 1367 869 1422 iu
890 1365 946 1426 hac
969 1365 1084 1428 elasson
1108 1367 1250 1444 qualitate
1273 1382 1328 1427 sua
1356 1384 1506 1443 nunquam

152 1454 297 1532 nulloque
323 1463 459 1532 respectu
481 1454 514 1514 tit
535 1456 652 1528 mizon,
684 1444 738 1514 nec
760 1455 857 1512 mizon
880 1452 1006 1514 classen.
1051 1454 1155 1530 Itaque
1177 1457 1204 1513 si
1227 1451 1287 1514 ΘΧ
1309 1457 1404 1513 mizon
1428 1454 1506 1526 divi-

154 1540 243 1601 datur
264 1559 377 1609 rursum
404 1542 674 1620 proportionaliter,
704 1559 772 1618 pars
803 1540 866 1617 ejus
888 1542 983 1618 major
1014 1543 1068 1602 erit
1090 1541 1222 1619 aequalis
1249 1543 1306 1618 ipsi
1328 1541 1382 1602 PG
1411 1557 1504 1619 eoque

155 1628 272 1690 elasson
295 1630 427 1692 manebit
450 1630 642 1708 qualitative,
665 1646 860 1706 nequaquam·
875 1647 946 1690 vero
969 1631 1064 1689 mizon
1080 1629 1224 1707 qualitate
1245 1629 1304 1704 fiet,
1328 1637 1360 1688 ut
1382 1629 1415 1690 tit
1436 1648 1504 1708 pars

153 1718 251 1794 major
272 1721 452 1796 quantitate,
476 1717 616 1794 quamdiu
639 1718 757 1793 quidem
780 1716 836 1776 ΘΑ
860 1723 904 1778 est
926 1717 1051 1778 effabilis
1072 1721 1233 1795 proposita.

245 1804 378 1882 Quaeris,
401 1809 427 1866 si
450 1809 546 1866 mizon
562 1807 600 1864 sit
612 1803 701 1864 ΡΘΧ
723 1804 876 1880 qualitate,
897 1807 994 1865 miuon
1018 1807 1107 1866 etiam
1122 1804 1184 1866 ΘΧ
1206 1805 1357 1882 qualitate,
1382 1821 1432 1866 our
1446 1821 1504 1864 non

155 1895 247 1954 etiam
268 1896 361 1971 ipsius
377 1891 437 1954 ΘΧ
460 1894 636 1955 elementum
657 1893 752 1969 majus
774 1895 869 1969 possit
891 1911 955 1954 esse
977 1891 1078 1971 aliqua
1091 1895 1197 1968 mizon,
1221 1895 1296 1954 sicut
1310 1895 1402 1970 ipsius
1416 1891 1504 1953 PGX
1600 1925 1603 1932 ·

153 1983 279 2042 miscuis
300 1983 397 2058 maJus
417 1982 595 2043 elementum
616 1989 679 2043 erat
701 1979 776 2054 ΘΧ,
812 1982 909 2040 miron
939 1989 969 2040 et
998 1981 1085 2057 ipsa‘t
1129 1980 1221 2057 Quia
1237 1983 1292 2040 etsi
1314 1989 1437 2057 utraque
1461 1991 1506 2042 est

156 2073 269 2146 mizon,
292 2077 353 2130 tarn
372 2068 464 2130 ΡΘΧ
487 2088 574 2147 quam
598 2067 673 2145 ΘΧ,
702 2069 761 2128 alia
776 2075 874 2127 tamen
889 2068 960 2142 illic,
985 2068 1103 2128 aliahic
1125 2077 1169 2128 est
1191 2070 1335 2129 formatio.
1379 2069 1454 2128 Nam
1475 2072 1506 2128 in

158 2158 342 2234 quadratum
357 2157 444 2217 ΡΘΧ
476 2161 557 2218 venit
579 2157 753 2235 quadratum
768 2155 826 2218 PX
843 2151 943 2229 to'tum,
967 2155 1168 2233 rectangulum
1191 2156 1245 2217 sub
1270 2155 1376 2234 duplici
1401 2155 1456 2217 ΘΑ
1479 2166 1508 2217 et

156 2247 214 2306 sub
237 2244 295 2304 PX
318 2253 422 2308 totum.
460 2247 501 2305 At
522 2237 551 2304 in
576 2245 749 2321 quadratum
762 2242 822 2303 ΘΧ
845 2242 1005 2322 ingreditur
1028 2243 1064 2304 de
1080 2244 1222 2320 quadrato
1246 2244 1362 2320 quidem
1377 2243 1435 2303 ΡΧ
1459 2243 1506 2302 di·

155 2325 294 2409 midiu'm,
325 2351 365 2395 so.
390 2333 470 2411 quod
492 2335 546 2394 sub
570 2333 644 2410 ΜΧ,
668 2332 735 2407 ΧΡ,
760 2331 796 2392 de
817 2331 987 2407 rectangulo
1010 2349 1080 2392 vero
1103 2332 1158 2393 sub
1183 2331 1291 2410 duplici
1314 2331 1369 2392 ΘΑ
1399 2341 1428 2392 et
1450 2333 1505 2392 sub

155 2419 217 2480 ΡΧ
239 2439 307 2499 pars
329 2421 513 2486 solummodo
540 2429 659 2499 quarta,
690 2439 731 2481 sc.
755 2418 834 2497 quod
855 2420 911 2480 sub
928 2417 995 2492 ,AM
1018 2427 1047 2480 et
1069 2421 1124 2480 sub
1146 2418 1214 2480 ΡΧ.
1260 2419 1327 2480 Alia
1349 2421 1438 2497 igitur
1458 2420 1506 2481 hio

156 2517 205 2570 est
225 2511 374 2586 proportio
397 2513 470 2574 mesi
493 2509 532 2569 ad
556 2509 685 2582 effabile,
717 2509 777 2569 alia
799 2507 868 2568 illic.
912 2507 1019 2568 Nostra
1047 2525 1127 2569 vero·
1146 2510 1309 2595 propositio
1333 2524 1504 2584 concursum

157 2597 239 2657 hunc
260 2599 398 2658 sectionis
422 2599 540 2658 divinae
563 2607 592 2658 st
613 2597 804 2675 qualitativas
829 2596 1048 2673 compositionis
1069 2597 1099 2654 in
1121 2592 1254 2673 partibus
1283 2596 1379 2658 lineae
1401 2594 1504 2656 iisdem

156 2684 195 2746 de
217 2687 314 2762 priora
337 2684 543 2747 solum‘PGX
566 2687 689 2763 ejusque
719 2687 837 2762 propria
863 2687 1052 2762 proportione
1084 2686 1157 2746 mesi
1178 2683 1218 2744 ad
1241 2683 1356 2746 affabile
1380 2681 1502 2746 demon·

157 2782 251 2834 strare
273 2774 382 2850 nititur,
403 2789 468 2835 non⁴
485 2773 585 2834 itidem
608 2773 644 2834 de
666 2774 829 2850 posteriori.

245 2861 325 2922 Nota
345 2879 416 2922 uero
439 2869 468 2923 et
489 2861 546 2923 hoc
567 2859 606 2923 ad
627 2861 834 2938 perfectionem
849 2857 1013 2937 analogiae,
1036 2859 1115 2937 quod
1130 2862 1206 2920 sieut
1221 2857 1281 2920 ΘΧ
1303 2861 1399 2920 miton
1422 2878 1505 2923 com·

155 2949 306 3026 positione
319 2951 514 3030 proportionis
530 2950 648 3009 divinae
661 2949 695 3008 tit
707 2949 802 3025 major
815 2947 916 3024 aliqua
930 2950 1034 3022 mizon,
1057 2966 1097 3008 se.
1113 2947 1209 3024 PGX,
1227 2947 1328 3008 addita
1343 2948 1406 3025 PG,
1430 2965 1506 3027 quae

159 3043 209 3096 est
232 3039 324 3114 ipsius
338 3035 398 3098 ΘΧ
421 3056 490 3115 pars
503 3038 597 3114 major
619 3038 649 3095 in
670 3039 800 3097 sectione
822 3035 937 3096 diviua:
961 3037 1003 3096 sic
1026 3039 1210 3112 econtrario,
1233 3034 1288 3096 ΡΘ
1310 3035 1425 3097 elasson
1448 3038 1506 3098 hu·

151 3125 206 3202 jus
229 3127 354 3202 speciei,
377 3128 507 3186 sectione
529 3125 726 3203 proportionis
749 3123 882 3200 divinae,
906 3123 957 3184 dat
975 3123 1032 3182 ΡΥ
1054 3126 1195 3184 minorem
1217 3121 1346 3201 aliquani
1369 3126 1506 3186 slassona

155 3229 190 3272 se
213 3213 287 3289 ipsa,
311 3231 353 3274 ac.
375 3214 466 3291 ipsius
489 3212 543 3273 ΡΘ
566 3221 663 3274 sectae
686 3220 799 3290 partem
821 3212 976 3288 majorem,
1000 3209 1049 3271 vel
1070 3213 1163 3289 ipsius
1187 3211 1248 3272 ΘΧ
1270 3219 1371 3273 sectae
1393 3219 1506 3290 partem
1530 3223 1533 3228 '

156 3301 299 3360 minorem
323 3299 395 3360 GV:
426 3309 461 3362 ut
482 3303 558 3362 sicut
584 3303 711 3378 maxima
732 3299 821 3361 ΡΘΧ
850 3299 930 3361 cadit
959 3317 1011 3376 per
1037 3302 1196 3360 sectionem
1227 3300 1357 3360 divinam
1387 3303 1416 3360 iu
1444 3299 1507 3361 ΧΘ

156 3389 275 3448 mizona
297 3396 327 3449 et
349 3388 402 3449 GP
426 3390 570 3466 classone,
594 3391 636 3450 sic
658 3381 787 3449 s'ecuuda
808 3389 905 3448 mizon
928 3385 989 3447 ΘΧ
1012 3384 1099 3447 cadat
1121 3388 1247 3448 induas
1271 3389 1421 3450 classonas
1434 3389 1506 3465 XV,

158 3473 226 3548 ΡΘ,
250 3476 391 3554 aequales
414 3494 454 3539 sc.
479 3481 550 3556 ipsis
574 3475 641 3553 GP,
672 3476 738 3552 ΡΥ,
769 3483 858 3554 atque
881 3477 924 3535 ita
946 3476 1023 3535 duae
1045 3474 1195 3536 classones
1220 3485 1396 3555 componant
1417 3495 1505 3539 uuam

157 3565 286 3640 misena,
311 3568 408 3626 mizon
430 3584 500 3628 vero
523 3571 554 3627 et
570 3557 692 3626 'alassou
715 3564 808 3636 aliam¹
826 3564 967 3641 majorem
989 3565 1115 3624 misona.
1376 3555 1379 3564 Α

245 3666 354 3742 XXX.
377 3668 501 3748 Propo
508 3655 616 3752 sitio.
662 3669 778 3732 Classes
801 3670 957 3748 figuramm
980 3667 1111 3746 singulas
1133 3669 1242 3748 singuli
1263 3669 1374 3732 iaciunt
1395 3669 1507 3732 numeri

157 3753 284 3818 latemm
306 3759 401 3834 primi,
425 3766 454 3819 et
476 3765 646 3837 reputantur
669 3760 698 3817 in
722 3758 841 3836 classes,
865 3775 941 3837 quae
957 3757 1067 3818 habent
1088 3775 1241 3823 numerum
1262 3760 1388 3821 laterum
1410 3761 1505 3820 conti-

156 3861 216 3905 nuo
239 3843 360 3922 duplum
382 3849 494 3908 numeri
516 3851 562 3908 sui
584 3849 678 3926 primi.
1072 3875 1079 3885 ¹

247 3943 377 4013 Sequitur
392 3944 444 4000 hoc
462 3961 496 4001 ex
515 3945 595 4002 defin.
614 3947 648 4004 Χ.
666 3948 756 4018 hujus.
781 3947 861 4003 ,Nam
880 3946 903 4002 si
921 3946 1039 4003 omnium
1056 3946 1213 4018 figurarum,
1233 3963 1303 4018 quae
1321 3962 1449 4003 numeros
1466 3947 1503 4002 la-

153 4030 245 4080 terum
263 4021 365 4079 habent
382 4022 461 4079 onius
481 4025 595 4093 alicuius
615 4027 741 4097 continue
759 4025 871 4098 duplos,
899 4026 993 4082 eadem
1017 4031 1060 4082 ast
1085 4025 1173 4082 torma
1190 4027 1428 4090 demonstrationis
1446 4043 1507 4098 pro-

154 4102 250 4172 priae:
278 4103 397 4158 omnium
423 4103 505 4172 igitur
528 4103 642 4176 illarum¹
659 4107 753 4162 eadem
776 4115 818 4163 est
838 4106 934 4164 classis
958 4121 1042 4179 causa
1058 4105 1306 4162 demonstrationis.
1341 4107 1402 4162 Non
1419 4111 1508 4163 mutat

155 4183 259 4252 quippe
276 4181 389 4238 biseotio
405 4197 493 4252 genus
510 4183 553 4238 sel
571 4184 693 4256 classem,
713 4187 849 4244 associata
868 4201 961 4241 earam
979 4183 1105 4254 singulis,
1133 4193 1246 4255 proptor
1263 4192 1291 4242 et
1308 4183 1507 4256 simplicitatem

155 4268 186 4316 et
202 4261 395 4330 aequalitatem
413 4264 532 4334 partium
546 4264 672 4334 junctim:
692 4280 726 4322 ex
744 4265 859 4335 singulis
876 4265 949 4322 enin
966 4263 1064 4334 prioris
1081 4265 1184 4333 figurae
1196 4265 1313 4321 acubus
1330 4257 1398 4322 iacit
1414 4273 1507 4336 partes

153 4337 236 4397 binas
254 4347 360 4396 tantum
378 4357 478 4412 easque
496 4342 635 4412 aequales.
670 4344 707 4401 At
724 4347 879 4414 triseotione
903 4351 951 4403 aut
973 4344 1169 4414 quiniseotione
1194 4352 1243 4400 aut
1260 4342 1434 4415 sequentibus
1453 4365 1507 4405 non

154 4417 279 4492 effugies,
298 4422 364 4491 quin
382 4429 430 4478 aut
447 4422 605 4492 inaequales
626 4423 752 4496 designes
766 4431 867 4495 partes,
887 4425 910 4481 si
928 4424 1008 4480 binae
1026 4429 1132 4478 tantum
1153 4437 1214 4480 esse
1232 4423 1358 4496 debeant,
1376 4432 1424 4482 aut
1440 4428 1506 4484 mul-

151 4507 208 4570 tas,
225 4501 255 4556 id
273 4508 316 4558 est
332 4502 426 4572 plures
445 4502 558 4573 duabus,
578 4509 603 4558 st
621 4503 757 4578 aequales.
793 4503 830 4561 Ut
848 4505 876 4558 in
893 4504 1051 4569 trisectione
1068 4515 1146 4560 arcus
1165 4504 1181 4558 3
1198 4505 1242 4560 'vel
1268 4511 1375 4562 secatur
1391 4505 1419 4562 in
1437 4507 1462 4576 2,
1483 4510 1506 4578 1,

154 4577 235 4636 binas
255 4587 283 4650 et
299 4581 463 4649 inaequales,
482 4580 525 4660 pel
541 4583 570 4637 in
589 4584 612 4654 1,
632 4583 656 4654 1,
675 4585 689 4637 1
710 4581 846 4652 aequales,
865 4582 913 4639 sed
931 4582 1038 4638 multas.

245 4659 417 4716 antecedens
435 4674 498 4717 sero
517 4661 556 4717 sio
573 4660 711 4733 probatur.
747 4661 950 4720 Demonstratio
968 4661 1106 4729 petitura
1128 4675 1240 4717 numero
1267 4659 1383 4719 laterum
1404 4679 1454 4734 per
1471 4659 1505 4718 X.

155 4733 247 4808 hujus.
282 4739 345 4796 Jam
363 4739 443 4809 primi
459 4741 565 4796 numeri
582 4758 637 4797 non
656 4739 854 4796 communicant
872 4737 962 4807 aliqua
984 4745 1062 4807 parte
1080 4755 1231 4810 numerosa,
1249 4759 1311 4797 nam
1329 4743 1433 4813 unitas,
1452 4758 1506 4811 qua

156 4821 370 4889 communicant,
396 4817 553 4877 divisionem
571 4837 626 4877 non
643 4817 803 4888 admittens,
822 4833 878 4872 non
895 4823 938 4872 est
955 4831 1018 4885 pars
1036 4833 1180 4876 numerosa
1197 4819 1239 4875 sel
1256 4837 1392 4878 numerus.
1428 4819 1502 4889 Ergo

156 4899 236 4956 etiarn
256 4900 500 4961 demonstrationes
518 4915 568 4970 per
586 4916 634 4960 eos
651 4899 742 4958 actae
759 4899 814 4958 non
833 4897 1031 4958 communicant
1052 4899 1123 4957 inter
1146 4915 1184 4957 se.
1222 4902 1329 4960 Classes
1351 4901 1434 4974 igitur
1451 4901 1506 4959 sin-
1568 4898 1575 4910 '
