3676 5536
752 295 836 354 5555
852 295 897 352 55.
917 296 1007 366 capue
1022 297 1070 354 55
1316 253 1324 260 ’
1527 306 1589 368 247
1703 381 1708 404 ι

236 475 394 549 residuum,
417 482 530 554 septem
554 483 678 536 octavae
701 483 730 534 et
751 477 881 552 quinque
904 482 1040 550 octavae,
1064 484 1225 538 consonent
1247 485 1306 538 tam
1331 495 1397 538 eum
1420 484 1499 560 tote,
1521 497 1591 556 par·

238 565 309 622 tium
331 571 407 637 octo,
432 582 520 641 quarn
543 565 632 624 etiarn
654 579 719 622 cum
741 564 874 640 partibus
897 566 1038 638 rescissis,
1065 567 1081 622 1
1107 582 1173 624 cnm
1199 568 1212 622 l
1240 573 1269 624 et
1293 567 1310 624 5
1335 583 1400 624 cum
1424 567 1452 625 3.
1499 567 1592 643 Atqui

238 651 468 711 demonstrativa
499 651 702 711 determinatio
730 653 821 727 partis
849 655 863 712 1
897 657 927 710 et
953 653 1122 728 5555515553
1150 668 1209 710 non
1242 652 1292 712 555
1322 653 1437 712 illarum
1467 653 1591 716 residuis

195 753 203 774 ·
240 741 310 798 'tet
333 739 368 812 5,
396 749 430 797 ut
451 741 510 798 sint
532 747 562 798 et
584 741 669 814 ipsae
692 755 855 811 consonae,
886 755 953 797 nam
978 741 996 798 5
1019 737 1138 814 quidem
1165 747 1379 814 5555555555,
1411 744 1522 800 'ivero
1546 750 1592 803 est

238 825 366 885 dissona.
414 827 519 902 Itaque
542 829 633 886 sectio
656 828 747 884 totius
772 827 789 883 8
814 829 843 883 in
868 825 886 884 5
910 834 940 885 ct
963 827 981 885 3
1006 835 1050 885 est
1072 825 1251 900 harmonica,
1277 829 1305 886 iu
1328 832 1344 887 'i
1370 835 1400 887 et
1425 832 1439 886 l
1464 846 1523 888 non
1547 839 1592 890 555

239 914 416 974 harmonica.
463 911 548 974 Unde
578 915 667 988 igitur
693 913 784 972 55555
814 912 962 972 residuum
987 915 1005 973 5
1035 931 1118 973 suam
1142 918 1363 974 consonantiam
1386 933 1451 976 cum
1475 923 1537 976 tota
1561 919 1590 992 8,

238 999 385 1062 residuum
410 1005 426 1060 1
451 1019 536 1062 susm
567 999 680 1061 551115
710 1000 946 1061 dissonantiam?
991 1000 1134 1060 Nimirum
1158 1002 1241 1075 1555,
1271 1003 1341 1078 5515
1370 1003 1494 1064 51555155
1517 1003 1589 1068 iud

238 1088 350 1148 divisas
381 1088 471 1148 habet
498 1089 668 1148 5555555155
689 1085 812 1164 Ι555555
841 1091 967 1164 quintis,
1003 1087 1277 1164 demonstrativam,
1310 1089 1387 1152 unde
1417 1097 1476 1162 555,
1510 1091 1590 1167 5555

238 1176 348 1236 chorda
370 1177 400 1234 iu
424 1179 555 1252 5515555
577 1175 674 1234 515155
697 1169 746 1256 (55
768 1176 816 1234 515
837 1193 906 1252 pers
927 1178 1080 1252 proposita
1107 1176 1143 1237 de
1169 1175 1279 1242 chorda
1303 1173 1338 1258 8)
1361 1185 1503 1236 consonat
1525 1195 1592 1238 cum

238 1271 328 1341 parte,
353 1280 429 1339 5555
453 1271 497 1322 555
521 1267 539 1321 t
562 1265 713 1340 portiones
735 1263 842 1338 longa;
860 1280 956 1338 55555
979 1265 1068 1322 etiarn
1092 1279 1157 1324 cum
1180 1267 1200 1322 4
1224 1271 1253 1324 55
1278 1266 1310 1336 8,
1334 1282 1410 1342 quse
1433 1272 1502 1324 sunt
1523 1267 1591 1338 ’5555

163 1389 167 1398 ·
239 1357 256 1410 2
281 1353 310 1408 in
333 1353 522 1427 proportione
546 1353 682 1411 continue
706 1349 804 1427 dupla.
850 1350 958 1409 Contra
975 1352 1101 1410 circulus
1124 1355 1188 1410 int
1213 1351 1326 1414 divisus
1347 1351 1590 1412 555155155555-

241 1441 307 1498 dam
331 1441 418 1498 55155
441 1441 583 1516 septimae
607 1440 747 1516 portionis
771 1437 1048 1511 demonstrativam,
1077 1457 1166 1514 quare
1189 1439 1338 1498 residuum
1360 1438 1433 1499 11155
1455 1437 1590 1520 chordae,

237 1525 489 1604 5555555511,
520 1525 713 1586 5155555555
740 1527 753 1584 1
779 1531 809 1584 et
831 1527 875 1585 sic
897 1528 985 1584 etiam
1008 1544 1027 1584 a
1050 1529 1083 1599 t,
1115 1531 1152 1604 t,
1179 1527 1207 1586 8.
1254 1526 1330 1586 Ecce
1353 1535 1386 1586 ut
1407 1527 1591 1600 555515555-

237 1616 352 1674 monica
378 1615 470 1672 totius
502 1615 574 1671 8in
598 1615 635 1684 3,
669 1613 687 1671 5
720 1629 808 1688 uuam
838 1621 951 1672 tantum
983 1617 1205 1673 consonantiam
1231 1613 1340 1673 haheat
1370 1631 1405 1675 ex
1436 1621 1591 1690 octogono,

239 1701 361 1761 alteram
390 1718 460 1760 vero
492 1717 527 1760 ex
554 1710 738 1777 pentagono,
770 1702 839 1775 5515
871 1709 900 1759 55
929 1702 1043 1759 tertiam
1073 1701 1164 1761 55555
1194 1719 1228 1760 55
1259 1701 1318 1760 5115
1347 1700 1456 1776 ligura,
1486 1718 1527 1762 55.
1557 1721 1593 1764 55

239 1787 398 1866 55555555.
443 1787 508 1846 1155
533 1785 707 1848 consonaret
730 1788 805 1846 enirn
829 1805 897 1862 pars
921 1789 939 1846 3
964 1804 1028 1846 enm
1052 1789 1213 1861 55515555,
1237 1791 1294 1846 nisi
1309 1795 1483 1848 consonaret
1504 1797 1593 1851 antea

239 1894 304 1936 cnm
328 1876 392 1952 ejus
415 1873 504 1951 duplo
532 1877 587 1945 ru;
618 1874 706 1950 idque
730 1875 812 1948 ideo,
842 1877 912 1949 5515
936 1875 1044 1934 5155515
1072 1877 1101 1932 15
1128 1877 1166 1936 10
1190 1875 1303 1948 515155,
1336 1877 1476 1935 55555555
1498 1877 1591 1938 tribus

240 1963 359 2023 decimis
388 1971 433 2020 555
461 1961 701 2024 demonstrativa.
754 1961 838 2021 Haec
867 1979 936 2021 vero
973 1961 1121 2040 copulatio
1150 1963 1277 2040 plurium
1310 1963 1467 2039 figurarum
1494 1961 1592 2026 locum

238 2069 296 2109 non
321 2051 411 2110 55555
434 2049 595 2111 imeireulo
618 2050 741 2125 ejusque
763 2050 905 2126 partibus.
951 2049 1026 2108 Nam
1052 2051 1079 2116 si
1100 2051 1192 2128 primo
1216 2053 1364 2126 scripseris
1394 2051 1423 2107 15
1447 2057 1510 2110 5555
1533 2055 1591 2110 515-

238 2138 305 2198 5515
328 2136 517 2212 oetengulnm
539 2138 682 2213 regulare,
705 2139 812 2212 posito,
836 2135 915 2212 5555
937 2140 1033 2212 possis
1056 2154 1165 2209 areum,
1195 2139 1245 2213 qui
1268 2137 1357 2198 hahet
1380 2145 1437 2197 tres
1460 2145 1591 2214 octavas,

240 2224 371 2285 dividere
401 2228 432 2281 15
457 2227 586 2301 55155555
617 2231 798 2300 (quanquam
830 2223 1011 2300 impossibile
1043 2233 1101 2296 555,
1136 2233 1168 2282 55
1198 2223 1228 2282 15
1258 2225 1309 2287 555
1340 2224 1593 2304 demonstrative),

238 2321 315 2372 certe
338 2311 590 2388 quinquangulum
613 2311 656 2370 illi
681 2312 797 2370 inscribi
820 2311 857 2370 55
881 2312 1042 2370 divisiones
1064 2311 1157 2371 iactas
1179 2328 1238 2371 non
1260 2314 1383 2387 poterit,
1407 2312 1491 2372 55555
1512 2315 1590 2372 enim

238 2409 267 2462 55
290 2399 575 2476 irregularissimum,
606 2407 636 2460 55
657 2401 756 2474 potius
779 2398 988 2474 sexangulum,
1019 2415 1085 2457 cum
1107 2415 1197 2458 55555
1215 2399 1324 2458 555555
1355 2399 1429 2458 5555
1452 2402 1591 2461 terminos

213 2491 216 2495 ’
237 2495 305 2548 ante
328 2489 381 2548 sui.
398 2485 581 2564 divisionem.
627 2486 700 2545 Cum
724 2502 793 2562 ergo
818 2489 920 2561 ingens
932 2488 972 2543 sit
986 2485 1143 2544 diversitas
1157 2485 1347 2556 residuorum,
1372 2485 1440 2545 hinc
1455 2486 1590 2562 chordae,

238 2575 305 2634 inde
328 2574 438 2646 circuli,
461 2581 552 2650 patet,
577 2573 655 2650 quod
678 2575 734 2632 nisi
757 2591 775 2632 5
798 2573 906 2632 5155515
929 2572 1149 2649 progrediemur
1171 2575 1258 2632 etiam
1281 2572 1449 2633 adiissem
1472 2583 1590 2650 rectam,

238 2660 346 2722 residui
370 2664 444 2721 ratio
468 2661 568 2721 haberi
592 2660 673 2721 nulla
695 2664 798 2737 possit
843 2661 934 2735 Atqui
958 2667 1095 2736 aspectus
1118 2667 1163 2720 est
1185 2661 1326 2734 angulus,
1349 2660 1433 2737 cujus
1454 2679 1590 2724 55555555

236 2768 294 2810 555
319 2757 364 2810 555
385 2749 487 2824 511555
508 2757 596 2822 recte,
620 2747 694 2808 555
695 2765 779 2808 55555
795 2748 905 2820 5155511,
929 2764 964 2806 55
987 2764 1144 2808 concursus
1166 2748 1313 2808 radiorum
1328 2756 1437 2824 punctu
1461 2748 1591 2827 descrip-

240 2847 305 2912 tus3
328 2855 386 2896 nun
411 2839 529 2896 metitur
551 2853 619 2912 ergo
643 2835 769 2897 circulus
792 2843 953 2912 aspectum,
975 2852 1033 2894 non
1057 2835 1163 2894 1555555
1179 2853 1254 2910 eurn,
1278 2852 1336 2894 nun
1352 2835 1499 2896 efficacem
1521 2837 1590 2898 555-

237 2926 279 2985 (115
301 2929 413 2984 5551555
436 2923 559 2996 residui,
589 2923 641 2983 sed
663 2930 776 2982 tantum
798 2925 911 2984 ratione
940 2939 1025 2982 arcus
1054 2923 1093 2982 eb
1116 2931 1236 2998 aspectu
1263 2925 1427 2999 intercepti
1472 2924 1504 2984 Si
1527 2942 1586 2984 555

239 3015 353 3072 5551555
376 3011 493 3083 residui,
517 3028 575 3070 555
600 3013 687 3088 igitur
709 3012 821 3070 ratione
843 3011 981 3069 sectionis
1003 3010 1190 3070 harmonicae
1213 3010 1354 3084 chordae,
1378 3027 1413 3070 ex
1437 3008 1489 3070 1115
1510 3011 1590 3070 5151-

237 3103 319 3160 51555
343 3099 563 3170 circationes,
596 3100 666 3174 quia
688 3099 780 3158 555515
802 3098 971 3157 harmonica
999 3099 1062 3158 5155
1084 3098 1200 3158 5551555
1225 3098 1337 3156 5555151
1359 3114 1417 3156 555
1440 3099 1588 3175 potestff)

238 3189 275 3246 115
298 3189 340 3246 515
361 3187 548 3263 profligatum
570 3193 615 3244 est
637 3188 754 3246 axioma
777 3185 858 3259 illud,
882 3184 961 3260 quod
984 3187 1186 3267 proportiones
1201 3185 1387 3245 harmonicae
1407 3193 1509 3244 cantus
1531 3188 1590 3249 5155

240 3287 412 3350 aspectuum
435 3290 550 3332 causae.
596 3273 657 3332 Nec
679 3274 829 3349 sequitur:
855 3272 1012 3348 respondet
1034 3273 1167 3331 trioctilis
1190 3289 1242 3334 seu
1266 3273 1443 3346 5555555555
1465 3276 1588 3340 55551551

240 3363 434 3434 harmonicae,
458 3377 535 3435 5555
558 3361 653 3435 gignit
674 3363 788 3420 tertiam
800 3359 927 3432 mollem,
951 3367 981 3418 55
1003 3367 1048 3420 555
1070 3359 1189 3432 efficax,
1213 3377 1282 3435 ergo
1306 3360 1370 3434 ejus
1393 3359 1524 3420 51555515
1545 3369 1591 3422 555

242 3469 261 3509 5
284 3451 412 3510 55551555
435 3447 605 3508 harmonica
628 3449 737 3521 circuli,
762 3447 893 3506 5555115.
938 3445 997 3505 Sed
1020 3439 1076 3504 555
1097 3464 1198 3506 verum
1222 3455 1274 3518 est,
1298 3463 1454 3520 55555555,
1479 3455 1526 3506 55
1533 3447 1589 3508 55-

236 3539 308 3610 5555
330 3535 537 3614 prolegomena
559 3534 645 3608 dicta,
668 3538 879 3612 aequationem
901 3550 960 3592 esse
981 3534 1150 3592 harmoniis
1172 3551 1249 3594 eum
1263 3533 1437 3623 aspectibus,
1461 3535 1589 3594 suadem

194 3691 200 3700 ¹
238 3627 359 3700 utrique
387 3626 491 3700 555551
519 3626 668 3698 usqissai
689 3642 726 3682 55
745 3623 853 3698 piperis
880 3621 1046 3694 nobilibus,
1078 3621 1190 3680 5155515
1220 3611 1450 3696 155515515555,
1481 3619 1588 3695 idest,

238 3711 496 3772 demonstrativam
519 3710 706 3770 scibilitatem
730 3711 886 3768 subtensae
910 3711 995 3767 trium
1019 3713 1189 3768 octavarum
1212 3708 1311 3768 circuli
1342 3709 1416 3767 15555
1445 3707 1589 3768 elementa

238 3817 312 3870 5555,
336 3816 371 3857 55
395 3800 502 3875 551555
525 3806 554 3856 55
576 3797 744 3857 harmonica
766 3800 857 3857 555515
881 3798 909 3853 15
934 3797 1053 3868 musice,
1077 3801 1106 3853 et
1129 3802 1266 3872 aspectus
1290 3794 1422 3854 515555
1415 3795 1589 3874 inphysicis

239 3889 434 3948 constituitur.
480 3885 598 3960 Loquor
630 3892 728 3944 autem
758 3903 795 3944 ex
823 3883 994 3962 hypothesi,
1024 3883 1108 3958 quasi
1131 3881 1196 3942 sola
1218 3882 1360 3942 scibilites
1391 3880 1501 3959 figurae
1523 3884 1588 3942 sui·

238 3973 338 4034 ficeret
360 3972 397 4033 ad
421 3972 590 4046 efficaciam,
614 3975 691 4032 sicut
713 3970 880 4033 sufficirsd
902 3972 1064 4048 simplicem
1079 3973 1170 4048 partis
1187 3972 1406 4032 consonantiam
1430 3987 1495 4030 cum
1515 3977 1587 4030 toto.

237 4062 314 4121 Nam
344 4063 368 4119 si
398 4068 534 4120 accurate
565 4076 701 4134 agamus,
733 4061 822 4118 etiarn
851 4058 923 4117 11155
946 4058 1100 4118 discrimen
1134 4065 1195 4138 cst,
1226 4057 1305 4134 quod
1336 4058 1365 4114 15
1388 4059 1587 4118 consonantiis

238 4148 357 4226 quidem
385 4146 542 4224 plurimum
571 4145 652 4226 55155
682 4145 838 4218 5515111555,
870 4149 898 4202 15
923 4146 1090 4224 aspectibus
1118 4163 1189 4204 veru
1217 4145 1407 4218 congruentia
1428 4143 1586 4219 figurarum

236 4234 404 4316 praecellit,
438 4243 540 4311 estque
563 4233 763 4309 seruiquadrus
795 4242 824 4294 55
846 4234 1023 4310 5555555555
1051 4232 1154 4293 515555
1177 4251 1236 4291 555
1260 4239 1386 4306 tantum,
1417 4231 1587 4306 551515555

198 4351 202 4362 ·
238 4325 378 4400 octogoni
407 4331 436 4382 et
457 4322 560 4382 stellae
589 4320 706 4395 5515115,
738 4321 790 4380 555
821 4323 908 4380 etiam
938 4329 1017 4380 etm
988 4322 1131 4395 maxims,
1163 4323 1232 4442 quia
1261 4327 1423 4393 octogonus
1450 4326 1479 4378 st
1502 4319 1588 4382 stella

213 4413 306 4489 ejus
331 4417 398 4470 5555
422 4408 532 4488 figurae
556 4425 711 4516 congruae
1455 4439 1457 4446 a

317 4583 484 4632 modestes
470 4581 535 4622 5155
538 4581 614 4620 damen
617 4582 639 4620 5ο
661 4581 728 4622 etiarn
745 4581 781 4618 515
798 4578 856 4618 ratio
858 4577 980 4617 errnurrtabt
968 4578 1120 4626 5555555555
1110 4579 1177 4617 5555
1197 4579 1307 4626 5555155,
1331 4587 1394 4628 quem
1416 4580 1507 4619 metitur
1480 4589 1586 4621 ararem

239 4635 379 4678 semicirculo
394 4630 909 4684 5515,ο55515555555555555515555515155515,
933 4629 1337 4680 1155551515555551555555551555,
1356 4632 1441 4672 5511555
1455 4637 1584 4684 5555555555

239 4702 295 4742 quar
270 4699 335 4730 arar
324 4687 480 4730 ramsefflunru
510 4687 663 4728 555555155555
676 4687 699 4728 ln
714 4683 862 4725 555555551551
835 4684 983 4731 5555555555
986 4693 1028 4722 5.ι5
1055 4682 1113 4722 ase
1114 4683 1255 4724 55555155555
1268 4685 1290 4724 ln
1300 4685 1398 4724 constitu
1401 4685 1561 4727 tlonesectton
1564 4687 1584 4726 15

238 4744 281 4784 har
282 4742 390 4782 montosa.
418 4739 467 4780 tion
453 4741 550 4791 sigitur
564 4740 683 4784 cohaerent
696 4739 755 4780 inter
769 4747 795 4780 se
809 4736 880 4778 sectio
894 4733 989 4777 ehordu
1003 4733 1137 4785 5555555155,
1152 4746 1208 4786 qnae
1222 4735 1296 4780 residu
1284 4747 1311 4778 uo
1326 4737 1409 4790 utitur,
1424 4739 1448 4780 et
1461 4739 1533 4782 seatio
1546 4747 1583 4782 ao·

216 4823 219 4838 .
239 4795 300 4838 disat
314 4793 407 4842 amau,
421 4803 478 4844 5555
491 4793 628 4835 5555551555.
