3732 5528
326 326 389 386 tta
835 317 985 380 Ptolemaei
1001 319 1156 380 Harmonia

324 514 439 560 summa
470 499 629 562 mediarum
659 509 689 562 et
715 501 814 560 luflma
843 499 1067 578 disiunctarum,
1100 499 1295 578 positionibus
1324 501 1607 580 quadrangularlbus
1635 519 1670 562 ex

324 596 449 666 utroque
472 591 664 666 oppositionis
696 585 854 668 latereW),
870 597 920 676 ἱιιι
953 597 1021 648 sunt
1048 592 1077 648 ln
1100 589 1184 649 Luna
1207 591 1335 650 bisaciae
1366 593 1489 667 species,
1517 597 1547 650 et
1578 587 1668 648 altera

325 675 443 752 quidem
466 673 657 752 configuratio
680 677 717 735 ah
741 683 806 736 ortu
829 677 971 754 cujusque
986 675 1097 750 sideris,
1121 680 1201 737 etin
1228 677 1311 736 Luna
1334 681 1426 756 prima
1447 676 1569 755 quadra,
1592 693 1670 735 com-

325 771 443 841 paretur
465 762 650 823 tetraehordo
672 781 866 824 summarum:
898 769 968 841 quia
991 782 1103 824 rursum
1120 761 1149 846 V)
1176 783 1329 826 commune
1360 772 1406 827 est
1435 767 1569 840 utrinque
1591 765 1670 839 prin-

325 851 442 928 cipium,
467 849 527 910 illic
549 853 578 908 in
602 859 675 925 onu,
697 851 745 910 hic
767 854 796 909 in
821 855 1002 928 gravissimis
1024 854 1120 928 sonis3
1144 863 1174 923 at
1197 871 1272 928 quae
1296 853 1364 913 huic
1386 851 1516 913 succedit
1539 850 1671 928 conligu-

324 941 399 998 ratio
421 935 463 1020 (ln
486 935 570 997 Luna
592 940 670 1016 prior
691 939 781 1014 gibba
804 935 921 1018 iacies),
945 943 1151 1016 aequiparetur
1174 940 1358 1000 tetrachordo
1381 937 1550 1002 mediarum.
1594 935 1670 998 Rur-

324 1042 389 1086 sum
412 1033 510 1085 autem
533 1025 723 1102 configuratio
747 1026 814 1100 illa,
838 1044 913 1104 quae
937 1027 983 1087 vel
1008 1028 1046 1086 ab
1070 1029 1206 1106 opposita
1229 1029 1427 1107 apparitione,
1450 1030 1535 1087 utin
1558 1025 1671 1086 Venere

325 1121 355 1172 et
375 1111 537 1188 Mercurio,
565 1113 612 1172 vel
635 1113 673 1173 ab
697 1123 826 1174 exuema
848 1124 934 1175 nocte
965 1121 1100 1175 censetur
1129 1115 1224 1192 (utin
1255 1115 1347 1176 tribus
1370 1114 1490 1194 reliquis
1513 1132 1549 1175 ex
1572 1131 1671 1173 erran-

324 1197 433 1282 tibus),
463 1200 511 1260 vel
534 1219 553 1259 a
576 1197 748 1262 decussione
772 1201 866 1276 dicta,
897 1204 979 1262 utin
1003 1200 1102 1275 Luna,
1134 1219 1237 1280 nempe
1260 1205 1405 1280 posterior
1427 1203 1491 1279 ejus
1513 1202 1603 1280 gibba
1626 1200 1671 1259 ia·

324 1289 392 1362 eles,
416 1297 598 1366 comparetur
620 1287 805 1350 tetrachordo
831 1287 1055 1366 disjunctarum,
1088 1301 1163 1366 quae
1187 1289 1298 1350 iaciunt
1320 1291 1357 1352 ad
1386 1293 1509 1369 primam
1531 1288 1671 1368 quadram

324 1383 413 1451 atque
443 1374 657 1436 tetrachordum
691 1394 834 1436 summam
865 1379 1079 1456 oppositionem
1113 1377 1312 1438 diametrolem
1335 1388 1365 1440 et
1388 1379 1529 1454 diapason
1565 1377 1670 1436 identi-

323 1465 479 1538 'aonorump
510 1480 587 1538 quae
619 1480 687 1524 varo
710 1464 757 1524 his
787 1465 917 1526 succedit
941 1481 1033 1541 usqua
1061 1464 1099 1524 ad
1122 1464 1347 1526 occultationem
1369 1475 1399 1526 et
1428 1475 1494 1544 post
1515 1463 1672 1525 secundam

324 1549 475 1626 quadram,
499 1550 663 1627 applicetur
686 1551 870 1612 tetrachordo
893 1551 1105 1624 excellentium,
1130 1569 1205 1629 quae
1227 1569 1340 1613 rursum
1363 1554 1474 1612 iaciunt
1487 1551 1525 1612 ad
1547 1554 1671 1629 primam

323 1638 445 1714 gibbam
467 1639 572 1698 lactem
596 1646 624 1697 et
645 1639 860 1699 tetrachordum
875 1639 1035 1700 mediarum
1053 1643 1269 1718 oppositionem
1291 1640 1490 1700 diametralen
1512 1649 1542 1698 at
1564 1637 1670 1716 diapa-

322 1742 376 1784 son
399 1725 628 1786 identisonorum
645 1722 703 1807 Vl).
750 1726 787 1784 Et
807 1734 877 1786 sunt
899 1726 1016 1803 qnidam
1045 1726 1199 1786 intervella
1222 1729 1261 1788 ab
1284 1728 1531 1788 occultatioulbus
1553 1725 1592 1786 ad
1615 1741 1669 1801 ap·

324 1814 492 1890 petitiones,
516 1821 545 1872 et
566 1815 595 1872 iu
618 1814 663 1888 iis,
688 1816 738 1890 qui
762 1821 907 1875 exusmaa
923 1816 1017 1874 noctis
1040 1821 1120 1874 ortus
1143 1814 1263 1894 habeut,
1286 1815 1441 1876 intervalla
1464 1815 1671 1890 avespertinis

324 1899 437 1960 ortibus
469 1917 562 1976 usque
597 1899 635 1958 ad
666 1903 825 1961 matutinos
856 1903 1008 1962 occubitus
1023 1897 1077 1982 Vn)
1106 1901 1259 1978 (quamdiu
1283 1919 1323 1962 sc.
1348 1911 1537 1964 accensentur
1557 1903 1595 1961 lis
1618 1901 1671 1960 hae

323 1986 540 2068 apparitiones),
564 1991 593 2046 in
616 1987 699 2047 Luna
723 1995 801 2064 vero,
825 1988 964 2066 quamdiu
987 1989 1039 2049 illa
1061 1987 1148 2065 pleno
1172 1998 1294 2067 apparet
1316 1991 1385 2050 orbe
1401 1987 1484 2066 v¹¹1),
1510 1989 1603 2058 haec,
1626 1991 1672 2048 in·

323 2083 425 2152 quarn,
458 2084 526 2136 sunt
549 2093 637 2152 quam
660 2078 790 2155 proxime
806 2073 855 2159 ¹¹)
879 2079 982 2137 unciae
1009 2077 1124 2150 circuli,
1155 2077 1399 2154 quemadmodum
1428 2086 1457 2139 at
1488 2079 1586 2137 tonica
1610 2075 1669 2136 dis-

318 2163 504 2240 junctionum
535 2163 690 2224 intervalla
703 2161 743 2244 ¹).
789 2165 957 2226 Ceterorum
988 2182 1057 2224 vero
1090 2163 1308 2226 intervallorum
1341 2173 1483 2246 quatuor,
1515 2181 1565 2242 per
1596 2180 1670 2241 quae

323 2248 407 2328 durat
428 2245 577 2328 qiraelibet
599 2251 808 2329 configuratio,
835 2261 903 2313 sunt
927 2245 990 2333 2¹l,
1012 2269 1101 2328 quam
1130 2255 1259 2330 proxime
1282 2256 1445 2329 algnomm,
1479 2251 1672 2329 quemadmo-

323 2335 392 2398 dum
414 2338 506 2399 etiam
526 2339 678 2415 quodlibet
701 2357 737 2400 ex
759 2339 950 2400 tetrachordis
974 2346 1020 2399 est
1043 2335 1105 2423 ils,
1130 2343 1260 2418 proxime
1282 2348 1416 2402 tonorum
1432 2337 1486 2420 ¹¹).
1516 2339 1672 2400 Praeterea

322 2427 351 2484 iu
375 2425 460 2486 Luna
487 2426 598 2503 figurae
632 2428 719 2486 hines
751 2429 878 2487 invicem
909 2428 1063 2504 oppositae
1095 2425 1182 2486 simul
1212 2435 1326 2488 sumtae
1349 2427 1471 2505 implent
1492 2426 1670 2486 soliditatem

321 2513 409 2574 uulua
432 2515 562 2592 integrae
585 2516 788 2590 apparentiae,
824 2514 1068 2590 quemadmodum
1100 2523 1131 2574 et
1159 2517 1225 2573 sonl
1247 2513 1390 2593 diapason
1413 2515 1557 2574 distantes
1581 2530 1670 2572 uuum

322 2602 474 2678 quippiam
497 2602 627 2662 alliciunt
649 2609 766 2680 propter
788 2601 1008 2662 similitudinem
1030 2604 1235 2679 perceptionis.
1264 2601 1347 2678 Quae
1369 2605 1459 2679 igitur
1481 2601 1672 2662 communiter

321 2691 415 2767 aptari
437 2697 569 2766 possunt,
593 2688 659 2747 hinc
684 2687 853 2749 differentiis
868 2703 963 2748 rerum
978 2687 1016 2748 ad
1031 2697 1147 2749 cantum
1171 2691 1382 2768 pertinentium,
1406 2691 1474 2750 inde
1497 2689 1673 2750 coelestibus

320 2775 466 2850 motibus,
501 2793 536 2836 ex
569 2775 648 2836 hisce
671 2775 931 2836 assimilationibus
960 2777 1019 2836 lere
1042 2776 1166 2853 intelligi
1189 2776 1290 2853 datur3
1320 2785 1426 2852 restat,
1458 2786 1491 2836 ut
1522 2773 1672 2837 etiamad

321 2862 501 2940 singulorum
525 2862 787 2923 considerationem
810 2872 992 2925 transeamus
1012 2859 1086 2946 ΧΠ),
1117 2863 1282 2942 probabilia
1314 2865 1474 2927 consectati
1495 2882 1548 2944 per
1570 2865 1672 2926 obser·

320 2953 469 3010 rationem
492 2967 592 3015 eorum
615 2949 703 3030 (quae
726 2952 803 3011 lacta
826 2960 902 3026 sunt,
926 2950 990 3033 scu)
1013 2969 1089 3028 quae
1111 2951 1184 3011 liunt
1201 2949 1280 3026 ¹¹¹¹).

406 3059 480 3114 Nota
497 3059 517 3112 l.
552 3058 652 3114 Mirum
668 3059 696 3114 in
714 3060 757 3114 his
775 3059 923 3116 Ptolemaei
941 3060 1095 3131 ingenium,
1124 3061 1170 3130 qui
1196 3062 1278 3118 etiam
1303 3067 1421 3131 systema
1439 3060 1593 3130 perlectum
1612 3077 1671 3117 cum

320 3139 378 3194 suis
396 3139 468 3194 tonis
487 3137 656 3202 disjunctivis
676 3147 704 3193 et
721 3140 903 3196 tenachordis
923 3140 1011 3210 potuit
1036 3139 1173 3209 applicare
1201 3137 1301 3194 circulo
1329 3140 1529 3208 apparitionum
1548 3155 1583 3194 ex
1603 3139 1672 3196 Solis

320 3215 411 3272 radiis.
448 3217 500 3272 Est
517 3216 609 3286 aliqua
628 3220 824 3288 convenientia,
843 3220 943 3288 fateor,
972 3220 1021 3276 sed
1042 3217 1158 3274 ridicula
1183 3226 1210 3272 et
1228 3219 1393 3277 destructiva
1410 3218 1546 3288 legitimae
1565 3235 1670 3288 eompa-

320 3296 440 3352 ratiuuis.
460 3295 537 3352 Sicut
554 3297 625 3352 enim
644 3297 743 3352 accidit
760 3297 902 3367 systemati
919 3299 1050 3367 perfeeto,
1069 3303 1100 3350 ut
1117 3295 1145 3350 id
1157 3295 1293 3350 dividatur
1310 3295 1337 3350 in
1355 3295 1531 3353 tetrachorda
1547 3305 1577 3353 et
1594 3306 1671 3353 tonos

320 3374 510 3444 disjunctivae,
539 3377 582 3430 rel
600 3377 665 3444 qnia
682 3377 796 3446 primum
814 3378 1025 3432 instrumentum
1042 3376 1173 3432 musicum
1190 3377 1208 3430 l
1226 3376 1343 3431 chordas
1361 3373 1472 3445 habuit,
1499 3393 1560 3432 cum
1579 3381 1672 3448 posset

319 3458 347 3527 5,
366 3454 407 3512 ral
427 3455 491 3524 quia
510 3454 679 3512 diatessaron
697 3471 715 3510 a
731 3448 887 3525 Pythagora
906 3473 956 3526 pro
974 3456 1083 3511 minima
1102 3455 1339 3510 consonantiarum
1358 3455 1411 3509 luit
1427 3454 1534 3522 hahita,
1562 3471 1623 3510 cnm
1642 3469 1670 3508 re

319 3554 382 3596 vera
399 3537 497 3595 tertiae
515 3537 569 3592 sint
587 3542 615 3590 et
641 3535 717 3605 ipsae
743 3536 939 3606 consonantiae
965 3535 1136 3603 minoresque
1164 3533 1218 3588 rint
1240 3533 1300 3603 ipsa
1317 3533 1503 3588 diatessaron:
1532 3533 1572 3588 sic
1591 3532 1672 3588 etiam

286 3665 288 3672 ι
318 3617 502 3689 apparitiones
521 3613 771 3682 occultationesque
789 3613 909 3670 siderum
928 3616 979 3670 sub
999 3613 1069 3670 Solis
1097 3612 1188 3668 radios
1207 3627 1281 3666 mera
1299 3620 1363 3668 sunt
1380 3611 1531 3667 accidentia
1548 3619 1669 3668 motuum

317 3696 476 3754 coelestium
494 3694 576 3763 idque
595 3701 699 3750 tantum
717 3701 844 3763 respectu
861 3695 1009 3762 hominum,
1027 3692 1074 3762 qui
1092 3689 1126 3746 dc
1146 3690 1215 3747 coeli
1233 3693 1354 3748 essentia
1370 3707 1425 3746 nnn
1444 3698 1521 3760 aaut,
1539 3691 1594 3745 imo
1613 3695 1669 3744 tau·

318 3784 376 3833 tum
393 3780 520 3844 respectu
538 3773 733 3843 proportionis,
760 3789 830 3842 quae
857 3783 899 3830 est
925 3776 997 3829 inter
1015 3774 1101 3828 visum
1129 3773 1278 3828 humanum
1296 3777 1324 3825 et
1341 3770 1412 3824 iuter
1430 3768 1582 3825 claritatem
1600 3768 1669 3823 adria

317 3856 396 3912 nobis
414 3851 577 3909 circumfusi.
613 3851 682 3906 Nam
701 3851 724 3904 si
742 3851 824 3920 paulo
843 3850 979 3922 limpidior
997 3857 1071 3907 esset
1088 3856 1152 3920 aer,
1180 3847 1257 3919 nulla¹
1283 3849 1392 3904 omuino
1419 3847 1499 3902 lieret
1524 3846 1667 3902 occultah'o

316 3931 435 3989 siderum
453 3932 504 3988 sub
524 3928 594 3985 Solis
612 3929 711 3998 radios,
731 3938 761 3983 ut
779 3931 913 3984 interdum
930 3931 1021 3986 videre
1040 3929 1127 3987 estin
1145 3929 1223 3984 Luna
1242 3935 1269 3982 et
1280 3927 1396 3983 Venere.
1415 3925 1482 3980 Cum
1500 3926 1584 3996 igitur
1602 3925 1667 3980 haec

239 4073 242 4078 ,
317 4013 444 4082 utrinque
462 4009 650 4067 diversissimis
669 4007 703 4063 de
721 4008 810 4062 causis
828 4009 867 4063 ita
885 4008 1016 4078 accidant,
1036 4007 1122 4063 modia
1142 4007 1222 4062 etiam
1241 4004 1439 4073 diversissimis,
1457 4003 1572 4059 alterum
1591 4003 1667 4058 alteri

316 4107 405 4164 neque
423 4105 507 4146 musa
525 4089 576 4143 erit
594 4103 682 4158 neque
700 4085 813 4142 effectus
831 4103 919 4157 neque
938 4088 1088 4144 communis
1106 4088 1214 4157 utrique
1233 4087 1271 4142 rei
1289 4100 1382 4153 causa,
1401 4083 1567 4154 comparatio
1585 4083 1667 4152 igitur

316 4171 430 4228 fortuita
447 4177 497 4234 est,
515 4167 623 4222 minime
641 4181 705 4219 vero
723 4166 848 4222 causalis.
884 4168 920 4222 Ut
937 4171 1013 4222 tanto
1033 4167 1138 4223 sithoc
1156 4167 1264 4234 certius,
1283 4180 1318 4219 ex
1336 4164 1388 4219 lrac
1406 4164 1583 4234 congruentia
1601 4161 1666 4217 ninii

316 4250 445 4307 accedere
463 4245 540 4303 coelo
558 4247 705 4316 dignitatis,
725 4253 754 4301 at
770 4246 878 4316 iugenio
897 4245 1046 4300 Ptolemaei
1065 4245 1211 4315 plurimum
1224 4242 1440 4311 existimationis,
1459 4243 1515 4311 qui,
1533 4255 1604 4312 quae
1621 4256 1665 4296 ue·

316 4329 443 4386 cessitate
461 4340 567 4382 summa
584 4334 705 4381 motuum
725 4324 796 4382 Solis
815 4325 1038 4394 planetarumque
1056 4325 1127 4380 inter
1145 4339 1175 4380 se
1198 4325 1408 4394 compositorum
1427 4321 1552 4388 aerisque
1569 4319 1665 4375 illumi·

315 4408 371 4462 uati
390 4405 637 4462 elvisushumaui
656 4403 782 4460 adhunc
809 4403 935 4476 gradum,
964 4419 1043 4472 quem
1062 4403 1184 4474 obtinet,
1212 4403 1338 4474 perlecti,
1366 4408 1583 4472 consequuntur,
1610 4405 1665 4452 tam

316 4495 379 4556 apte
397 4487 487 4556 potnit
505 4481 540 4540 ad
558 4482 793 4540 tetrachordorum
811 4483 887 4539 ideas
904 4481 1023 4538 humano
1041 4482 1153 4537 arbitrio
1176 4481 1357 4538 conformatas
1375 4480 1529 4551 applicare,
1553 4474 1664 4548 perinde

317 4579 348 4618 ac
366 4563 389 4618 sl
406 4571 502 4619 natura
520 4579 624 4619 summa
642 4572 669 4620 et
686 4579 760 4620 mera
785 4563 911 4619 lrhertste
929 4577 979 4618 usa
1005 4561 1079 4617 hunc
1105 4561 1291 4617 harmonicum
1317 4558 1494 4630 archetypum
1512 4557 1539 4610 in
1558 4553 1663 4626 appari,

316 4642 435 4698 tionibus
452 4643 505 4698 illis
524 4644 724 4701 conformandis
742 4643 913 4714 spectaverit.

401 4739 475 4795 Nota
492 4741 525 4794 11.
561 4741 710 4798 Residuum
728 4741 837 4797 residuo
856 4745 1003 4810 comparat,
1022 4747 1064 4795 ast
1076 4739 1165 4809 igitur,
1183 4746 1214 4795 ut
1232 4751 1315 4808 supra
1328 4750 1438 4806 quoque
1456 4735 1565 4802 dictum,
1584 4729 1662 4786 adec-

313 4824 371 4874 tata
388 4820 563 4888 comparatio,
580 4827 608 4876 et
626 4823 733 4878 omnino
751 4821 799 4876 dat
810 4835 920 4890 operam
938 4817 1119 4889 Ptolemaeus,
1138 4826 1169 4876 ut
1181 4817 1255 4874 nulla
1273 4831 1338 4886 para
1356 4817 1473 4874 musices
1490 4815 1534 4885 ait,
1551 4813 1596 4868 cul
1608 4825 1661 4867 nou
