3564 5540
533 425 537 436 ·
605 399 782 456 Harmonicis.
818 397 965 476 67667111.
986 397 1134 490 06667174.
1484 397 1545 460 161

194 597 254 642 666
280 579 447 650 0766676667
469 599 533 642 6667
557 597 643 640 66766
665 578 815 648 666667,
841 579 922 654 justa
944 577 1127 655 longitudine
1148 577 1238 655 667776
1262 593 1329 637 7676
1352 579 1546 652 consonantis,

139 727 144 745 ,
193 677 224 730 67
245 669 394 730 residuum
416 669 495 728 illius
519 669 624 728 32076
647 683 705 726 7766
729 672 773 725 667
796 665 949 725 0176707667
978 669 1070 744 766766
1095 665 1211 726 67026.
1231 689 1240 716 e
1257 665 1350 726 Aliter
1373 681 1442 741 ergo
1473 681 1545 724 con-

191 757 310 818 sonabit
332 756 452 835 duplum
482 755 707 828 0176666960,
743 753 915 831 6177677666
939 755 1059 828 67026,
1093 771 1157 812 6676
1180 755 1254 814 76777
1276 771 1308 812 66
1341 752 1466 812 66116766
1488 752 1544 812 666

194 843 319 906 chordae
349 844 497 906 diversum
527 860 631 903 sonum
659 843 776 902 1667667.
795 839 909 916 *Quod
940 842 1028 918 7677777
1059 843 1087 898 76
1110 841 1262 900 1767766676
1291 857 1350 900 666
1380 839 1545 901 0766676667

194 933 261 992 illos
284 949 378 1006 aures,
402 931 434 992 07
457 932 540 1006 1066,
564 932 646 1007 quia
656 929 784 988 medium
807 943 957 988 numerum
980 928 1119 1006 6766667,
1146 930 1171 988 67
1193 945 1296 988 666666
1320 929 1432 989 7677666
1454 945 1545 988 acua-

193 1028 249 1092 tur,
278 1019 389 1080 scilicet
414 1022 537 1094 66667,
568 1027 601 1077 67
630 1017 692 1094 eJ'us
723 1017 967 1096 complementum
997 1017 1182 1089 67733333,
1217 1015 1367 1074 dimidium
1398 1016 1545 1076 scillite

194 1114 306 1167 exacte.

281 1192 449 1254 stabilito
437 1211 500 1269 6667
522 1210 625 1252 666666
648 1194 781 1252 acumine
804 1193 832 1248 in
856 1143 1065 1267 dijudicatione
1088 1189 1257 1250 harmoniae
1279 1191 1296 1246 3
1321 1189 1393 1248 ad3
1416 1190 1544 1266 itemque

196 1285 210 1340 1
237 1281 275 1340 60
299 1283 329 1356 3
352 1282 483 1356 66667767
506 1286 538 1340 67
560 1280 693 1339 6167717767
716 1281 804 1340 etiam
828 1279 863 1338 de
888 1283 905 1338 2
931 1285 961 1336 67
982 1281 1000 1338 3
1026 1277 1133 1338 cumb
1154 1275 1328 1352 judicemus,
1354 1277 1449 1354 06666
1476 1281 1489 1335 1
1517 1287 1546 1337 67

194 1372 212 1430 3
238 1369 356 1429 66764.
400 1368 476 1426 Nam
499 1370 524 1426 61
550 1368 656 1428 60786
681 1375 854 1428 consonaret
877 1383 942 1426 cunr
968 1365 1103 1438 100000,
1127 1369 1216 1441 67666
1239 1367 1281 1424 676
1295 1365 1383 1424 etiam
1397 1362 1546 1424 residuum

193 1458 310 1530 40216,
331 1457 410 1516 ¹certe
433 1456 490 1515 boc
512 1472 570 1515 non
593 1461 637 1516 667
661 1456 712 1515 666
736 1454 772 1514 06
795 1454 854 1526 1116,
879 1471 944 1513 6676
967 1461 1064 1512 766766
1088 1443 1183 1512 bassis
1206 1455 1398 1512 consonantia
1418 1452 1545 1528 66716676

189 1543 352 1620 justificata
370 1542 434 1619 Ι7667
455 1546 502 1614 677,
525 1560 567 1604 66.
594 1544 698 1602 60000
722 1560 788 1602 6667
812 1541 928 1610 40000.
973 1540 1039 1601 Hoc
1063 1549 1149 1617 pacto
1173 1539 1344 1600 transfertur
1359 1539 1496 1612 auditus,
1520 1542 1546 1608 61

192 1634 306 1694 7677666
330 1639 459 1704 6666767,
483 1632 520 1689 66
545 1649 603 1690 666
625 1632 754 1690 66677666
778 1628 816 1689 60
839 1628 974 1704 617676,
967 1630 1109 1706 766767666
1129 1629 1169 1686 66
1193 1631 1326 1700 6676666,
1352 1629 1451 1703 cnjus
1459 1629 1545 1704 agni·
1638 1679 1642 1692 ,
1672 1663 1676 1677 ·

193 1722 233 1777 tio
258 1726 288 1778 67
310 1717 481 1822 0766076606
505 1725 550 1778 667
571 1718 726 1788 7667117766,
756 1734 849 1793 66666
878 1714 948 1774 0676
971 1733 1071 1776 omnes
1101 1715 1260 1817 66776067,
1289 1717 1415 1793 6766666
1438 1723 1544 1820 partes,

193 1824 268 1882 6666
291 1808 349 1866 6767
371 1807 483 1864 numeri
494 1807 639 1882 6166667,
663 1804 819 1883 766607666
842 1803 1028 1865 mechanicas
1050 1805 1135 1881 primi
1158 1802 1276 1862 ordinis.
1331 1827 1334 1834 ⁴

280 1893 356 1952 Vide
380 1895 594 1967 argutissimam
623 1892 711 1952 aliam
740 1892 827 1968 hujus
850 1894 965 1968 generis
988 1893 1282 1966 contemperationem
1311 1889 1390 1966 apud
1413 1889 1544 1948 vinces:

192 1983 264 2040 tium
288 1979 464 2053 Galilaeum,
487 1998 546 2040 nou
568 1981 733 2056 ignorantia
756 1979 1002 2040 demonstrativae
1025 1995 1162 2038 sonorum
1178 1979 1359 2054 quantitatis,
1382 1975 1434 2035 660
1448 1975 1545 2034 studio

191 2069 332 2144 singulari
355 2069 478 2144 lactam;
508 2075 597 2144 atque
620 2085 675 2144 ego
699 2067 817 2144 quidem
840 2084 925 2126 usum
954 2067 1017 2142 ejus
1041 2065 1241 2126 mechanicum
1268 2080 1411 2141 agnosco,
1440 2071 1473 2121 67
1494 2079 1545 2122 or-

191 2158 277 2232 66676
301 2155 403 2216 660676
427 2173 501 2235 6666
522 2155 658 2215 176677676
683 2155 870 2226 76766616616,
902 2171 978 2228 6666
1001 2161 1046 2214 667
1073 2156 1103 2210 76
1126 2153 1256 2212 17676666
1278 2169 1368 2224 7666,
1399 2151 1546 2226 possimus

192 2245 248 2317 7777,
273 2241 311 2302 60
334 2243 562 2320 speculationem
587 2259 672 2316 varo,
703 2243 761 2300 imo
792 2242 830 2302 60
853 2248 986 2300 66767676
1015 2247 1119 2300 666766
1141 2239 1369 2316 dignoscendam
1400 2239 1546 2314 perniclo-

194 2349 258 2396 sam
283 2332 416 2390 existimo
449 2347 583 2407 6666666
607 2329 662 2390 7766
691 2330 813 2404 efficiat,
848 2337 880 2387 ut
908 2346 1047 2404 organum
1071 2330 1280 2404 ingenuitatem
1302 2327 1421 2386 humani
1445 2333 1547 2389 6777766

193 2436 262 2478 7676
285 2435 435 2495 66666667
458 2425 639 2495 assequatur.
847 2431 851 2438 ’

764 2665 905 2738 CAPUT
932 2666 985 2740 lx.

192 2829 239 2885 De
267 2832 521 2898 diagrammate,
547 2829 680 2883 1766667
700 2830 912 2886 chordarum
934 2847 991 2886 seu
1008 2846 1125 2886 vocum
1144 2829 1368 2884 denotatione
1387 2830 1546 2890 moderna

305 2934 364 2988 per
387 2916 496 2971 lineas
519 2922 551 2969 67
575 2915 699 2970 literas
718 2917 895 2987 alphabeti
919 2925 952 2972 et
971 2911 1085 2987 66766,
1113 2917 1222 2988 deque
1248 2925 1441 2987 systemate.

278 3095 344 3156 Non
368 3097 430 3156 sine
453 3094 505 3157 lite
527 3112 573 3155 766
596 3101 656 3171 667,
687 3094 738 3155 660
760 3113 868 3174 666667
889 3115 944 3174 666
967 3099 1095 3158 76776666
1119 3097 1309 3156 necessarias.
1354 3098 1460 3160 Musici
1474 3117 1564 3160 nost·-

188 3195 254 3245 trao
286 3186 392 3243 6676776
422 3187 546 3261 pingunt
576 3182 699 3243 chordas
722 3182 858 3244 61176776
882 3185 1142 3262 diagrammatibus
1165 3184 1378 3258 testudinatis,
1410 3186 1546 3246 61776776
1592 3209 1593 3228 7

193 3271 340 3333 6176767776.
384 3269 449 3330 11176
480 3273 557 3331 66776
586 3269 720 3347 67666166
751 3271 845 3331 176666
877 3271 1095 3350 diagrammatis
1123 3271 1254 3348 singulas
1284 3272 1407 3334 chordas
1433 3281 1545 3347 667667,

193 3377 317 3438 quarum
340 3357 489 3434 quaelihet
511 3375 563 3434 pro
587 3357 710 3417 07767676
734 3361 861 3418 76677666
879 3359 1009 3420 07767666
1025 3353 1175 3438 praestant
1190 3361 1311 3432 sonitus,
1335 3364 1361 3420 67
1379 3361 1546 3438 6616667676

194 3451 220 3504 76
244 3449 381 3507 canteriis
405 3447 483 3524 typis
507 3463 563 3504 non
587 3444 683 3506 lineae
706 3453 819 3504 tantum
842 3447 975 3526 singulae
998 3448 1128 3524 singalas
1153 3464 1240 3506 voces
1263 3465 1318 3508 seu
1337 3447 1470 3522 chordas,
1493 3449 1545 3508 sed

191 3539 256 3612 ipsa
279 3537 367 3594 677667
391 3533 546 3592 7676776116
570 3531 692 3592 0667676
708 3533 850 3593 linearum
872 3536 1038 3611 significant
1060 3553 1148 3595 unam
1170 3533 1309 3594 chordam
1331 3535 1544 3596 intermediam.

279 3621 345 3680 Hoc
367 3626 454 3697 pacto
479 3625 498 3678 4
530 3620 624 3681 176666
647 3629 830 3681 transversae
859 3639 925 3681 cnm
955 3623 1047 3682 tribus
1070 3621 1230 3682 intervallis
1253 3621 1393 3683 067767667
1418 3626 1435 3680 7
1457 3619 1563 3684 61767-1

192 3710 245 3769 066
269 3717 298 3769 67
321 3709 338 3766 6
362 3707 456 3767 176666
486 3725 551 3766 66777
575 3705 780 3768 476767761176
809 3710 932 3770 chordas
961 3728 1077 3770 novem.
1123 3708 1236 3770 Deinde
1266 3712 1430 3786 exprimunt
1457 3727 1545 3770 rocas

192 3800 291 3856 666677
314 3797 481 3872 systematis
506 3795 553 3855 761
568 3798 645 3856 66716
660 3796 868 3873 peculiaribus,
892 3815 945 3857 suo
962 3797 1125 3874 quamlibet
1140 3797 1206 3856 loco
1224 3795 1443 3873 diagrammatis
1457 3795 1545 3876 (6666

190 3893 280 3943 66766
302 3881 389 3943 677661
413 3887 551 3959 temporis
575 3901 739 3943 mensuram
763 3882 914 3966 7666667),
937 3885 985 3946 761
1008 3887 1100 3945 1776776
1124 3885 1275 3962 alphabeti
1296 3888 1396 3961 6716776
1421 3891 1544 3960 6667667,

192 3972 242 4030 761
267 3965 401 4048 0667666
410 3987 461 4030 sex
476 3971 612 4049 syllabis,
635 3979 678 4047 ut,
702 3991 745 4065 76ι
767 3975 821 4048 7777,
844 3975 889 4052 fa,
913 3975 964 4047 sol,
989 3975 1029 4050 lc,
1055 3973 1112 4048 761,
1139 3982 1170 4032 67
1185 3973 1273 4033 66076
1288 3972 1409 4048 Belgas,
1433 3980 1545 4048 septem

190 4061 275 4132 76776,
299 4057 363 4132 Bo,
388 4075 433 4133 ce,
456 4057 502 4133 717,
527 4077 584 4135 qo,
608 4059 654 4134 lo,
678 4078 745 4134 ma,
768 4077 811 4118 777

278 4145 354 4206 Nam
377 4149 447 4248 6676
470 4155 572 4205 666766
595 4163 703 4220 666676
726 4145 784 4205 066
807 4155 883 4221 6667,
909 4147 1012 4206 067676
1027 4155 1056 4207 67
1071 4145 1168 4219 676116,
1192 4163 1315 4222 6667676
1335 4148 1373 4206 66
1389 4163 1448 4206 666
1463 4163 1545 4208 6667-

189 4235 270 4293 muni
294 4249 367 4294 uoce
391 4235 449 4292 7766
470 4235 652 4310 inceptorum
674 4234 748 4293 haec
771 4241 814 4294 667
838 4191 1017 4308 0706766716,
1048 4233 1236 4311 6660767776
1263 4241 1397 4294 etsexta
1420 4235 1449 4294 in
1473 4233 1545 4294 duro

190 4328 278 4381 cautu
303 4327 451 4380 suntuna
474 4319 548 4381 diesi
572 4321 696 4380 altiores
713 4340 800 4397 quam
824 4323 851 4379 in
877 4323 976 4396 molli,
1002 4321 1127 4382 chordae
1149 4323 1266 4396 itaque,
1293 4324 1378 4380 tortia
1400 4330 1543 4396 etsexta,

189 4427 249 4468 666
273 4416 397 4485 possunt
420 4427 537 4468 manere
560 4407 680 4468 stabiles
704 4411 732 4465 in
757 4421 880 4484 utroque
904 4417 1007 4482 cantu,
1038 4407 1090 4468 660
1113 4415 1228 4486 oportet
1250 4405 1316 4466 illas
1344 4409 1393 4469 761
1414 4411 1544 4484 geminas

189 4499 286 4556 lacere
310 4498 339 4554 in
362 4497 559 4556 instrumentis
583 4504 611 4554 67
635 4499 761 4572 organis,
786 4507 818 4556 ut
841 4498 950 4556 lactum
973 4498 1151 4554 innumeris
1174 4512 1237 4572 cap.
1264 4498 1291 4567 7,
1317 4496 1365 4556 761
1387 4505 1466 4560 netu
1488 4516 1543 4558 rc·
1642 4505 1645 4512 ’

189 4588 281 4658 71676,
312 4589 345 4642 67
368 4583 453 4642 credo
484 4583 593 4642 lactum
623 4583 692 4642 olim
721 4585 750 4641 in
772 4583 837 4662 lyra
870 4593 899 4643 et
921 4583 1096 4662 syringibus.
1141 4580 1251 4640 Eadem
1278 4580 1313 4642 06
1336 4584 1543 4661 diagrammate

190 4680 220 4730 et
251 4687 325 4731 uoce
348 4669 476 4730 hamana
498 4679 566 4729 6667
590 4669 721 4732 dicenda.
769 4661 845 4730 Cum
865 4673 941 4730 66776
964 4687 1016 4749 676
1047 4671 1197 4745 677766666
1220 4673 1333 4744 6666776
1356 4676 1476 4748 6676776,
1501 4674 1539 4733 ab

188 4759 293 4820 eadem
317 4757 415 4818 radice
438 4759 632 4836 surgentibus,
656 4777 747 4818 66676
770 4757 864 4818 661667
878 4757 1058 4834 diagramma
1079 4755 1130 4816 067
1156 4759 1244 4833 76666
1268 4775 1302 4818 66
1332 4767 1445 4822 7667676
1476 4769 1542 4821 6676

192 4847 271 4922 1666,
306 4853 372 4905 6676
396 4861 532 4906 sonorum
555 4845 684 4920 indices,
715 4847 753 4908 ab
782 4853 907 4934 utroque
937 4863 1006 4907 vero
1035 4862 1140 4930 genero
1164 4852 1265 4908 cautus
1296 4851 1326 4906 in
1349 4867 1438 4917 666777
1460 4855 1543 4914 66766
