3480 5548
619 435 648 492 iu
665 435 838 494 Harmoniam
855 435 959 492 Mundi.
1122 457 1125 469 ¹
1414 444 1452 504 13

109 613 247 689 motibus,
271 613 441 690 intervallis,
464 615 495 676 iu
515 616 574 678 situ
596 615 652 676 sub
673 611 794 676 todiaco
816 614 1005 692 planetarum,
1028 617 1057 675 iu
1080 621 1177 692 cautu,
1200 619 1230 675 in
1252 623 1348 678 tactus
1370 635 1453 678 men-

112 701 203 762 sura‘?
227 699 412 764 Generaliter
433 719 573 780 apparere
593 703 647 764 has
668 702 835 763 harmonias
857 705 1024 779 praesertim
1046 705 1075 764 iu
1089 713 1179 764 motu.
1212 704 1264 782 ,Si
1286 724 1332 766 res
1354 706 1455 784 aliqua

112 790 271 868 genuinum
295 790 380 851 debet
402 807 467 851 essa
484 792 648 868 sthectum
663 792 857 869 proportionis
873 790 1065 865 harmonicae,
1089 799 1202 870 oportet
1218 800 1248 852 et
1262 795 1454 870 quantitatem

114 873 358 960 (longitudinem)
389 880 419 936 in
441 877 493 940 illa
514 895 545 940 re
566 882 670 953 inesse,
694 895 782 955 quam
804 876 1014 954 longitudinem
1036 886 1116 938 motu
1139 879 1266 956 quodam
1287 889 1455 958 percurrant

114 967 287 1042 terminique
309 964 381 1026 fiant
400 967 527 1043 partium
555 964 759 1045 longitudinis,
790 967 864 1026 inter
894 983 967 1042 quas
990 969 1028 1025 sit
1049 971 1205 1044 proportio.
1251 971 1349 1045 Atque
1370 969 1400 1028 id
1423 969 1455 1029 fit

115 1071 151 1114 ex
173 1062 256 1130 purte
278 1055 316 1142 inr
331 1052 615 1130 configurationibus.
663 1053 842 1114 Harmoniae
870 1053 987 1128 quidem
1016 1055 1047 1112 iu
1077 1055 1206 1131 angulis,
1239 1072 1312 1132 quos
1339 1059 1456 1116 metitur

114 1140 268 1216 aodhous,
303 1140 520 1200 considerautur
548 1149 610 1203 stne
636 1150 730 1217 motu,
761 1139 860 1217 auguli
883 1152 980 1201 tamen
1002 1141 1059 1218 ipsi
1082 1143 1133 1201 alii
1156 1161 1191 1202 er
1213 1142 1280 1203 aliis
1303 1161 1455 1222 corporum
1513 1197 1518 1210 ,

114 1228 290 1289 radiantium
312 1235 393 1288 motu
414 1245 466 1305 per
487 1228 641 1290 zodiacum
662 1231 883 1290 constituuntur
927 1227 992 1288 Nou
1022 1245 1155 1306 corpora,
1187 1229 1240 1290 sed
1270 1239 1366 1292 motus
1389 1249 1455 1292 cor·

114 1333 220 1403 porum
241 1333 333 1377 causa
353 1315 543 1393 longitudinis
566 1326 595 1377 ct
614 1301 768 1377 brevitatis
795 1311 870 1398 (nou
892 1316 1073 1393 temporalis,
1107 1316 1159 1377 sed
1181 1315 1354 1401 corporeae)
1383 1322 1457 1380 luter

114 1423 148 1464 se
171 1413 382 1483 comparantur,
406 1403 650 1481 quemadmodum
672 1421 704 1465 ss
725 1421 771 1464 res
786 1404 875 1464 habet
898 1421 964 1464 cum
978 1405 1074 1480 sonis;
1099 1423 1167 1464 nam
1182 1421 1271 1465 sonus
1286 1413 1330 1465 est
1344 1410 1456 1484 species

115 1493 222 1552 emissa
235 1510 260 1584 'a
284 1509 418 1570 corpore,
445 1500 474 1553 et
496 1500 529 1551 ut
551 1499 691 1569 quantum
712 1489 799 1567 illud,
833 1497 862 1552 et
883 1499 916 1551 ut
936 1491 1091 1569 figuratum
1115 1492 1340 1568 quadamtenus,
1372 1501 1402 1554 et
1424 1501 1457 1554 ut

115 1583 147 1638 iu
168 1586 249 1640 motu
271 1581 459 1640 constitutum
486 1587 539 1640 est.
583 1581 621 1639 Et
647 1581 720 1640 baec
746 1595 837 1639 causa
869 1585 927 1650 est,
960 1597 1010 1640 cur
1039 1585 1143 1642 natura
1173 1579 1299 1641 hominis
1321 1597 1458 1641 sonorum
1533 1626 1536 1643 ,

114 1669 299 1746 potissimum
320 1669 555 1744 proportionibus
576 1667 751 1728 harmonicis
773 1668 811 1727 sit
833 1665 961 1726 dedita“.
1505 1738 1511 1751 .

221 1755 317 1834 Caput
337 1753 391 1815 1v.
436 1755 612 1815 Discrimina
642 1763 761 1830 autem,
786 1754 863 1831 quet
888 1752 1070 1816 intercedunt
1099 1756 1174 1816 inter
1200 1756 1373 1830 harmonias,
1402 1755 1458 1816 hoc

116 1849 222 1920 quarto
244 1843 320 1903 libro
343 1850 372 1903 et
393 1841 459 1903 illas
482 1846 567 1903 tertio
591 1843 664 1903 libro
688 1843 827 1919 cognitas,
851 1840 1019 1902 haecsuutr
1042 1845 1072 1901 in
1093 1841 1168 1904 libro
1190 1846 1275 1905 tertio
1290 1844 1458 1904 harmoniae

116 1929 265 1992 ecirculo
288 1931 318 1988 iu
340 1938 432 1990 rectas
465 1929 558 1991 lineas
588 1937 751 2004 nauseant,
784 1932 813 1988 in
843 1937 947 2006 quarto
982 1932 1010 1989 in
1041 1929 1149 1992 circulo
1171 1930 1233 1992 solo
1261 1939 1379 1992 restant.
1423 1931 1458 1990 Iu

115 2021 201 2078 tertio
222 2018 297 2078 libro
318 2019 433 2078 termini
455 2036 507 2080 seu
522 2018 684 2095 subjectum
700 2017 913 2078 harmoniarum
929 2025 1012 2078 erant
1025 2019 1098 2094 soni,
1122 2023 1254 2080 acumine
1269 2026 1299 2080 et
1314 2021 1458 2096 gravitate

115 2105 296 2180 differentes,
326 2109 357 2164 iu
386 2113 489 2182 quarto
516 2106 591 2166 libro
619 2106 805 2167 harmonicae
831 2107 960 2167 rationes
989 2107 1062 2166 sitae
1084 2110 1201 2166 suntin
1225 2106 1354 2184 augulis,
1385 2122 1458 2184 quos

115 2194 248 2254 lucentes
270 2193 343 2253 radii
366 2212 382 2254 e
406 2193 520 2253 duobus
541 2195 668 2274 planctis
690 2195 788 2255 emissi
808 2183 985 2253 formaut'in
1008 2193 1114 2269 Terra,
1138 2194 1185 2255 vel
1209 2197 1238 2270 in
1260 2212 1342 2270 meu,
1374 2212 1459 2271 quem

117 2282 176 2343 duo
204 2281 340 2359 planetae
370 2283 401 2339 iu
429 2281 551 2342 zodiaco
582 2285 734 2342 terminare
764 2280 908 2342 videatur.
953 2281 1035 2342 Inest
1064 2280 1137 2342 hacc
1166 2281 1318 2343 harmonia
1346 2283 1460 2343 aodiaci

115 2371 250 2447 partibus
271 2385 330 2428 nou
352 2375 469 2447 propter
491 2387 523 2430 se
545 2371 639 2447 ipsas,
673 2369 735 2446 sed,
753 2375 907 2446 propterea
936 2369 1014 2446 quod
1042 2367 1111 2430 illae
1139 2377 1307 2431 mensurant
1337 2371 1460 2446 angulos

115 2451 265 2517 radiorum
286 2459 317 2514 iu
339 2456 429 2518 Terra
451 2459 690 2534 consumentium,
719 2455 768 2517 vel
789 2459 887 2533 potius
909 2459 978 2516 icon
999 2473 1036 2517 cu
1084 2474 1120 2515 us
1141 2457 1258 2518 zodiaci
1279 2458 1405 2518 coelestia
1426 2461 1461 2516 in

116 2548 227 2606 enimc
254 2543 417 2606 sublunari
445 2545 499 2605 boc
526 2544 725 2605 mensurandi
747 2543 880 2621 osticium
901 2544 988 2604 subit.
1064 2547 1090 2604 ic
1111 2546 1193 2620 icon,
1223 2545 1297 2605 haec
1319 2545 1400 2604 notio
1422 2545 1459 2605 ab

117 2635 202 2694 initio
225 2635 322 2692 auimo
337 2633 435 2704 insita,
458 2640 579 2693 naturae
594 2649 665 2692 suae
681 2634 817 2692 instinctu
839 2631 961 2708 angulos
984 2639 1132 2708 comparat
1147 2650 1213 2693 cum
1227 2640 1351 2710 quatuor
1365 2633 1460 2708 rectis,

117 2729 148 2782 et
170 2736 300 2780 cousous
321 2719 437 2780 illorum
459 2719 623 2781 discernens
646 2739 664 2779 a
687 2719 827 2793 dissonis,
850 2727 983 2779 naturam
1005 2719 1220 2780 harmoniarum
1242 2722 1272 2780 iu
1295 2739 1326 2781 se
1347 2722 1460 2798 recipit.

116 2800 202 2868 Haec
224 2808 440 2868 harmoniarum
461 2810 492 2866 in
514 2825 546 2868 se
569 2806 803 2885 recipiendarum
834 2814 863 2867 ct
891 2806 1106 2867 formandorum
1136 2808 1260 2870 facultas
1286 2826 1345 2868 nou
1373 2809 1460 2868 modo

118 2899 148 2954 in
171 2897 268 2956 auimo
290 2895 416 2955 hominis
439 2897 596 2956 nescientis
619 2902 677 2970 est,
701 2894 752 2956 sed
775 2896 863 2956 etiam
885 2896 915 2952 in
930 2912 1049 2973 corpora
1064 2897 1181 2972 Terrae,
1205 2899 1250 2956 cui
1267 2897 1304 2956 ob
1320 2895 1350 2955 id
1366 2897 1461 2974 ipsum

118 2985 218 3044 anima
239 2984 382 3060 quaedam
404 2984 553 3056 tribuitur,
582 3000 658 3060 quae
680 2999 783 3044 seusus
805 2999 873 3052 suos
901 2985 930 3041 iu
954 3001 1047 3060 aquas
1069 2989 1099 3044 et
1120 2987 1217 3044 adrem
1239 2987 1353 3047 emittit.
1398 2984 1461 3045 De·

116 3070 187 3132 iude
214 3070 386 3133 harmoniae
411 3070 485 3131 libro
508 3071 563 3131 III.
593 3079 623 3131 et
644 3069 698 3132 IV.
726 3077 875 3148 spectatae
903 3072 945 3130 ita
973 3069 1121 3146 differunt,
1154 3071 1232 3148 quud
1259 3075 1288 3130 iu
1316 3070 1375 3132 illis
1402 3087 1461 3132 uon

114 3158 296 3222 traducendo
318 3177 370 3237 per
392 3157 501 3232 media,
532 3156 584 3218 sed
605 3175 657 3235 per
679 3157 771 3218 saltus
794 3159 878 3234 quast
907 3158 944 3218 ab
975 3157 1033 3218 alio
1064 3175 1136 3218 sono
1160 3175 1287 3220 consono
1310 3159 1462 3220 edulium

116 3247 279 3308 corisonum
303 3247 461 3308 acutiorem
484 3253 535 3306 aut
557 3246 729 3323 gravimem,
752 3246 892 3322 neglectis
912 3244 1015 3306 mediis
1030 3253 1076 3307 est
1089 3248 1239 3322 transitus,
1262 3249 1292 3306 iu
1307 3247 1352 3307 bis
1367 3247 1463 3308 media

116 3337 217 3397 omnia
238 3340 451 3413 percurruntur,
476 3333 568 3394 donec
590 3350 685 3394 novae
706 3334 780 3392 fiunt
802 3333 1044 3410 configurationes
1066 3333 1265 3411 harmonicae,
1288 3337 1330 3396 ita
1351 3343 1383 3394 ut
1404 3353 1462 3394 non

115 3440 176 3485 uno
199 3429 357 3498 momento,
380 3419 433 3482 sed
454 3423 653 3483 minutissimis
675 3423 813 3499 temporis
835 3419 997 3481 intervallis
1020 3420 1190 3484 efficiantur.
1234 3416 1319 3484 Hanc
1343 3423 1380 3482 ob
1402 3441 1463 3482 rem

115 3529 175 3571 uon
198 3528 251 3588 per
272 3516 420 3570 momenta
441 3512 501 3569 rim
518 3515 661 3584 exserunt,
685 3507 737 3569 sed
754 3508 822 3568 dum
842 3512 981 3583 oriuntur,
1005 3516 1035 3569 et
1056 3510 1180 3570 simulac
1201 3517 1282 3572 ortae
1303 3517 1379 3585 sunt,
1402 3513 1462 3570 vim

116 3616 252 3660 exserere
267 3597 419 3673 desiuuut3
443 3599 577 3674 quamvis
601 3613 676 3674 quae
698 3602 859 3673 sequuntur
880 3599 1024 3658 actionem
1046 3597 1154 3658 diutius
1169 3606 1316 3660 maneant
1347 3597 1461 3658 Deinde

116 3693 187 3747 sunt
209 3686 380 3747 harmoniae
402 3684 469 3744 libri
490 3684 542 3750 IV.
565 3688 672 3746 mixtae
694 3686 874 3762 incongruis,
907 3703 981 3766 ques
1008 3692 1112 3746 natura
1141 3686 1308 3747 sublunaris
1329 3687 1462 3764 negligit,

117 3775 188 3834 dum
211 3773 330 3834 auditus
351 3789 411 3834 uou
433 3772 520 3835 valde
543 3772 703 3834 delectatur
725 3772 875 3834 harmonia
890 3773 1023 3832 binarum
1044 3791 1158 3849 vocum,
1181 3776 1206 3834 si
1231 3778 1358 3851 quinque
1386 3773 1462 3832 aliae
1523 3781 1525 3786 '

117 3862 305 3923 dissonantes
326 3861 502 3938 obstrepant.
533 3859 710 3922 Harmoniae
724 3863 754 3919 iu
769 3861 891 3921 vocibus
906 3860 1025 3921 arbitrio
1048 3864 1260 3924 constituuntur
1283 3859 1463 3936 consilioque

117 3951 268 4026 canentis3
290 3952 320 4009 in
342 3948 458 4027 augulis
473 3965 552 4024 vero,
576 3966 649 4026 quos
664 3947 801 4026 planetae
817 3947 972 4009 conficiunt
988 3966 1006 4009 a
1020 3947 1110 4011 Terra
1133 3949 1273 4026 adspecti,
1296 3948 1463 4007 barmoniae

117 4039 284 4099 efficiuntur
305 4036 386 4098 nullo
408 4044 529 4114 naturae
551 4037 716 4098 sublunaris
738 4036 873 4112 consilio,
905 4034 958 4097 sed
985 4054 1066 4098 mera
1093 4039 1266 4099 necessitate
1287 4037 1465 4113 geometrica

116 4135 264 4188 motuum.

226 4212 331 4288 Capite
345 4211 383 4272 V.
400 4219 429 4273 at
443 4211 496 4271 VI.
520 4211 762 4289 configurationes
786 4211 956 4288 „eifioaccst
981 4219 1177 4273 numerantur.
1208 4209 1343 4271 Conditio
1366 4217 1463 4272 autem
1526 4217 1530 4224 '

117 4300 304 4362 efficacitatis
324 4306 370 4360 est
390 4317 473 4360 mous
496 4299 595 4359 circuli
616 4297 744 4374 zodiaci,
776 4317 861 4376 quom
888 4299 1025 4360 readudit
1052 4300 1128 4360 latus
1149 4297 1258 4376 figurae
1287 4316 1340 4360 seu
1362 4299 1464 4361 stellae

119 4405 269 4467 congruae
291 4394 321 4448 et
342 4387 462 4463 scibilis,
485 4373 632 4463 quam'ob
655 4403 773 4447 causam
796 4389 931 4464 coguatio
951 4388 1143 4448 radiatiouum
1167 4403 1231 4446 cum
1254 4387 1360 4447 circulo
1384 4387 1464 4465 ejus·

119 4494 179 4554 qua
201 4476 328 4537 mcubus
350 4481 380 4536 et
402 4493 467 4536 cum
489 4474 589 4552 figuris
610 4474 791 4551 regularibus
813 4475 907 4551 major
929 4482 982 4550 est,
1006 4492 1092 4550 quam
1115 4480 1176 4534 erat
1199 4478 1462 4550 consonantiarum,

120 4572 151 4625 et
173 4563 242 4641 plus
263 4569 362 4641 potest
383 4562 421 4628 ad
443 4561 703 4639 configurationum
726 4561 926 4624 efficacitatem
949 4563 1146 4637 congruentia
1173 4561 1344 4640 figurarum,
1375 4575 1463 4640 quam

119 4643 272 4713 'scibilitua
318 4649 464 4728 Aspeetus
486 4649 644 4712 secuudum
667 4650 869 4710 efficacitatem
899 4647 1024 4709 ordinati
1053 4648 1083 4707 bi
1113 4658 1193 4709 sunt:
1227 4647 1260 4732 1)
1290 4651 1464 4726 donjunctto

123 4747 154 4799 et
176 4739 333 4817 oppositio,
356 4735 392 4821 0)
408 4736 573 4815 quadratus
595 4744 730 4813 aspectus
753 4731 859 4819 (900),
883 4732 918 4816 3)
942 4737 1072 4813 trigonus
1088 4731 1208 4819 (120⁰),
1231 4739 1344 4799 sextilis
1365 4734 1463 4818 (600,

124 4825 310 4888 semisextilis
338 4821 437 4908 (300),
470 4821 506 4908 4)
535 4825 665 4904 quintilis
694 4819 793 4994 872⁰),
827 4822 990 4899 biquintilis
1020 4818 1136 4909 (1440),
1170 4827 1314 4901 quincunx
1342 4820 1463 4907 (1500,

128 4911 163 4995 5)
193 4915 294 4976 docilis
318 4909 418 4996 (360),
451 4913 589 4976 tridecilis
610 4907 730 4996 (1080,
765 4909 859 4974 octilis
881 4905 981 4993 (450),
1014 4911 1147 4973 trioctilis
1170 4908 1292 4996 (1350).
1341 4911 1410 4972 nro.
1437 4917 1464 4972 1.
