3564 5540
641 365 886 451 nmonrmeosu.
922 389 1005 448 moer
1021 391 1043 446 1.
1452 396 1509 456 111

167 579 202 622 ex
219 564 348 624 doctrina
363 563 497 638 analytica
514 565 715 624 modernorum.
751 564 803 622 Est
821 579 887 620 sane
904 581 959 622 una
976 566 1036 621 sola
1046 564 1210 637 hyperbolae
1226 561 1306 637 linea,
1322 564 1394 620 inter
1408 579 1513 636 asymp·

165 651 239 701 tetes
258 646 372 716 positas,
392 661 441 716 per
457 652 588 715 punctum
607 645 785 715 propesitum,
803 645 939 700 incusum
957 645 1038 713 plano
1058 644 1174 700 ductilis.
1205 642 1242 698 lt
1256 637 1288 698 ea
1300 643 1419 699 nondum
1432 645 1514 700 ducta
1545 653 1553 665 ⁴

167 737 265 779 cenum
279 723 380 791 jubeor
396 725 530 795 tantisper
548 723 677 780 inclinare
694 739 777 794 super
793 731 895 794 puncto
913 723 1118 793 applicationis,
1136 723 1223 779 donec
1240 723 1340 792 existet
1357 720 1404 778 illa
1421 725 1514 779 dueta·

168 817 220 872 que
238 803 290 868 sit:
310 801 353 857 vel
371 802 429 858 sine
442 820 509 860 cono
521 803 614 873 lineas,
634 819 705 874 quae
722 802 898 873 hyperbolum
911 803 1047 859 detineant
1062 819 1111 872 per
1122 804 1281 860 continuata
1293 809 1401 872 puncta,
1415 801 1515 871 jubeor

167 879 303 948 tantisper
325 889 444 953 mutare,
470 882 556 939 donec
580 883 647 938 satis
669 881 838 952 prolongata.
854 883 890 938 sit
912 881 1075 952 hyperbole',
1102 889 1130 938 et
1147 899 1216 954 quae
1234 886 1326 951 partes
1352 880 1424 938 iuter
1441 883 1515 938 facta

168 966 269 1028 puncta
286 960 388 1017 cadunt
404 961 588 1031 intermediae,
609 978 655 1019 aas
670 963 769 1031 jubeor
785 961 924 1030 imaginari
941 959 1041 1029 factam
1058 959 1156 1028 jubeor
1172 961 1306 1029 utrinque,
1325 958 1363 1028 id,
1381 960 1453 1031 quod
1472 969 1515 1017 est

166 1041 305 1107 potestate
324 1036 609 1109 divisionis-infinitae,
629 1047 692 1097 actu
710 1056 759 1096 seu
775 1046 850 1095 metu
869 1055 923 1094 une
941 1039 1065 1108 transire,
1084 1045 1115 1094 ct
1131 1039 1185 1094 hee
1199 1043 1315 1098 transitu
1333 1037 1414 1093 etiam
1431 1039 1459 1094 id
1476 1045 1515 1095 at·

167 1119 300 1189 tingatur,
319 1120 392 1190 quod
408 1121 477 1176 latet
493 1121 522 1176 iu
539 1121 586 1176 illa
602 1121 737 1176 infinitate
754 1118 927 1189 potestativa,
944 1117 1002 1173 sine
1019 1117 1156 1186 perfectae
1175 1117 1303 1176 scientiae
1320 1119 1388 1189 luce,
1408 1117 1514 1187 qualem

168 1196 270 1252 hahent
288 1198 456 1267 problemata
473 1215 491 1256 a
506 1199 642 1258 veteribus
660 1199 741 1270 plane
759 1197 955 1272 cognominata.
1012 1225 1019 1239 ›

257 1275 420 1346 Huiusmodi
436 1275 581 1349 postulatis
604 1279 697 1334 crebro
716 1283 828 1333 utuntur
844 1275 1006 1332 Frauciscus
1025 1273 1104 1330 Viete
1122 1273 1216 1329 Gallus
1238 1280 1266 1330 et
1282 1280 1436 1345 geometrae
1454 1277 1515 1331 Bel-

168 1355 222 1424 gici
239 1355 362 1418 hodierni
380 1356 408 1412 in
427 1351 606 1414 solutionibus
625 1373 718 1412 eorum
736 1355 946 1425 problematum,
971 1369 1041 1425 quae
1059 1359 1155 1423 suapte
1174 1361 1270 1410 natura
1292 1371 1346 1410 nen
1364 1361 1427 1410 sunt
1445 1355 1515 1412 solu·
1593 1373 1596 1384 ¹

167 1433 242 1503 bilia,
261 1435 314 1488 uisi
329 1435 535 1492 inartificialiter
560 1453 610 1506 per
627 1450 779 1520 numerem·
792 1441 840 1489 aut
857 1450 906 1504 per
923 1441 1013 1494 metus
1036 1434 1226 1504 geometricos,
1250 1433 1383 1490 infinitate
1400 1436 1516 1504 quadam

168 1512 351 1568 mutationum
369 1512 567 1584 gubernandos.

256 1593 326 1649 Nem
345 1592 391 1646 ubi
408 1594 498 1649 emnia
515 1593 660 1650 fuerint'in
678 1601 794 1663 promtu,
807 1607 881 1661 ,quae
899 1592 989 1648 facere
1001 1590 1170 1660 putabuntur
1187 1591 1222 1646 ad
1233 1588 1431 1646 certificandum
1444 1607 1517 1646 men·

168 1677 238 1726 tem:
257 1670 408 1728 tenebimus
427 1672 677 1728 determinationem
694 1671 767 1741 ejus,
787 1671 858 1742 qued
877 1687 907 1726 re
925 1671 1048 1740 quaesita
1065 1669 1108 1724 vel
1125 1671 1213 1740 majus
1232 1671 1268 1726 sit
1288 1670 1331 1725 vel
1348 1671 1436 1730 miuus
1455 1687 1516 1742 pro-

168 1751 241 1806 xime
259 1765 420 1820 semperque
436 1751 561 1821 propius:
581 1759 611 1808 ut
629 1753 705 1822 prius
723 1753 805 1807 edam
823 1749 856 1804 de
874 1749 1029 1806 trisectione
1048 1749 1182 1832 mplytica
1201 1748 1361 1804 dixeramus.

256 1830 355 1884 Verum
374 1845 434 1886 esse
452 1829 486 1884 de
503 1830 555 1886 hec
572 1829 739 1901 problemate
757 1830 842 1886 solido
860 1829 1031 1896 trisectionis,
1050 1827 1123 1898 quod
1141 1827 1209 1897 dice,
1228 1829 1271 1882 vel
1289 1828 1351 1898 ipsa
1368 1829 1448 1884 solidi
1463 1846 1517 1886 rex

167 1905 307 1963 admouet
339 1907 408 1964 Nam
426 1907 477 1964 nisi
494 1901 800 1979 solidorum-proportio
817 1908 901 1963 feerit
918 1906 983 1962 data
999 1906 1071 1973 talis,
1091 1905 1178 1976 qualis
1196 1913 1239 1963 est
1255 1907 1326 1962 iuter
1339 1907 1407 1964 duos
1424 1923 1517 1964 nume·

168 2001 215 2040 ros
233 1985 357 2055 cubices,
381 2003 536 2046 mensurare
551 1987 670 2050 solidum
688 1991 857 2058 propositum
881 1985 934 2042 alio
953 1985 1039 2042 solide
1058 1993 1123 2040 note
1147 2001 1201 2041 non
1227 1987 1375 2055 poterimus
1393 1988 1428 2043 ad
1444 2005 1517 2046 men·

168 2072 225 2120 tem
242 2064 447 2136 informandam,
466 2068 530 2136 quia
548 2067 618 2124 duae
636 2065 1045 2140 intermediaepropertiouales
1064 2073 1159 2121 exacte
1178 2065 1206 2120 in
1218 2063 1298 2135 plano
1317 2068 1445 2122 constitui
1462 2084 1517 2124 neu

168 2149 295 2214 possunt,
312 2143 340 2196 in
359 2144 435 2200 cubis
454 2146 506 2202 etsi
522 2153 639 2216 possunt
655 2147 761 2216 inesse,
780 2155 809 2202 at
828 2144 951 2214 apianis
970 2144 1004 2198 ad
1024 2143 1108 2199 cubos
1129 2144 1191 2200 illes
1210 2160 1384 2216 quoscunque
1401 2146 1517 2202 formam

169 2220 219 2276 dos
238 2237 293 2276 nen
311 2221 391 2277 datur
408 2225 539 2282 transitus
558 2225 616 2281 siue
632 2225 699 2295 ipsis
719 2226 823 2284 duabus
841 2223 944 2292 mediis,
963 2220 1048 2279 veluti
1065 2229 1149 2292 ponte
1168 2224 1292 2294 abrupto.
1328 2223 1446 2280 Etduas
1464 2241 1518 2280 me
1627 2249 1631 2266 ·

170 2299 229 2355 dias
247 2301 463 2369 proportionales
481 2303 600 2362 invenire
618 2304 718 2360 docent
737 2305 781 2360 elii
799 2309 969 2374 permotum
987 2302 1186 2372 geometricum,
1204 2304 1366 2372 imperantes
1385 2303 1458 2372 quod
1476 2311 1519 2360 est

169 2377 386 2451 impraestabile,
413 2381 501 2451 quoad
520 2383 707 2438 certitudinem
726 2391 802 2440 aetus
821 2383 976 2451 geometrici
987 2381 1151 2462 adaequati,
1176 2381 1256 2436 docet
1279 2386 1306 2436 et
1332 2381 1390 2452 ipse
1408 2383 1518 2452 Pappus
1602 2433 1614 2452 ,

170 2473 221 2527 per
238 2457 373 2513 sectiones
391 2460 510 2529 cericas,
537 2460 667 2516 beneficio
686 2461 800 2518 duarum
822 2461 1065 2532 proportionalium
1084 2460 1278 2531 expediendas,
1306 2477 1367 2516 cum
1390 2470 1417 2516 et
1435 2479 1518 2518 conus
1607 2469 1609 2474 '

170 2537 207 2591 sit
225 2535 340 2593 solidum
358 2537 429 2608 quid.
467 2539 509 2593 lta
527 2554 634 2610 semper
650 2541 812 2611 principium
830 2544 932 2611 petitur
950 2549 977 2598 et
994 2557 1062 2611 pons
1077 2541 1152 2609 jacet
1169 2541 1198 2596 in
1215 2540 1329 2595 adversa
1346 2540 1413 2609 ripe

258 2635 386 2698 XLVIL
417 2639 642 2718 Prepesiti
658 2661 684 2702 o.
729 2645 855 2720 Figurae
877 2660 997 2704 numere
1019 2641 1142 2702 laterum
1166 2643 1282 2718 impari,
1304 2642 1409 2720 majori
1431 2659 1518 2719 quam

152 2720 191 2785 ‘5
215 2719 354 2807 (excepto
376 2727 706 2813 pentelaedecagooo),
731 2749 797 2791 eum
819 2723 967 2792 subtensis
990 2729 1102 2806 aliquot
1124 2733 1259 2807 partium,
1282 2735 1421 2806 totaeque
1444 2730 1517 2790 adeo

170 2813 282 2959 ¹classes
306 2831 405 2874 omnes
429 2815 532 2876 eedem
556 2829 645 2879 censu
667 2826 749 2896 suet,
773 2836 831 2900 que
854 2819 1038 2897 heptagonus
1054 2825 1090 2877 ,ot
1114 2825 1226 2878 ceterae
1250 2817 1375 2894 figurae,
1396 2835 1517 2879 numere

182 2910 297 2961 aterum
319 2902 420 2978 prime.
1492 2905 1496 2920 '

257 3011 328 3067 Nam
346 3011 369 3065 si
386 3027 514 3068 numerus
532 3012 648 3069 laterum
666 3023 708 3086 est
725 3017 819 3086 impar,
837 3032 892 3071 uon
910 3031 944 3069 en
962 3013 1054 3085 primis
1074 3029 1155 3070 unus:
1173 3013 1197 3067 is
1215 3020 1263 3068 aut
1281 3020 1323 3070 est
1335 3013 1450 3074 duorum
1466 3015 1519 3085 pri·

170 3104 277 3146 merum
294 3089 436 3159 imparium
454 3092 578 3148 minimus
597 3094 747 3165 multiplex,
767 3101 814 3152 aut
832 3094 948 3163 alicujus
964 3093 1044 3163 primi
1056 3093 1217 3163 quadratum
1237 3101 1282 3147 aut
1296 3099 1338 3148 est
1349 3093 1428 3162 primi
1440 3095 1520 3150 euius

170 3181 199 3230 et
217 3170 343 3244 quadrati
360 3172 439 3244 primi
456 3171 567 3228 alterius
585 3172 735 3252 multiplex,
754 3179 802 3228 aut
813 3170 1001 3242 multiplicium
1013 3172 1240 3242 quadratoremre
1255 3171 1367 3227 seorsim
1386 3173 1427 3227 vel
1442 3171 1519 3241 junc-

170 3255 220 3310 tim
238 3253 389 3323 multiplex.
627 3253 629 3256 ’
772 3261 775 3265 ·
793 3261 797 3269 ’

260 3332 364 3400 Quodsi
382 3338 474 3388 esseut
485 3333 537 3387 hae
549 3331 652 3401 figurae
664 3331 834 3400 descriptiles
853 3339 881 3386 et
891 3329 1055 3399 iuscriptiles
1068 3335 1096 3384 et
1107 3328 1224 3397 scibiles,
1243 3335 1309 3384 tunc
1326 3336 1373 3386 aut
1384 3333 1520 3401 propriam

170 3415 306 3472 heberent
326 3412 584 3470 demonstrationem
608 3427 642 3466 ex
666 3411 786 3482 angulis,
814 3418 862 3466 eut
887 3407 1061 3478 impropriam
1085 3407 1128 3462 ex'
1138 3407 1338 3477 comparatione
1364 3409 1520 3478 figurarem,

172 3494 270 3565 quihus
290 3490 495 3547 communicant.
532 3494 567 3546 At
585 3493 722 3564 propriam
740 3489 922 3558 nonthabent,
941 3487 1004 3557 quie
1021 3503 1076 3540 non
1089 3495 1153 3540 sunt
1169 3502 1281 3541 numero
1299 3486 1414 3543 laterum
1425 3491 1520 3559 primo,

174 3591 207 3630 ex
226 3587 280 3642 que
298 3571 463 3626 formaretur
481 3570 689 3640 demonstratie;
717 3568 891 3640 impropriam
910 3583 964 3620 non
982 3565 1091 3634 habent,
1110 3578 1198 3632 neque
1216 3565 1326 3636 primae,
1344 3569 1419 3622 verbi
1439 3584 1521 3624 causa

172 3649 465 3721 urietsigintangulum,
498 3650 563 3722 quie
584 3649 687 3721 figurae
711 3649 744 3703 iis
770 3646 997 3722 communicantes
1021 3643 1064 3696 uel
1083 3643 1177 3698 ambae
1198 3644 1241 3698 vel
1260 3640 1402 3714 alterutra,
1430 3653 1460 3700 ut
1478 3645 1522 3701 hic

173 3733 344 3802 heptagonus
368 3729 583 3799 (posttrigobum
601 3735 629 3782 et
640 3734 830 3797 pentagonum,
850 3720 994 3796 exquibus
1010 3721 1310 3792 pentekaedecageuus)
1328 3721 1428 3776 nubam
1441 3739 1521 3794 prep-

173 3811 240 3866 riam
258 3810 368 3881 babent,
386 3827 436 3883 per
454 3809 496 3866 ts.
515 3809 704 3881 praemissam
723 3822 810 3876 neque
828 3802 971 3862 secundae.
992 3819 1015 3856 r.
1035 3817 1058 3856 c.
1077 3800 1270 3868 nouangnlum,
1290 3801 1352 3870 quia
1370 3816 1425 3854 nen
1442 3799 1522 3855 datur

174 3889 258 3946 sectio
277 3904 356 3946 arcus
376 3888 501 3962 aliqueti,
526 3895 592 3957 puta
609 3886 730 3954 trientis,
748 3885 777 3941 in
794 3883 907 3940 tetidem
924 3887 1017 3950 partes
1036 3878 1178 3948 aequales,
1198 3883 1266 3946 quot
1283 3879 1387 3946 occepit
1405 3877 1521 3932 circulus

174 3968 286 4039 integer,
305 3969 414 4038 perid.
433 3966 622 4040 praemissam
640 3959 728 4036 neque
746 3965 850 4035 tertiae,
868 3977 957 4033 neque
975 3967 1102 4032 quartae,
1121 3959 1184 4030 quia
1202 3957 1356 4034 priores'iis
1375 3958 1521 4013 communi-

89 4097 91 4100 .
175 4057 268 4108 cantes
285 4043 539 4107 indemonstrabiles
558 4052 630 4100 sunt.

262 4140 309 4200 De
331 4153 521 4215 euneagene,
557 4137 641 4210 cuius
663 4136 841 4196 uumerus.9
865 4139 911 4196 est
933 4133 1092 4210 quadratus
1118 4133 1202 4208 primi
1226 4131 1344 4207 imperis
1365 4130 1440 4188 inter
1462 4131 1522 4204 pri·-

175 4245 255 4302 mos,
278 4243 320 4286 sc.
343 4227 476 4300 ternarii,
500 4223 641 4284 uerutum
664 4231 708 4282 est
729 4221 871 4282 hacteuus
892 4224 968 4282 inter
989 4219 1166 4298 geometras,
1195 4218 1342 4296 plerisque
1364 4218 1521 4278 annitenti-

175 4319 240 4390 bus,
265 4321 299 4373 ut
320 4316 408 4374 etiam
430 4312 527 4389 hujus·
542 4309 652 4384 figurae
674 4307 752 4369 latus
775 4309 1013 4382 demonstrarent,
1038 4324 1138 4367 omnes
1159 4313 1257 4365 tamen
1280 4305 1385 4364 frustra
1406 4303 1523 4364 fuerunt

174 4421 229 4464 nec
252 4419 382 4479 unquam
405 4401 461 4462 hoc
481 4397 776 4478 problemafuisseut
798 4395 1159 4476 aggressi„sidiscrtmen
1182 4391 1327 4452 scibilium
1350 4399 1380 4452 et
1401 4392 1522 4452 inseibi·

174 4491 247 4552 liom
270 4489 473 4550 attendissent.

264 4591 417 4658 computus
435 4585 617 4656 nouangnlum
636 4584 820 4640 demonstrare
838 4581 923 4638 veluit
941 4595 991 4650 per
1007 4578 1189 4652 trisectionem
1208 4577 1310 4651 anguli,
1337 4594 1416 4649 quem
1434 4579 1523 4648 patuit

176 4667 328 4726 lusoibilem
346 4683 407 4725 esse
424 4668 452 4722 in
470 4667 619 4740 praemissa
635 4665 675 4720 te.
711 4662 774 4718 Etsi
792 4677 855 4716 vere
879 4661 923 4716 ria
939 4659 1027 4728 Pappl
1045 4663 1073 4712 et
1091 4657 1173 4714 Clarii
1196 4665 1345 4715 necessario
1369 4658 1523 4737 edoccatur,

176 4750 267 4819 posito
285 4763 326 4804 so.
344 4751 420 4802 motu
437 4745 612 4814 geometrico,
624 4751 660 4799 at
676 4741 741 4812 quid
759 4740 812 4795 hoo
830 4741 865 4795 ad
882 4738 977 4809 planas
995 4736 1105 4806 figuras,
1124 4737 1267 4809 dequibus
1284 4737 1522 4808 nehicagimus,
1591 4805 1595 4816 μ

177 4845 238 4886 cum
256 4827 351 4886 solidis
370 4839 439 4896 epus
457 4827 493 4881 sit
510 4825 544 4882 ad
562 4823 700 4882 faciendas
718 4819 881 4878 uisectienis
899 4815 1071 4877 administras
1082 4814 1182 4889 lium,
1200 4817 1390 4890 hpperbelam,
1408 4815 1522 4886 quadra
