3698 5534
741 273 823 382 liner
840 326 873 381 V.
904 319 993 396 (iaput
1008 315 1052 382 tit.
1505 331 1567 392 305

225 497 369 572 scriptum:
397 515 461 572 ergo
487 492 541 555 iilis
559 509 594 556 er
621 499 795 569 possibilibus
823 499 970 556 harmoniis
985 500 1121 576 ¹minimae
1147 499 1292 570 debentur,
1319 500 1420 572 qnippe
1438 508 1569 572 cognatae

224 581 404 650 propterhoc,
422 585 490 634 ctat
501 595 544 634 ax.
555 581 580 634 2.
590 578 680 634 locum
697 579 804 634 habeat.
823 579 906 648 Atqui
924 579 1080 634 harmoniae
1092 580 1209 634 omniurn
1221 579 1354 651 minimae,
1371 595 1412 636 aa
1432 581 1466 651 il,
1480 589 1508 635 et
1520 584 1568 652 ⁴1„

225 675 279 714 non
297 667 362 714 sunt
377 658 536 728 possibiles,
563 673 613 728 per
637 674 713 728 prop.
734 658 758 713 6.
795 657 868 727 Ergo
898 659 1030 720 debentur
1054 657 1147 726 liguris
1175 657 1252 713 dictis
1274 658 1430 715 harmoniae
1447 659 1569 730 prostitue

156 751 159 756 ·
225 737 340 806 majores
358 737 440 806 hisce,
459 737 563 794 scilicet
581 738 624 793 rel
643 737 676 806 Ἃ
695 736 736 790 rel
757 735 789 806 ¹l,
807 737 850 792 sel
868 737 901 805 il,
920 738 962 794 vel
980 738 1022 806 ³4.
1313 744 1319 752 “

311 815 430 869 Rursum
449 815 537 885 ligura
554 816 624 871 inter
640 817 773 871 Venerem
791 823 820 870 et
837 816 1001 874 Mercurium
1018 816 1191 884 interlocata,
1210 817 1314 872 scilicet
1332 816 1488 888 octaedron,
1507 834 1569 888 pro-

225 893 377 964 portionem
395 892 479 949 babat
496 894 610 949 eandem
629 911 737 950 suorum
756 894 869 965 orbium,
888 911 968 966 quarn
987 895 1088 952 cubus:
1108 901 1136 950 at
1154 897 1224 950 cubo
1242 913 1291 965 pro
1309 895 1404 949 minori
1422 896 1569 963 harmonia,

225 989 295 1042 quae
314 980 356 1028 εει
372 974 443 1028 inter
461 982 550 1030 motus
568 981 769 1043 conserpentes,
788 974 898 1036 obvenit
915 974 1054 1045 diapason,
1073 990 1122 1044 per
1139 991 1217 1043 prop.
1236 975 1260 1042 7,
1279 988 1343 1043 ergo
1361 974 1505 1030 deberetur
1521 991 1571 1045 par

225 1051 376 1122 analogiam
394 1053 475 1108 etiarn
494 1053 621 1109 octaedro
640 1061 724 1120 tanta,
741 1071 778 1110 sc.
802 1054 832 1125 Ἰ,
853 1071 903 1124 pro
921 1055 1026 1125 nrinori,
1045 1055 1068 1110 si
1086 1054 1153 1110 nihil
1172 1053 1334 1110 diversitatis
1353 1055 1501 1112 accederet.
1518 1057 1570 1110 ne:

226 1131 298 1186 c'edit
315 1137 406 1186 autem
423 1131 476 1187 hoc
494 1132 664 1199 diversitatis,
682 1133 756 1204 quod
774 1131 927 1188 cubicorum
947 1131 1054 1201 quidem
1072 1133 1252 1202 planetarum,
1270 1131 1379 1186 Saturni
1398 1147 1435 1187 sc.
1447 1140 1474 1186 at
1485 1134 1570 1204 Jovis,

227 1208 392 1276 singulorum
410 1211 535 1281 propriae
552 1219 673 1267 motuum
700 1212 889 1282 proportiones
912 1211 1025 1279 junctae
1043 1209 1197 1266 efficiebant
1222 1225 1352 1264 summam
1370 1227 1424 1266 nou
1442 1211 1571 1280 maiorem

225 1303 307 1354 quam
328 1287 370 1356 M„
389 1287 433 1342 bic
450 1305 513 1344 vero
526 1291 739 1346 octaedricorum
751 1291 929 1360 planetarum,
949 1289 1061 1346 Veneris
1074 1297 1101 1344 et
1114 1287 1249 1354 Mercurii,
1269 1287 1434 1354 singulorum
1446 1289 1572 1358 propriae

222 1365 335 1432 junctae
352 1366 452 1422 facient
470 1383 601 1423 summam
619 1369 747 1437 majorem
766 1385 846 1439 quam
867 1370 910 1438 d„
929 1368 1001 1438 quod
1019 1367 1099 1423 facile
1119 1367 1157 1423 sic
1175 1373 1297 1435 apparet.
1314 1367 1384 1420 Esto
1402 1367 1479 1426 enim.
1498 1367 1571 1436 quod

225 1445 376 1512 requireret
394 1445 518 1515 analogia
534 1447 607 1502 inter
623 1450 721 1503 cubum
740 1455 768 1503 et
784 1448 947 1515 octaedron,
976 1447 999 1502 si
1017 1447 1076 1502 sola
1093 1453 1178 1511 esset,
1204 1446 1240 1501 sit
1266 1447 1375 1514 inquam
1393 1446 1480 1501 minor
1498 1454 1572 1501 octe·

227 1523 327 1592 edrico,
343 1525 429 1592 maJ'or
446 1539 526 1592 quam
544 1534 607 1581 sunt
625 1527 670 1584 hic
687 1528 879 1598 praescriptae,
898 1527 1020 1596 adeoque
1033 1527 1072 1582 sic
1089 1527 1170 1597 plane
1181 1533 1266 1595 tanta,
1285 1533 1387 1594 quanta
1398 1522 1451 1579 fuit
1469 1525 1572 1594 cubica,
1658 1587 1663 1600 ,

227 1602 331 1658 scilicet
352 1600 395 1674 Ἶρι
414 1611 473 1659 erat
488 1619 553 1658 vero
571 1605 657 1674 major
678 1607 709 1679 Ἰὗ
727 1623 776 1678 ρει
793 1623 870 1676 ριορ.
889 1607 932 1665 12.
967 1605 1067 1676 Ablata
1084 1606 1166 1674 igitur
1183 1604 1262 1672 hinc,
1286 1620 1367 1673 quam
1384 1605 1464 1659 modo
1482 1606 1573 1675 posui·

226 1697 294 1748 raus,
312 1682 414 1737 minore
436 1682 484 1755 ¹1„
513 1693 605 1740 manet
623 1685 712 1740 adbuc
733 1685 764 1756 ¹1,
785 1701 835 1754 pro
853 1700 957 1742 summa
974 1685 1144 1754 propriarum
1161 1682 1274 1739 Veneria
1292 1691 1320 1738 et
1337 1684 1574 1756 Mercurii„atqui

230 1760 261 1834 Ἰ,
275 1762 340 1832 plus
358 1769 401 1817 est
418 1780 498 1834 quam
516 1780 619 1820 summa
639 1765 671 1834 ²l,
688 1764 859 1834 propriarum
878 1763 987 1819 Saturni
1007 1771 1034 1818 ει
1052 1764 1140 1832 Joris,
1167 1770 1195 1817 et
1211 1778 1274 1816 vero
1296 1761 1423 1830 majorem
1442 1759 1573 1819 sumniam

226 1841 297 1896 banc
315 1840 402 1910 major
420 1842 543 1910 sequitur
561 1843 761 1914 eoccntricitas,
785 1858 835 1913 per
853 1857 912 1912 cap.
931 1842 960 1908 3,
979 1841 1106 1910 majorem
1124 1857 1188 1896 sero
1207 1841 1434 1896 eccentricitatem
1452 1844 1574 1910 sequitur

226 1921 313 1975 minor
330 1921 468 1990 proportio
487 1927 607 1976 motuum
626 1922 853 1990 conserpentium,
871 1936 920 1989 per
939 1919 1009 1974 idem
1028 1936 1087 1989 cap.
1100 1921 1124 1976 3.
1144 1921 1233 1989 Quare
1248 1919 1279 1974 tt
1292 1921 1446 1974 accessione
1463 1920 1573 1988 majoris

227 1999 435 2054 eceentricitatls
454 1999 488 2056 ad
504 1999 659 2072 analogiam
682 2001 754 2056 inter
781 2002 880 2056 cubum
908 2005 935 2053 ει
961 1999 1119 2068 octaedron,
1148 2007 1178 2054 ut
1205 1999 1291 2053 minor
1313 1999 1394 2053 etiam
1421 2000 1574 2070 requiratur

148 2078 152 2084 '
226 2077 446 2144 conserpentinm
466 2078 580 2135 Veneris
608 2086 636 2134 et
654 2081 782 2138 Mercurii
806 2077 961 2149 proportio,
990 2093 1071 2148 quam
1092 2077 1134 2150 ἸΨ
1171 2077 1202 2133 ld
1229 2077 1309 2132 etiam
1335 2079 1496 2132 couveniens
1515 2088 1574 2135 erat

227 2156 356 2210 axiomati
374 2158 408 2225 t,
436 2163 465 2211 ut
483 2157 624 2216 harmonia
650 2159 781 2229 diapason
810 2158 935 2214 absumta
962 2158 990 2211 in
1008 2155 1118 2213 cubicos
1136 2156 1325 2212 conciliaretur
1342 2157 1501 2212 ocmddricis
1520 2156 1573 2212 alia

226 2235 350 2302 proxima
367 2241 396 2290 et
412 2249 461 2304 per
478 2238 598 2306 priorem
616 2237 872 2294 demonstrationem
887 2227 978 2291 'mium
1003 2251 1084 2305 quarn
1106 2238 1145 2305 ἸΨ
1181 2237 1234 2291 Εει
1259 2241 1348 2290 autem
1374 2236 1425 2290 hac
1451 2235 1573 2304 proxime

225 2313 313 2368 minor
331 2315 378 2382 Ἃ,
398 2330 467 2384 quae
485 2323 516 2370 ιιι
533 2313 620 2386 mejor
637 2333 672 2372 cx
689 2317 778 2372 tribus
797 2315 946 2371 debebatur
962 2315 1065 2385 figurae
1083 2315 1192 2384 majoris
1210 2315 1316 2370 orbium
1334 2328 1444 2368 suorum
1461 2327 1572 2382 propor-

196 2397 200 2420 ¹
225 2392 315 2460 tionis,
333 2393 461 2450 octaedro
479 2394 589 2452 scilicet.
626 2397 746 2452 Minores
772 2397 855 2465 igitur
872 2396 905 2464 il,
923 2403 951 2451 et
971 2393 1002 2467 Ἴ,
1025 2395 1067 2450 vel
1085 2393 1119 2463 ³),
1145 2395 1367 2465 relinquebantur
1392 2391 1526 2447 icosiedro
1544 2395 1573 2444 et

226 2469 405 2540 dodecaedro,
424 2471 518 2542 figuris
536 2475 718 2545 proportionis
737 2475 841 2530 orbium
859 2490 969 2530 suorum
986 2473 1105 2530 minoris.
1491 2497 1494 2506 ·

312 2551 372 2606 Hae
399 2567 462 2608 vero
488 2553 614 2610 residuae
639 2554 711 2610 inter
738 2551 805 2609 duas
829 2552 1018 2608 residuarum
1043 2560 1107 2607 suut
1133 2549 1301 2606 distributae.
1338 2549 1414 2608 Sicut
1440 2549 1511 2604 enirn
1538 2561 1572 2601 ex

225 2629 331 2701 liguris,
359 2629 423 2686 licet
448 2631 601 2702 aequalium
619 2633 691 2689 inter
718 2648 782 2688 suos
809 2632 888 2687 orbes
915 2630 1133 2700 proportionum,
1161 2630 1247 2684 cubus
1274 2627 1381 2698 quidem
1401 2629 1512 2686 sortitus
1531 2632 1574 2683 est

224 2706 392 2764 harmoniam
410 2710 460 2779 ¹l„
488 2712 635 2767 octaedron
653 2727 716 2766 sero
736 2709 768 2780 ⁸),
785 2710 931 2778 minorem,
963 2726 995 2765 eo
1014 2709 1086 2779 quod
1105 2722 1210 2762 summa
1226 2707 1396 2778 propriarum
1414 2708 1527 2763 Veneris
1546 2715 1574 2763 et

225 2787 351 2842 Mercurii
370 2797 511 2858 superaret
534 2805 665 2845 summam
689 2789 860 2860 propriarum
879 2790 989 2845 Saturni
1013 2796 1041 2843 ct
1058 2787 1147 2842 Joris:
1178 2787 1217 2842 sic
1235 2787 1315 2840 etiam
1333 2787 1376 2842 bic
1394 2786 1572 2858 dodecaedro,

225 2849 346 2933 quamvis
364 2857 391 2920 id
411 2867 524 2924 eandem
541 2867 624 2924 iaciat
642 2855 746 2926 o'rbium
764 2885 874 2924 snorum
892 2867 1095 2939 proportionem
1123 2882 1204 2936 quam
1230 2866 1396 2936 icosiedron,
1424 2865 1574 2921 debebatur

225 2945 313 2998 minor
331 2961 410 3013 quam
430 2945 579 3022 icdsiedro,
604 2949 729 3016 proxima
746 2954 838 3003 tamen
856 2955 969 3016 propter
987 2947 1101 3004 similem
1119 2959 1244 3012 causam,
1263 2961 1300 3000 sc.
1319 2945 1384 3013 quia
1401 2945 1469 3000 haec
1486 2945 1574 3015 figura

226 3030 269 3078 est
285 3023 357 3080 inter
374 3023 511 3080 Tellurem
529 3035 557 3080 et
574 3025 703 3097 Martem,
731 3029 809 3098 cujus
828 3027 855 3082 in
874 3027 1059 3097 superioribus
1078 3041 1175 3094 magna
1199 3024 1277 3102 iacta
1295 3031 1355 3079 erat
1372 3025 1571 3094 eccautricitas;

225 3102 337 3158 Veneris
355 3119 419 3159 vero
437 3112 466 3159 et
483 3105 614 3175 Telluris,
642 3113 674 3161 ut
691 3108 719 3161 in
738 3107 914 3175 sequentihus
933 3106 1084 3176 audiemus,
1111 3103 1236 3159 minimae
1262 3110 1327 3158 sunt
1349 3103 1572 3160 eccentricitetes.

225 3182 261 3242 At
279 3199 341 3238 cum
359 3183 506 3240 octaedmn
524 3185 626 3242 habeat
643 3186 695 3255 ³1„
713 3186 873 3252 icosiedron,
892 3187 972 3254 cujus
991 3185 1095 3240 orbium
1113 3183 1253 3254 proportio
1270 3181 1365 3250 minor,
1385 3181 1573 3236 succedentem

225 3261 308 3330 paulo
325 3263 455 3318 minorem
473 3263 533 3328 illa,
558 3281 596 3320 sc.
617 3267 662 3335 Ἶρι
687 3265 890 3335 relinquebatur
906 3266 990 3334 igitur
1008 3263 1176 3319 dodecatdro
1198 3261 1240 3316 rel
1261 3261 1293 3331 Ἰ,
1311 3261 1436 3330 residua,
1463 3258 1506 3314 vei
1525 3260 1572 3330 Ἃ,

226 3339 317 3407 potius
335 3356 399 3395 vero
417 3341 473 3410 illa,
491 3343 592 3412 quippe
610 3344 720 3413 propior
736 3344 919 3400 icosaddricae
938 3346 986 3412 ll„
1005 3345 1068 3412 quia
1086 3351 1114 3398 et
1131 3341 1234 3411 figurae
1252 3340 1353 3406 similes
1371 3349 1444 3395 sunt.

310 3419 347 3472 At
365 3435 399 3474 ne
417 3421 554 3490 possibilis
573 3423 680 3490 quidem
699 3422 752 3478 iuit
770 3423 812 3492 ³!s·
849 3422 910 3477 litai
938 3423 1008 3476 enim
1040 3421 1105 3476 satis
1132 3435 1231 3490 magna
1249 3429 1307 3474 erat
1334 3420 1362 3474 in
1389 3420 1573 3489 superioribus

227 3498 336 3568 propria
352 3502 492 3570 proportio
510 3507 631 3556 motuum
650 3508 830 3556 extremorum
843 3501 955 3570 Martis,
973 3509 1003 3556 at
1014 3499 1115 3566 Tellus,
1134 3507 1165 3554 ut
1178 3497 1236 3566 jam
1249 3499 1350 3554 dictum
1367 3505 1396 3552 et
1412 3493 1441 3552 in
1459 3513 1573 3565 sequen·

227 3574 298 3632 tibus
316 3577 428 3646 patebit,
447 3578 604 3634 conterebat
621 3579 758 3648 propriam
777 3581 915 3647 minorem,
934 3595 1016 3648 quam
1034 3582 1066 3632 nt
1083 3593 1187 3631 summa
1199 3579 1339 3646 utriusque
1357 3584 1498 3646 superaret
1516 3575 1572 3631 dia·

227 3663 316 3724 pente.
352 3658 415 3714 Non
432 3666 540 3728 poterat
557 3660 640 3728 igitur
657 3659 746 3714 locum
764 3659 865 3713 hahere
884 3660 931 3729 ll„
954 3674 1004 3726 per
1029 3672 1106 3726 prop.
1125 3657 1151 3712 7.
1185 3655 1268 3710 Ideo
1287 3655 1416 3725 amplius,
1442 3653 1519 3723 quia,
1542 3661 1573 3708 ut

228 3742 357 3804 sequetur
383 3752 460 3806 prop.
482 3739 521 3809 17,
540 3738 626 3808 mador
651 3753 711 3794 esse
740 3737 834 3794 debuit
850 3737 1051 3795 intervallorum
1070 3733 1287 3804 concernentium
1311 3733 1464 3806 proportio,
1492 3747 1572 3800 quarn

231 3813 335 3884 ¹⁰⁰⁰sssa·

314 3889 544 3968 Propositio
571 3889 659 3950 XVI.
706 3889 827 3951 Veneris
851 3897 881 3951 ει
902 3889 1039 3952 Mercurii
1063 3896 1195 3948 motuum
1222 3888 1443 3966 proportiones,
1472 3885 1573 3962 cujus-

229 3994 286 4054 que
308 3980 453 4055 proprisa,
472 3978 594 4054 junctae
619 3978 781 4040 debuerunt
803 3978 917 4039 efficere
941 3975 992 4060 δίη
1015 3979 1137 4037 εἰιείιει.

297 4067 382 4124 Aufer
400 4069 471 4122 enim
488 4068 619 4124 minorem
637 4069 820 4126 harmonicam
840 4069 894 4142 ³1„
911 4071 975 4124 buic
993 4070 1071 4138 bigae
1089 4068 1268 4124 communiter
1284 4066 1413 4122 tributam
1430 4081 1509 4137 prop.
1529 4063 1572 4131 15,

229 4147 262 4204 ab
279 4147 388 4204 illorum
402 4147 498 4216 mnjori
517 4149 547 4220 M,
565 4149 608 4204 vel
626 4151 689 4220 ”lm
707 4165 757 4221 per
774 4165 853 4220 prop.
870 4151 910 4219 12,
929 4155 1015 4205 restat
1026 4149 1092 4220 lim
1110 4165 1215 4204 summa
1231 4146 1403 4218 propriarum
1421 4142 1571 4210 utriusque.

228 4227 324 4295 ltaque
341 4227 470 4283 Mercurii
487 4228 572 4283 solius
598 4229 709 4298 propria
722 4238 859 4284 ‚motuum
883 4234 1065 4290 extremorum
1093 4228 1233 4299 proportio
1259 4226 1347 4280 minor
1364 4230 1406 4279 est
1424 4236 1504 4292 quam
1523 4219 1571 4289 il„

210 4375 213 4383 ¹
229 4306 379 4375 quantitate
400 4308 526 4376 propriae
544 4307 666 4364 Veneris.
694 4309 825 4378 ,Intellige
851 4310 905 4364 boc
930 4309 964 4364 de
982 4309 1025 4365 his
1043 4309 1135 4380 primis
1155 4305 1313 4362 rationibus.
1349 4303 1419 4358 llam
1437 4298 1507 4354 inira
1524 4313 1574 4367 per

229 4385 362 4440 secundas
379 4387 512 4456 redonas,
540 4387 686 4442 accedente
706 4388 892 4448 communibus
910 4389 1051 4456 utriusque
1069 4384 1214 4442 harmoniis
1232 4383 1323 4452 aliquo
1341 4379 1489 4446 fermento,
1516 4375 1573 4431 cifi-

230 4464 329 4534 cietur,
347 4471 379 4518 ut
396 4462 454 4518 sola
471 4463 582 4534 propria
600 4463 728 4518 Mercurii
744 4465 865 4534 perfecte
883 4465 1005 4520 obtineat
1022 4465 1081 4536 ⁶J„.

316 4537 532 4616 Propositio
554 4537 659 4599 XVII.
703 4540 864 4601 Harmonia
885 4549 1018 4598 motuum
1042 4539 1146 4599 Martis
1169 4544 1198 4597 et
1214 4533 1341 4594 Telluris
1363 4531 1573 4608 divergentium

230 4643 289 4690 uun
310 4627 408 4702 potuit
429 4643 494 4686 ease
516 4628 610 4686 minor
633 4645 721 4704 quam
743 4623 806 4708 ⁶42.

315 4710 385 4764 Nam
403 4699 478 4764 solus
495 4708 571 4766 Mars
590 4719 685 4766 nactus
703 4709 756 4766 tuit
772 4709 800 4764 iu
818 4707 929 4777 propria
949 4722 1059 4762 suorum
1071 4713 1203 4786 ⁸motuum
1222 4704 1394 4774 proportione
1411 4702 1473 4774 plus
1492 4716 1572 4769 quam

231 4787 400 4846 diatessaron
419 4795 447 4843 ει
462 4787 525 4858 plus
542 4805 623 4860 quam
643 4787 714 4862 ¹⁸12„
740 4789 789 4858 ρει
806 4804 884 4857 prop.
902 4788 945 4841 14.
982 4786 1072 4842 Minor
1089 4801 1152 4843 uero
1170 4785 1311 4842 harmonia
1332 4777 1441 4842 illorum
1458 4791 1501 4840 est
1518 4781 1573 4836 diac

283 4895 380 4950 xsplsrl
392 4895 467 4948 Opera
478 4897 506 4941 v.
1377 4881 1418 4940 20
