<?xml version="1.0" encoding="UTF-8"?>
<!DOCTYPE html PUBLIC "-//W3C//DTD XHTML 1.0 Transitional//EN"
    "http://www.w3.org/TR/xhtml1/DTD/xhtml1-transitional.dtd">
<html xmlns="http://www.w3.org/1999/xhtml" xml:lang="en" lang="en">
 <head>
  <title>
</title>
<meta http-equiv="Content-Type" content="text/html;charset=utf-8" />
  <meta name='ocr-system' content='tesseract 3.04.00' />
  <meta name='ocr-capabilities' content='ocr_page ocr_carea ocr_par ocr_line ocrx_word'/>
</head>
<body>
  <div class='ocr_page' id='page_1' title='image "./joanniskepleria26frisgoog_0484.png"; bbox 0 0 3732 5528; ppageno 0'>
   <div class='ocr_carea' id='block_1_1' title="bbox 862 323 1606 456">
    <p class='ocr_par' dir='ltr' id='par_1_1' title="bbox 862 323 1606 456">
     <span class='ocr_line' id='line_1_1' title="bbox 862 323 1606 456; baseline 0.007 -17"><span class='ocrx_word' id='word_1_1' title='bbox 862 365 1002 440; x_wconf 68' lang='lat' dir='ltr'><strong>teotonis-</strong></span> <span class='ocrx_word' id='word_1_2' title='bbox 1477 323 1503 456; x_wconf 29' lang='lat'><strong>¹,</strong></span> <span class='ocrx_word' id='word_1_3' title='bbox 1543 385 1606 446; x_wconf 73' lang='lat' dir='ltr'><strong>aaa</strong></span> 
     </span>
    </p>
   </div>
   <div class='ocr_carea' id='block_1_2' title="bbox 176 547 1652 3592">
    <p class='ocr_par' dir='ltr' id='par_1_2' title="bbox 176 547 1635 1844">
     <span class='ocr_line' id='line_1_2' title="bbox 176 547 1606 636; baseline 0.009 -29"><span class='ocrx_word' id='word_1_4' title='bbox 176 575 181 593; x_wconf 62' lang='grc' dir='ltr'><strong>ι</strong></span> <span class='ocrx_word' id='word_1_5' title='bbox 256 549 450 624; x_wconf 76' lang='lat' dir='ltr'><strong>argumentis,</strong></span> <span class='ocrx_word' id='word_1_6' title='bbox 484 547 578 606; x_wconf 88' lang='lat' dir='ltr'><strong>solum</strong></span> <span class='ocrx_word' id='word_1_7' title='bbox 603 548 650 608; x_wconf 87' lang='lat' dir='ltr'><strong>rel</strong></span> <span class='ocrx_word' id='word_1_8' title='bbox 673 547 827 608; x_wconf 80' lang='lat' dir='ltr'><strong>affirmanti</strong></span> <span class='ocrx_word' id='word_1_9' title='bbox 858 547 906 607; x_wconf 86' lang='lat' dir='ltr'><strong>vel</strong></span> <span class='ocrx_word' id='word_1_10' title='bbox 929 551 1047 623; x_wconf 75' lang='lat' dir='ltr'><strong>neganti</strong></span> <span class='ocrx_word' id='word_1_11' title='bbox 1058 565 1121 636; x_wconf 86' lang='lat' dir='ltr'><strong>pro</strong></span> <span class='ocrx_word' id='word_1_12' title='bbox 1145 551 1249 610; x_wconf 86' lang='lat' dir='ltr'><strong>lubitu.</strong></span> <span class='ocrx_word' id='word_1_13' title='bbox 1296 555 1528 617; x_wconf 82' lang='lat' dir='ltr'><strong>Auctoritatlbus</strong></span> <span class='ocrx_word' id='word_1_14' title='bbox 1551 577 1606 636; x_wconf 85' lang='lat' dir='ltr'><strong>ego</strong></span> 
     </span>
     <span class='ocr_line' id='line_1_3' title="bbox 255 634 1605 720; baseline 0.01 -27"><span class='ocrx_word' id='word_1_15' title='bbox 255 634 497 713; x_wconf 88' lang='lat' dir='ltr'><strong>philosophorum</strong></span> <span class='ocrx_word' id='word_1_16' title='bbox 526 643 592 694; x_wconf 90' lang='lat' dir='ltr'><strong>utor</strong></span> <span class='ocrx_word' id='word_1_17' title='bbox 622 637 737 712; x_wconf 84' lang='lat' dir='ltr'><strong>quoties</strong></span> <span class='ocrx_word' id='word_1_18' title='bbox 764 651 883 712; x_wconf 90' lang='lat' dir='ltr'><strong>possum</strong></span> <span class='ocrx_word' id='word_1_19' title='bbox 914 645 943 692; x_wconf 92' lang='lat' dir='ltr'><strong>et</strong></span> <span class='ocrx_word' id='word_1_20' title='bbox 965 639 1080 712; x_wconf 88' lang='lat' dir='ltr'><strong>quoties</strong></span> <span class='ocrx_word' id='word_1_21' title='bbox 1103 637 1169 697; x_wconf 87' lang='lat' dir='ltr'><strong>de</strong></span> <span class='ocrx_word' id='word_1_22' title='bbox 1162 641 1197 696; x_wconf 86' lang='lat' dir='ltr'><strong>ris</strong></span> <span class='ocrx_word' id='word_1_23' title='bbox 1227 639 1298 698; x_wconf 94' lang='lat' dir='ltr'><strong>mihi</strong></span> <span class='ocrx_word' id='word_1_24' title='bbox 1321 651 1449 720; x_wconf 69' lang='grc' dir='ltr'>ιοιιιιιις</span> <span class='ocrx_word' id='word_1_25' title='bbox 1483 647 1584 720; x_wconf 82' lang='lat' dir='ltr'><strong>quid·</strong></span> <span class='ocrx_word' id='word_1_26' title='bbox 1576 665 1605 706; x_wconf 90' lang='lat' dir='ltr'><strong>m</strong></span> 
     </span>
     <span class='ocr_line' id='line_1_4' title="bbox 256 723 1606 810; baseline 0.006 -24"><span class='ocrx_word' id='word_1_27' title='bbox 256 723 399 798; x_wconf 78' lang='lat' dir='ltr'><strong>religione</strong></span> <span class='ocrx_word' id='word_1_28' title='bbox 421 725 513 780; x_wconf 88' lang='lat' dir='ltr'><strong>secuti</strong></span> <span class='ocrx_word' id='word_1_29' title='bbox 536 725 604 797; x_wconf 90' lang='lat' dir='ltr'><strong>sint,</strong></span> <span class='ocrx_word' id='word_1_30' title='bbox 628 723 699 781; x_wconf 91' lang='lat' dir='ltr'><strong>nlhil</strong></span> <span class='ocrx_word' id='word_1_31' title='bbox 723 723 760 781; x_wconf 89' lang='lat' dir='ltr'><strong>ad</strong></span> <span class='ocrx_word' id='word_1_32' title='bbox 784 723 860 782; x_wconf 79' lang='lat' dir='ltr'><strong>harre</strong></span> <span class='ocrx_word' id='word_1_33' title='bbox 881 723 1111 803; x_wconf 80' lang='lat' dir='ltr'>philosophiam,</span> <span class='ocrx_word' id='word_1_34' title='bbox 1136 728 1275 801; x_wconf 91' lang='lat' dir='ltr'><strong>quamdiu</strong></span> <span class='ocrx_word' id='word_1_35' title='bbox 1297 727 1436 801; x_wconf 65' lang='lat' dir='ltr'><strong>dogmata</strong></span> <span class='ocrx_word' id='word_1_36' title='bbox 1459 731 1606 810; x_wconf 77' lang='lat' dir='ltr'><strong>religionis</strong></span> 
     </span>
     <span class='ocr_line' id='line_1_5' title="bbox 258 811 1606 909; baseline 0.01 -42"><span class='ocrx_word' id='word_1_37' title='bbox 258 828 315 868; x_wconf 93' lang='lat' dir='ltr'><strong>non</strong></span> <span class='ocrx_word' id='word_1_38' title='bbox 341 811 511 868; x_wconf 77' lang='lat' dir='ltr'><strong>immiscent.</strong></span> <span class='ocrx_word' id='word_1_39' title='bbox 558 811 603 868; x_wconf 81' lang='lat' dir='ltr'><strong>Tu</strong></span> <span class='ocrx_word' id='word_1_40' title='bbox 628 811 887 909; x_wconf 86' lang='lat' dir='ltr'><strong>inaequalisslmus</strong></span> <span class='ocrx_word' id='word_1_41' title='bbox 904 827 982 871; x_wconf 88' lang='lat' dir='ltr'><strong>nuno</strong></span> <span class='ocrx_word' id='word_1_42' title='bbox 1005 828 1159 872; x_wconf 82' lang='lat' dir='ltr'><strong>succenses</strong></span> <span class='ocrx_word' id='word_1_43' title='bbox 1177 815 1331 890; x_wconf 83' lang='lat' dir='ltr'><strong>excipienti</strong></span> <span class='ocrx_word' id='word_1_44' title='bbox 1355 827 1456 876; x_wconf 81' lang='lat' dir='ltr'><strong>eorrtra</strong></span> <span class='ocrx_word' id='word_1_45' title='bbox 1477 825 1606 882; x_wconf 87' lang='lat' dir='ltr'><strong>auctori-</strong></span> 
     </span>
     <span class='ocr_line' id='line_1_6' title="bbox 255 895 1606 975; baseline 0.009 -19"><span class='ocrx_word' id='word_1_46' title='bbox 255 906 348 972; x_wconf 90' lang='lat' dir='ltr'><strong>tates,</strong></span> <span class='ocrx_word' id='word_1_47' title='bbox 373 897 421 955; x_wconf 90' lang='lat' dir='ltr'><strong>ubi</strong></span> <span class='ocrx_word' id='word_1_48' title='bbox 445 899 573 957; x_wconf 89' lang='lat' dir='ltr'><strong>rationes</strong></span> <span class='ocrx_word' id='word_1_49' title='bbox 597 907 722 973; x_wconf 85' lang='lat' dir='ltr'><strong>cogunt,</strong></span> <span class='ocrx_word' id='word_1_50' title='bbox 751 915 827 956; x_wconf 87' lang='lat' dir='ltr'><strong>rrune</strong></span> <span class='ocrx_word' id='word_1_51' title='bbox 852 906 951 956; x_wconf 87' lang='lat' dir='ltr'><strong>omnes</strong></span> <span class='ocrx_word' id='word_1_52' title='bbox 973 895 1107 958; x_wconf 82' lang='lat' dir='ltr'><strong>auctores</strong></span> <span class='ocrx_word' id='word_1_53' title='bbox 1130 899 1227 975; x_wconf 77' lang='lat' dir='ltr'><strong>rejicis</strong></span> <span class='ocrx_word' id='word_1_54' title='bbox 1250 920 1315 960; x_wconf 91' lang='lat' dir='ltr'><strong>cum</strong></span> <span class='ocrx_word' id='word_1_55' title='bbox 1339 907 1498 964; x_wconf 84' lang='lat' dir='ltr'><strong>stomacho.</strong></span> <span class='ocrx_word' id='word_1_56' title='bbox 1544 909 1606 968; x_wconf 77' lang='lat' dir='ltr'><strong>llx-</strong></span> 
     </span>
     <span class='ocr_line' id='line_1_7' title="bbox 255 984 1605 1066; baseline 0.006 -22"><span class='ocrx_word' id='word_1_57' title='bbox 255 987 380 1046; x_wconf 88' lang='lat' dir='ltr'><strong>scribam</strong></span> <span class='ocrx_word' id='word_1_58' title='bbox 404 994 453 1042; x_wconf 91' lang='lat' dir='ltr'><strong>tua</strong></span> <span class='ocrx_word' id='word_1_59' title='bbox 475 985 524 1043; x_wconf 92' lang='lat' dir='ltr'><strong>hic</strong></span> <span class='ocrx_word' id='word_1_60' title='bbox 547 987 653 1044; x_wconf 73' lang='lat' dir='ltr'><strong>verbere</strong></span> <span class='ocrx_word' id='word_1_61' title='bbox 689 984 763 1062; x_wconf 78' lang='lat' dir='ltr'><strong>Lepi</strong></span> <span class='ocrx_word' id='word_1_62' title='bbox 792 991 819 1044; x_wconf 88' lang='lat' dir='ltr'><strong>et</strong></span> <span class='ocrx_word' id='word_1_63' title='bbox 847 987 938 1060; x_wconf 77' lang='lat' dir='ltr'><strong>relepi</strong></span> <span class='ocrx_word' id='word_1_64' title='bbox 967 989 1105 1046; x_wconf 81' lang='lat' dir='ltr'><strong>omnium</strong></span> <span class='ocrx_word' id='word_1_65' title='bbox 1136 987 1324 1048; x_wconf 65' lang='lat' dir='ltr'><strong>amnicorum</strong></span> <span class='ocrx_word' id='word_1_66' title='bbox 1351 995 1464 1066; x_wconf 84' lang='lat' dir='ltr'><strong>scriptu</strong></span> <span class='ocrx_word' id='word_1_67' title='bbox 1494 995 1583 1055; x_wconf 80' lang='lat' dir='ltr'><strong>huc·</strong></span> <span class='ocrx_word' id='word_1_68' title='bbox 1571 1015 1605 1056; x_wconf 85' lang='grc' dir='ltr'><strong>ιιι</strong></span> 
     </span>
     <span class='ocr_line' id='line_1_8' title="bbox 254 1070 1604 1147; baseline 0.009 -17"><span class='ocrx_word' id='word_1_69' title='bbox 254 1089 295 1144; x_wconf 84' lang='lat' dir='ltr'><strong>re,</strong></span> <span class='ocrx_word' id='word_1_70' title='bbox 320 1089 374 1132; x_wconf 83' lang='lat' dir='ltr'><strong>uec</strong></span> <span class='ocrx_word' id='word_1_71' title='bbox 397 1071 467 1130; x_wconf 85' lang='lat' dir='ltr'><strong>inde</strong></span> <span class='ocrx_word' id='word_1_72' title='bbox 489 1075 570 1130; x_wconf 81' lang='lat' dir='ltr'><strong>euasi</strong></span> <span class='ocrx_word' id='word_1_73' title='bbox 591 1073 714 1132; x_wconf 70' lang='lat' dir='ltr'><strong>docdm.</strong></span> <span class='ocrx_word' id='word_1_74' title='bbox 756 1070 837 1147; x_wconf 81' lang='lat' dir='ltr'><strong>Quid</strong></span> <span class='ocrx_word' id='word_1_75' title='bbox 861 1073 930 1131; x_wconf 87' lang='lat' dir='ltr'><strong>mihi</strong></span> <span class='ocrx_word' id='word_1_76' title='bbox 955 1072 1079 1142; x_wconf 84' lang='lat' dir='ltr'><strong>diceres,</strong></span> <span class='ocrx_word' id='word_1_77' title='bbox 1109 1076 1134 1133; x_wconf 92' lang='lat' dir='ltr'><strong>si</strong></span> <span class='ocrx_word' id='word_1_78' title='bbox 1156 1075 1232 1133; x_wconf 90' lang='lat' dir='ltr'><strong>hanc</strong></span> <span class='ocrx_word' id='word_1_79' title='bbox 1256 1083 1334 1134; x_wconf 87' lang='lat' dir='ltr'><strong>tuam</strong></span> <span class='ocrx_word' id='word_1_80' title='bbox 1365 1082 1523 1140; x_wconf 89' lang='lat' dir='ltr'><strong>orationem</strong></span> <span class='ocrx_word' id='word_1_81' title='bbox 1546 1086 1604 1143; x_wconf 91' lang='lat' dir='ltr'><strong>tuis</strong></span> 
     </span>
     <span class='ocr_line' id='line_1_9' title="bbox 253 1159 1603 1238; baseline 0.009 -21"><span class='ocrx_word' id='word_1_82' title='bbox 253 1162 346 1237; x_wconf 89' lang='lat' dir='ltr'><strong>ipsius</strong></span> <span class='ocrx_word' id='word_1_83' title='bbox 368 1159 465 1218; x_wconf 88' lang='lat' dir='ltr'><strong>verbis</strong></span> <span class='ocrx_word' id='word_1_84' title='bbox 487 1159 668 1217; x_wconf 86' lang='lat' dir='ltr'><strong>retunderem</strong></span> <span class='ocrx_word' id='word_1_85' title='bbox 693 1177 728 1218; x_wconf 83' lang='lat' dir='ltr'><strong>ex</strong></span> <span class='ocrx_word' id='word_1_86' title='bbox 751 1161 859 1236; x_wconf 85' lang='lat' dir='ltr'><strong>pagina</strong></span> <span class='ocrx_word' id='word_1_87' title='bbox 882 1169 933 1218; x_wconf 87' lang='lat' dir='ltr'><strong>tna</strong></span> <span class='ocrx_word' id='word_1_88' title='bbox 958 1163 1013 1218; x_wconf 83' lang='lat'><strong>15:</strong></span> <span class='ocrx_word' id='word_1_89' title='bbox 1046 1159 1129 1220; x_wconf 83' lang='lat' dir='ltr'><strong>Deus</strong></span> <span class='ocrx_word' id='word_1_90' title='bbox 1159 1161 1234 1220; x_wconf 81' lang='lat' dir='ltr'><strong>horse</strong></span> <span class='ocrx_word' id='word_1_91' title='bbox 1256 1172 1407 1238; x_wconf 81' lang='lat' dir='ltr'><strong>quantum</strong></span> <span class='ocrx_word' id='word_1_92' title='bbox 1430 1173 1472 1225; x_wconf 88' lang='lat' dir='ltr'><strong>eat</strong></span> <span class='ocrx_word' id='word_1_93' title='bbox 1493 1171 1527 1227; x_wconf 84' lang='grc' dir='ltr'><strong>ιἰι</strong></span> <span class='ocrx_word' id='word_1_94' title='bbox 1548 1171 1603 1231; x_wconf 84' lang='lat' dir='ltr'><strong>ho-</strong></span> 
     </span>
     <span class='ocr_line' id='line_1_10' title="bbox 252 1247 1605 1322; baseline 0.007 -16"><span class='ocrx_word' id='word_1_95' title='bbox 252 1249 334 1306; x_wconf 85' lang='lat' dir='ltr'><strong>mine</strong></span> <span class='ocrx_word' id='word_1_96' title='bbox 365 1249 420 1305; x_wconf 83' lang='lat' dir='ltr'><strong>isto</strong></span> <span class='ocrx_word' id='word_1_97' title='bbox 449 1247 563 1322; x_wconf 78' lang='lat' dir='ltr'><strong>inpertit</strong></span> <span class='ocrx_word' id='word_1_98' title='bbox 593 1263 740 1320; x_wconf 82' lang='lat' dir='ltr'><strong>acumen,</strong></span> <span class='ocrx_word' id='word_1_99' title='bbox 772 1249 825 1322; x_wconf 85' lang='lat' dir='ltr'><strong>qui</strong></span> <span class='ocrx_word' id='word_1_100' title='bbox 854 1251 889 1305; x_wconf 86' lang='grc' dir='ltr'><strong>ιἰι</strong></span> <span class='ocrx_word' id='word_1_101' title='bbox 910 1253 1068 1307; x_wconf 84' lang='lat' dir='ltr'><strong>tantorum</strong></span> <span class='ocrx_word' id='word_1_102' title='bbox 1091 1253 1228 1308; x_wconf 86' lang='lat' dir='ltr'><strong>virorum</strong></span> <span class='ocrx_word' id='word_1_103' title='bbox 1262 1251 1417 1312; x_wconf 82' lang='lat' dir='ltr'><strong>doctrinae</strong></span> <span class='ocrx_word' id='word_1_104' title='bbox 1438 1255 1605 1316; x_wconf 80' lang='lat' dir='ltr'><strong>medullam</strong></span> 
     </span>
     <span class='ocr_line' id='line_1_11' title="bbox 250 1335 1604 1412; baseline 0.008 -18"><span class='ocrx_word' id='word_1_105' title='bbox 250 1342 321 1409; x_wconf 85' lang='lat' dir='ltr'><strong>post</strong></span> <span class='ocrx_word' id='word_1_106' title='bbox 348 1341 390 1393; x_wconf 85' lang='lat' dir='ltr'><strong>tot</strong></span> <span class='ocrx_word' id='word_1_107' title='bbox 411 1335 511 1393; x_wconf 83' lang='lat' dir='ltr'><strong>arcula</strong></span> <span class='ocrx_word' id='word_1_108' title='bbox 536 1335 605 1406; x_wconf 83' lang='lat' dir='ltr'><strong>jum</strong></span> <span class='ocrx_word' id='word_1_109' title='bbox 627 1335 730 1409; x_wconf 86' lang='lat' dir='ltr'><strong>elapsa</strong></span> <span class='ocrx_word' id='word_1_110' title='bbox 760 1335 883 1409; x_wconf 77' lang='lat' dir='ltr'><strong>irrepsit</strong></span> <span class='ocrx_word' id='word_1_111' title='bbox 910 1342 1001 1412; x_wconf 70' lang='lat' dir='ltr'><strong>alpes</strong></span> <span class='ocrx_word' id='word_1_112' title='bbox 1021 1340 1208 1411; x_wconf 80' lang='lat' dir='ltr'><strong>pertetraett,</strong></span> <span class='ocrx_word' id='word_1_113' title='bbox 1243 1344 1278 1396; x_wconf 89' lang='lat' dir='ltr'><strong>ut</strong></span> <span class='ocrx_word' id='word_1_114' title='bbox 1300 1339 1422 1398; x_wconf 82' lang='lat' dir='ltr'><strong>tandem</strong></span> <span class='ocrx_word' id='word_1_115' title='bbox 1453 1343 1604 1406; x_wconf 82' lang='lat' dir='ltr'><strong>mundum</strong></span> 
     </span>
     <span class='ocr_line' id='line_1_12' title="bbox 253 1420 1605 1508; baseline 0.007 -28"><span class='ocrx_word' id='word_1_116' title='bbox 253 1421 292 1480; x_wconf 85' lang='lat' dir='ltr'><strong>ch</strong></span> <span class='ocrx_word' id='word_1_117' title='bbox 322 1421 475 1480; x_wconf 82' lang='lat' dir='ltr'><strong>erroribus</strong></span> <span class='ocrx_word' id='word_1_118' title='bbox 505 1427 569 1478; x_wconf 83' lang='lat' dir='ltr'><strong>tem</strong></span> <span class='ocrx_word' id='word_1_119' title='bbox 597 1420 651 1480; x_wconf 90' lang='lat' dir='ltr'><strong>diu</strong></span> <span class='ocrx_word' id='word_1_120' title='bbox 681 1421 843 1480; x_wconf 83' lang='lat' dir='ltr'><strong>latentibus</strong></span> <span class='ocrx_word' id='word_1_121' title='bbox 876 1440 1011 1498; x_wconf 81' lang='lat' dir='ltr'><strong>purpure</strong></span> <span class='ocrx_word' id='word_1_122' title='bbox 1041 1428 1152 1498; x_wconf 80' lang='lat' dir='ltr'><strong>queat!</strong></span> <span class='ocrx_word' id='word_1_123' title='bbox 1195 1425 1261 1484; x_wconf 83' lang='lat' dir='ltr'><strong>Aut</strong></span> <span class='ocrx_word' id='word_1_124' title='bbox 1283 1439 1377 1500; x_wconf 83' lang='lat' dir='ltr'><strong>quem</strong></span> <span class='ocrx_word' id='word_1_125' title='bbox 1409 1445 1514 1502; x_wconf 74' lang='lat' dir='ltr'><strong>prorsa</strong></span> <span class='ocrx_word' id='word_1_126' title='bbox 1543 1431 1605 1508; x_wconf 74' lang='lat' dir='ltr'><strong>fuit</strong></span> 
     </span>
     <span class='ocr_line' id='line_1_13' title="bbox 254 1503 1635 1594; baseline 0.008 -27"><span class='ocrx_word' id='word_1_127' title='bbox 254 1510 363 1567; x_wconf 85' lang='lat' dir='ltr'><strong>mundi</strong></span> <span class='ocrx_word' id='word_1_128' title='bbox 387 1511 508 1583; x_wconf 78' lang='lat' dir='ltr'><strong>antiqui</strong></span> <span class='ocrx_word' id='word_1_129' title='bbox 529 1509 708 1584; x_wconf 82' lang='lat' dir='ltr'><strong>speculatio,</strong></span> <span class='ocrx_word' id='word_1_130' title='bbox 738 1508 819 1584; x_wconf 87' lang='lat' dir='ltr'><strong>quod</strong></span> <span class='ocrx_word' id='word_1_131' title='bbox 840 1517 912 1568; x_wconf 79' lang='lat' dir='ltr'><strong>ante</strong></span> <span class='ocrx_word' id='word_1_132' title='bbox 933 1511 987 1569; x_wconf 89' lang='lat' dir='ltr'><strong>hoc</strong></span> <span class='ocrx_word' id='word_1_133' title='bbox 1009 1517 1126 1585; x_wconf 76' lang='lat' dir='ltr'><strong>tempus</strong></span> <span class='ocrx_word' id='word_1_134' title='bbox 1156 1515 1190 1568; x_wconf 84' lang='grc' dir='ltr'><strong>ιἰι</strong></span> <span class='ocrx_word' id='word_1_135' title='bbox 1212 1519 1346 1571; x_wconf 71' lang='lat' dir='ltr'><strong>usurum</strong></span> <span class='ocrx_word' id='word_1_136' title='bbox 1370 1531 1485 1574; x_wconf 84' lang='lat' dir='ltr'><strong>errores</strong></span> <span class='ocrx_word' id='word_1_137' title='bbox 1506 1519 1604 1594; x_wconf 80' lang='lat' dir='ltr'><strong>inspi-</strong></span> <span class='ocrx_word' id='word_1_138' title='bbox 1634 1503 1635 1509; x_wconf 7' lang='grc' dir='ltr'>ἵ</span> 
     </span>
     <span class='ocr_line' id='line_1_14' title="bbox 254 1595 1603 1681; baseline 0.007 -27"><span class='ocrx_word' id='word_1_139' title='bbox 254 1615 319 1655; x_wconf 84' lang='lat' dir='ltr'><strong>cere</strong></span> <span class='ocrx_word' id='word_1_140' title='bbox 340 1613 402 1655; x_wconf 84' lang='grc' dir='ltr'>ιιοιι</span> <span class='ocrx_word' id='word_1_141' title='bbox 422 1596 581 1670; x_wconf 82' lang='lat' dir='ltr'><strong>potuerit?</strong></span> <span class='ocrx_word' id='word_1_142' title='bbox 624 1595 707 1655; x_wconf 88' lang='lat' dir='ltr'><strong>Haec</strong></span> <span class='ocrx_word' id='word_1_143' title='bbox 729 1611 818 1670; x_wconf 88' lang='lat' dir='ltr'><strong>supra</strong></span> <span class='ocrx_word' id='word_1_144' title='bbox 840 1613 858 1654; x_wconf 90' lang='lat' dir='ltr'><strong>a</strong></span> <span class='ocrx_word' id='word_1_145' title='bbox 881 1609 909 1656; x_wconf 89' lang='lat' dir='ltr'><strong>te</strong></span> <span class='ocrx_word' id='word_1_146' title='bbox 932 1599 1088 1672; x_wconf 85' lang='lat' dir='ltr'><strong>propinata</strong></span> <span class='ocrx_word' id='word_1_147' title='bbox 1117 1607 1146 1656; x_wconf 87' lang='lat' dir='ltr'><strong>et</strong></span> <span class='ocrx_word' id='word_1_148' title='bbox 1169 1617 1186 1656; x_wconf 89' lang='lat' dir='ltr'><strong>a</strong></span> <span class='ocrx_word' id='word_1_149' title='bbox 1209 1615 1254 1656; x_wconf 90' lang='lat' dir='ltr'><strong>me</strong></span> <span class='ocrx_word' id='word_1_150' title='bbox 1279 1599 1418 1660; x_wconf 86' lang='lat' dir='ltr'><strong>devorata</strong></span> <span class='ocrx_word' id='word_1_151' title='bbox 1447 1619 1525 1662; x_wconf 89' lang='lat' dir='ltr'><strong>nunc</strong></span> <span class='ocrx_word' id='word_1_152' title='bbox 1548 1621 1603 1681; x_wconf 85' lang='lat' dir='ltr'><strong>ego</strong></span> 
     </span>
     <span class='ocr_line' id='line_1_15' title="bbox 254 1683 1602 1759; baseline 0.007 -17"><span class='ocrx_word' id='word_1_153' title='bbox 254 1685 305 1742; x_wconf 90' lang='lat' dir='ltr'><strong>tihi</strong></span> <span class='ocrx_word' id='word_1_154' title='bbox 335 1699 450 1758; x_wconf 80' lang='lat' dir='ltr'><strong>regere,</strong></span> <span class='ocrx_word' id='word_1_155' title='bbox 485 1698 543 1741; x_wconf 88' lang='lat' dir='ltr'><strong>non</strong></span> <span class='ocrx_word' id='word_1_156' title='bbox 574 1690 607 1741; x_wconf 90' lang='lat' dir='ltr'><strong>ut</strong></span> <span class='ocrx_word' id='word_1_157' title='bbox 628 1684 682 1741; x_wconf 89' lang='lat' dir='ltr'><strong>tihi</strong></span> <span class='ocrx_word' id='word_1_158' title='bbox 713 1683 791 1742; x_wconf 88' lang='lat' dir='ltr'><strong>dicta</strong></span> <span class='ocrx_word' id='word_1_159' title='bbox 822 1683 924 1759; x_wconf 81' lang='lat' dir='ltr'><strong>velim,</strong></span> <span class='ocrx_word' id='word_1_160' title='bbox 959 1685 1010 1742; x_wconf 88' lang='lat' dir='ltr'><strong>sed</strong></span> <span class='ocrx_word' id='word_1_161' title='bbox 1039 1691 1071 1742; x_wconf 91' lang='lat' dir='ltr'><strong>ut</strong></span> <span class='ocrx_word' id='word_1_162' title='bbox 1094 1683 1197 1744; x_wconf 91' lang='lat' dir='ltr'><strong>eadem</strong></span> <span class='ocrx_word' id='word_1_163' title='bbox 1221 1685 1292 1744; x_wconf 89' lang='lat' dir='ltr'><strong>mibi</strong></span> <span class='ocrx_word' id='word_1_164' title='bbox 1321 1703 1378 1746; x_wconf 93' lang='lat' dir='ltr'><strong>non</strong></span> <span class='ocrx_word' id='word_1_165' title='bbox 1410 1705 1476 1749; x_wconf 90' lang='lat' dir='ltr'><strong>meo</strong></span> <span class='ocrx_word' id='word_1_166' title='bbox 1499 1695 1602 1753; x_wconf 89' lang='lat' dir='ltr'><strong>merito</strong></span> 
     </span>
     <span class='ocr_line' id='line_1_16' title="bbox 254 1771 554 1844; baseline -0.01 -15"><span class='ocrx_word' id='word_1_167' title='bbox 254 1771 332 1830; x_wconf 88' lang='lat' dir='ltr'><strong>dicta</strong></span> <span class='ocrx_word' id='word_1_168' title='bbox 354 1786 554 1844; x_wconf 81' lang='lat' dir='ltr'><strong>recognoscas.</strong></span> 
     </span>
    </p>

    <p class='ocr_par' dir='ltr' id='par_1_3' title="bbox 251 1857 1603 2530">
     <span class='ocr_line' id='line_1_17' title="bbox 341 1857 1602 1938; baseline 0.006 -22"><span class='ocrx_word' id='word_1_169' title='bbox 341 1858 367 1916; x_wconf 85' lang='grc' dir='ltr'><strong>Α</strong></span> <span class='ocrx_word' id='word_1_170' title='bbox 392 1857 503 1916; x_wconf 87' lang='lat' dir='ltr'><strong>diluvio</strong></span> <span class='ocrx_word' id='word_1_171' title='bbox 526 1857 649 1916; x_wconf 80' lang='lat' dir='ltr'><strong>Notitico</strong></span> <span class='ocrx_word' id='word_1_172' title='bbox 672 1859 698 1914; x_wconf 92' lang='lat' dir='ltr'><strong>si</strong></span> <span class='ocrx_word' id='word_1_173' title='bbox 721 1857 788 1916; x_wconf 88' lang='lat' dir='ltr'><strong>licet</strong></span> <span class='ocrx_word' id='word_1_174' title='bbox 811 1859 1006 1932; x_wconf 84' lang='lat' dir='ltr'><strong>argumentari</strong></span> <span class='ocrx_word' id='word_1_175' title='bbox 1030 1866 1130 1918; x_wconf 89' lang='lat' dir='ltr'><strong>contra</strong></span> <span class='ocrx_word' id='word_1_176' title='bbox 1148 1859 1373 1938; x_wconf 80' lang='lat' dir='ltr'><strong>philosophiam,</strong></span> <span class='ocrx_word' id='word_1_177' title='bbox 1397 1879 1501 1923; x_wconf 86' lang='lat' dir='ltr'><strong>cavere</strong></span> <span class='ocrx_word' id='word_1_178' title='bbox 1524 1881 1602 1924; x_wconf 91' lang='lat' dir='ltr'><strong>nun·</strong></span> 
     </span>
     <span class='ocr_line' id='line_1_18' title="bbox 253 1943 1602 2028; baseline 0.004 -24"><span class='ocrx_word' id='word_1_179' title='bbox 253 1963 342 2021; x_wconf 90' lang='lat' dir='ltr'><strong>quam</strong></span> <span class='ocrx_word' id='word_1_180' title='bbox 364 1946 519 2020; x_wconf 88' lang='lat' dir='ltr'><strong>qnisquam</strong></span> <span class='ocrx_word' id='word_1_181' title='bbox 543 1943 782 2020; x_wconf 87' lang='lat' dir='ltr'><strong>philosophorum</strong></span> <span class='ocrx_word' id='word_1_182' title='bbox 813 1949 935 2022; x_wconf 87' lang='lat' dir='ltr'><strong>poterit,</strong></span> <span class='ocrx_word' id='word_1_183' title='bbox 966 1946 1034 2021; x_wconf 85' lang='lat' dir='ltr'><strong>qrrin</strong></span> <span class='ocrx_word' id='word_1_184' title='bbox 1060 1963 1114 2021; x_wconf 79' lang='lat' dir='ltr'><strong>ego</strong></span> <span class='ocrx_word' id='word_1_185' title='bbox 1145 1947 1275 2022; x_wconf 89' lang='lat' dir='ltr'><strong>plurimis</strong></span> <span class='ocrx_word' id='word_1_186' title='bbox 1306 1951 1400 2028; x_wconf 89' lang='lat' dir='ltr'><strong>ipsum</strong></span> <span class='ocrx_word' id='word_1_187' title='bbox 1423 1951 1602 2028; x_wconf 80' lang='lat' dir='ltr'><strong>perplexita-</strong></span> 
     </span>
     <span class='ocr_line' id='line_1_19' title="bbox 254 2031 1603 2112; baseline 0.006 -22"><span class='ocrx_word' id='word_1_188' title='bbox 254 2033 334 2092; x_wconf 89' lang='lat' dir='ltr'><strong>tibus</strong></span> <span class='ocrx_word' id='word_1_189' title='bbox 356 2032 485 2092; x_wconf 90' lang='lat' dir='ltr'><strong>induam.</strong></span> <span class='ocrx_word' id='word_1_190' title='bbox 532 2031 635 2090; x_wconf 87' lang='lat' dir='ltr'><strong>Mones</strong></span> <span class='ocrx_word' id='word_1_191' title='bbox 666 2032 802 2091; x_wconf 78' lang='lat' dir='ltr'><strong>suffocari</strong></span> <span class='ocrx_word' id='word_1_192' title='bbox 825 2031 931 2092; x_wconf 81' lang='lat' dir='ltr'><strong>Terrae</strong></span> <span class='ocrx_word' id='word_1_193' title='bbox 958 2037 1085 2092; x_wconf 86' lang='lat' dir='ltr'><strong>arrimarn</strong></span> <span class='ocrx_word' id='word_1_194' title='bbox 1112 2035 1283 2107; x_wconf 87' lang='lat' dir='ltr'><strong>adiluvlo,</strong></span> <span class='ocrx_word' id='word_1_195' title='bbox 1316 2037 1395 2112; x_wconf 85' lang='lat' dir='ltr'><strong>quod</strong></span> <span class='ocrx_word' id='word_1_196' title='bbox 1418 2037 1603 2098; x_wconf 85' lang='lat' dir='ltr'><strong>altitudinem</strong></span> 
     </span>
     <span class='ocr_line' id='line_1_20' title="bbox 254 2119 1602 2196; baseline 0.004 -17"><span class='ocrx_word' id='word_1_197' title='bbox 254 2121 382 2179; x_wconf 88' lang='lat' dir='ltr'><strong>omnium</strong></span> <span class='ocrx_word' id='word_1_198' title='bbox 405 2121 548 2178; x_wconf 89' lang='lat' dir='ltr'><strong>montium</strong></span> <span class='ocrx_word' id='word_1_199' title='bbox 571 2121 729 2195; x_wconf 80' lang='lat' dir='ltr'><strong>superarit</strong></span> <span class='ocrx_word' id='word_1_200' title='bbox 773 2119 825 2177; x_wconf 81' lang='lat' dir='ltr'><strong>Est</strong></span> <span class='ocrx_word' id='word_1_201' title='bbox 850 2119 921 2178; x_wconf 91' lang='lat' dir='ltr'><strong>haec</strong></span> <span class='ocrx_word' id='word_1_202' title='bbox 943 2119 1033 2196; x_wconf 85' lang='lat' dir='ltr'><strong>plaga</strong></span> <span class='ocrx_word' id='word_1_203' title='bbox 1055 2137 1112 2181; x_wconf 88' lang='lat' dir='ltr'><strong>non</strong></span> <span class='ocrx_word' id='word_1_204' title='bbox 1136 2123 1230 2194; x_wconf 90' lang='lat' dir='ltr'><strong>irrita,</strong></span> <span class='ocrx_word' id='word_1_205' title='bbox 1262 2120 1372 2182; x_wconf 86' lang='lat' dir='ltr'><strong>aeden</strong></span> <span class='ocrx_word' id='word_1_206' title='bbox 1396 2125 1448 2184; x_wconf 92' lang='lat' dir='ltr'><strong>tibi</strong></span> <span class='ocrx_word' id='word_1_207' title='bbox 1473 2127 1602 2186; x_wconf 86' lang='lat' dir='ltr'><strong>vicissim</strong></span> 
     </span>
     <span class='ocr_line' id='line_1_21' title="bbox 252 2205 1603 2287; baseline 0.004 -21"><span class='ocrx_word' id='word_1_208' title='bbox 252 2207 390 2266; x_wconf 85' lang='lat' dir='ltr'><strong>alternmr</strong></span> <span class='ocrx_word' id='word_1_209' title='bbox 421 2209 444 2263; x_wconf 92' lang='lat' dir='ltr'><strong>si</strong></span> <span class='ocrx_word' id='word_1_210' title='bbox 477 2205 620 2264; x_wconf 87' lang='lat' dir='ltr'><strong>diluviem</strong></span> <span class='ocrx_word' id='word_1_211' title='bbox 653 2223 753 2266; x_wconf 91' lang='lat' dir='ltr'><strong>omnes</strong></span> <span class='ocrx_word' id='word_1_212' title='bbox 782 2215 895 2265; x_wconf 85' lang='lat' dir='ltr'><strong>montes</strong></span> <span class='ocrx_word' id='word_1_213' title='bbox 926 2210 1090 2284; x_wconf 81' lang='lat' dir='ltr'><strong>superarit,</strong></span> <span class='ocrx_word' id='word_1_214' title='bbox 1125 2225 1263 2283; x_wconf 82' lang='lat' dir='ltr'><strong>quorsum</strong></span> <span class='ocrx_word' id='word_1_215' title='bbox 1286 2227 1355 2286; x_wconf 86' lang='lat' dir='ltr'><strong>ergo</strong></span> <span class='ocrx_word' id='word_1_216' title='bbox 1378 2219 1512 2287; x_wconf 87' lang='lat' dir='ltr'><strong>receptae</strong></span> <span class='ocrx_word' id='word_1_217' title='bbox 1535 2223 1603 2272; x_wconf 87' lang='lat' dir='ltr'><strong>sunt</strong></span> 
     </span>
     <span class='ocr_line' id='line_1_22' title="bbox 252 2295 1603 2376; baseline 0.006 -24"><span class='ocrx_word' id='word_1_218' title='bbox 252 2299 325 2355; x_wconf 91' lang='lat' dir='ltr'><strong>istae</strong></span> <span class='ocrx_word' id='word_1_219' title='bbox 350 2311 458 2371; x_wconf 89' lang='lat' dir='ltr'><strong>aquae,</strong></span> <span class='ocrx_word' id='word_1_220' title='bbox 491 2303 519 2353; x_wconf 92' lang='lat' dir='ltr'><strong>et</strong></span> <span class='ocrx_word' id='word_1_221' title='bbox 543 2311 593 2353; x_wconf 88' lang='lat' dir='ltr'><strong>eur</strong></span> <span class='ocrx_word' id='word_1_222' title='bbox 616 2295 712 2352; x_wconf 87' lang='lat' dir='ltr'><strong>aetnei</strong></span> <span class='ocrx_word' id='word_1_223' title='bbox 736 2295 817 2368; x_wconf 85' lang='lat' dir='ltr'><strong>ignes</strong></span> <span class='ocrx_word' id='word_1_224' title='bbox 840 2311 897 2352; x_wconf 92' lang='lat' dir='ltr'><strong>non</strong></span> <span class='ocrx_word' id='word_1_225' title='bbox 922 2295 1079 2355; x_wconf 80' lang='lat' dir='ltr'><strong>exstincti?</strong></span> <span class='ocrx_word' id='word_1_226' title='bbox 1124 2295 1307 2371; x_wconf 78' lang='lat' dir='ltr'><strong>seponamus</strong></span> <span class='ocrx_word' id='word_1_227' title='bbox 1338 2300 1394 2357; x_wconf 90' lang='lat' dir='ltr'><strong>ista</strong></span> <span class='ocrx_word' id='word_1_228' title='bbox 1417 2301 1603 2376; x_wconf 88' lang='lat' dir='ltr'><strong>miraculosa,</strong></span> 
     </span>
     <span class='ocr_line' id='line_1_23' title="bbox 253 2381 1603 2459; baseline 0.005 -18"><span class='ocrx_word' id='word_1_229' title='bbox 253 2399 377 2459; x_wconf 87' lang='lat' dir='ltr'><strong>quorum</strong></span> <span class='ocrx_word' id='word_1_230' title='bbox 410 2381 517 2440; x_wconf 87' lang='lat' dir='ltr'><strong>similia</strong></span> <span class='ocrx_word' id='word_1_231' title='bbox 549 2397 634 2459; x_wconf 91' lang='lat' dir='ltr'><strong>porro</strong></span> <span class='ocrx_word' id='word_1_232' title='bbox 665 2397 816 2457; x_wconf 86' lang='lat' dir='ltr'><strong>nunquam</strong></span> <span class='ocrx_word' id='word_1_233' title='bbox 848 2383 945 2440; x_wconf 89' lang='lat' dir='ltr'><strong>lutura</strong></span> <span class='ocrx_word' id='word_1_234' title='bbox 978 2382 1085 2441; x_wconf 86' lang='lat' dir='ltr'><strong>divinis</strong></span> <span class='ocrx_word' id='word_1_235' title='bbox 1123 2384 1369 2444; x_wconf 85' lang='lat' dir='ltr'><strong>obtestationibus</strong></span> <span class='ocrx_word' id='word_1_236' title='bbox 1402 2387 1603 2448; x_wconf 85' lang='lat' dir='ltr'><strong>confirmatum</strong></span> 
     </span>
     <span class='ocr_line' id='line_1_24' title="bbox 251 2471 404 2530; baseline -0.014 -2"><span class='ocrx_word' id='word_1_237' title='bbox 251 2471 404 2530; x_wconf 89' lang='lat' dir='ltr'><strong>habemus.</strong></span> 
     </span>
    </p>

    <p class='ocr_par' dir='ltr' id='par_1_4' title="bbox 250 2524 1652 3592">
     <span class='ocr_line' id='line_1_25' title="bbox 339 2524 1601 2635; baseline 0.004 -20"><span class='ocrx_word' id='word_1_238' title='bbox 339 2556 369 2616; x_wconf 81' lang='lat' dir='ltr'><strong>st</strong></span> <span class='ocrx_word' id='word_1_239' title='bbox 393 2556 512 2633; x_wconf 88' lang='lat' dir='ltr'><strong>pluviae</strong></span> <span class='ocrx_word' id='word_1_240' title='bbox 535 2554 601 2613; x_wconf 90' lang='lat' dir='ltr'><strong>ideo</strong></span> <span class='ocrx_word' id='word_1_241' title='bbox 625 2570 682 2613; x_wconf 91' lang='lat' dir='ltr'><strong>non</strong></span> <span class='ocrx_word' id='word_1_242' title='bbox 705 2567 721 2614; x_wconf 84' lang='lat' dir='ltr'><strong>o</strong></span> <span class='ocrx_word' id='word_1_243' title='bbox 744 2555 842 2628; x_wconf 86' lang='lat' dir='ltr'><strong>Terra,</strong></span> <span class='ocrx_word' id='word_1_244' title='bbox 867 2557 937 2631; x_wconf 85' lang='lat' dir='ltr'><strong>quia</strong></span> <span class='ocrx_word' id='word_1_245' title='bbox 960 2573 976 2616; x_wconf 86' lang='lat' dir='ltr'><strong>e</strong></span> <span class='ocrx_word' id='word_1_246' title='bbox 1000 2556 1145 2616; x_wconf 87' lang='lat' dir='ltr'><strong>thesauris</strong></span> <span class='ocrx_word' id='word_1_247' title='bbox 1164 2557 1228 2630; x_wconf 84' lang='lat' dir='ltr'><strong>Dei,</strong></span> <span class='ocrx_word' id='word_1_248' title='bbox 1252 2524 1311 2614; x_wconf 84' lang='lat' dir='ltr'><strong>non</strong></span> <span class='ocrx_word' id='word_1_249' title='bbox 1335 2566 1381 2617; x_wconf 89' lang='lat' dir='ltr'><strong>est</strong></span> <span class='ocrx_word' id='word_1_250' title='bbox 1402 2559 1498 2634; x_wconf 85' lang='lat' dir='ltr'><strong>igitur,</strong></span> <span class='ocrx_word' id='word_1_251' title='bbox 1522 2559 1601 2635; x_wconf 87' lang='lat' dir='ltr'><strong>quod</strong></span> 
     </span>
     <span class='ocr_line' id='line_1_26' title="bbox 252 2643 1599 2723; baseline 0.004 -21"><span class='ocrx_word' id='word_1_252' title='bbox 252 2647 281 2702; x_wconf 93' lang='lat' dir='ltr'><strong>in</strong></span> <span class='ocrx_word' id='word_1_253' title='bbox 305 2643 396 2703; x_wconf 74' lang='lat' dir='ltr'><strong>‘terra</strong></span> <span class='ocrx_word' id='word_1_254' title='bbox 418 2651 471 2713; x_wconf 88' lang='lat' dir='ltr'><strong>est,</strong></span> <span class='ocrx_word' id='word_1_255' title='bbox 495 2645 569 2701; x_wconf 89' lang='lat' dir='ltr'><strong>inter</strong></span> <span class='ocrx_word' id='word_1_256' title='bbox 593 2643 746 2702; x_wconf 89' lang='lat' dir='ltr'><strong>thesauros</strong></span> <span class='ocrx_word' id='word_1_257' title='bbox 769 2643 834 2702; x_wconf 92' lang='lat' dir='ltr'><strong>Del.</strong></span> <span class='ocrx_word' id='word_1_258' title='bbox 882 2644 918 2702; x_wconf 80' lang='lat' dir='ltr'><strong>lit</strong></span> <span class='ocrx_word' id='word_1_259' title='bbox 940 2650 971 2702; x_wconf 92' lang='lat' dir='ltr'><strong>tu</strong></span> <span class='ocrx_word' id='word_1_260' title='bbox 993 2645 1056 2718; x_wconf 88' lang='lat' dir='ltr'><strong>ipse</strong></span> <span class='ocrx_word' id='word_1_261' title='bbox 1080 2645 1122 2702; x_wconf 89' lang='lat' dir='ltr'><strong>sic</strong></span> <span class='ocrx_word' id='word_1_262' title='bbox 1143 2661 1196 2720; x_wconf 89' lang='lat' dir='ltr'><strong>per</strong></span> <span class='ocrx_word' id='word_1_263' title='bbox 1217 2643 1392 2704; x_wconf 88' lang='lat' dir='ltr'><strong>thesauros</strong></span> <span class='ocrx_word' id='word_1_264' title='bbox 1385 2653 1456 2704; x_wconf 85' lang='lat' dir='ltr'><strong>ratos</strong></span> <span class='ocrx_word' id='word_1_265' title='bbox 1480 2649 1599 2723; x_wconf 85' lang='lat' dir='ltr'><strong>titubas,</strong></span> 
     </span>
     <span class='ocr_line' id='line_1_27' title="bbox 253 2729 1597 2813; baseline 0.004 -25"><span class='ocrx_word' id='word_1_266' title='bbox 253 2747 331 2790; x_wconf 89' lang='lat' dir='ltr'><strong>nunc</strong></span> <span class='ocrx_word' id='word_1_267' title='bbox 362 2729 475 2790; x_wconf 87' lang='lat' dir='ltr'><strong>coelum</strong></span> <span class='ocrx_word' id='word_1_268' title='bbox 506 2733 728 2806; x_wconf 86' lang='lat' dir='ltr'><strong>interpretatos,</strong></span> <span class='ocrx_word' id='word_1_269' title='bbox 761 2747 837 2790; x_wconf 90' lang='lat' dir='ltr'><strong>nunc</strong></span> <span class='ocrx_word' id='word_1_270' title='bbox 860 2734 964 2790; x_wconf 76' lang='lat' dir='ltr'><strong>alitem.</strong></span> <span class='ocrx_word' id='word_1_271' title='bbox 1011 2731 1106 2789; x_wconf 87' lang='lat' dir='ltr'><strong>lmo&#39;</strong></span> <span class='ocrx_word' id='word_1_272' title='bbox 1099 2734 1210 2807; x_wconf 83' lang='lat' dir='ltr'><strong>rnquts,</strong></span> <span class='ocrx_word' id='word_1_273' title='bbox 1233 2737 1287 2792; x_wconf 79' lang='lat' dir='ltr'><strong>odi·</strong></span> <span class='ocrx_word' id='word_1_274' title='bbox 1309 2739 1351 2790; x_wconf 80' lang='lat' dir='ltr'><strong>est</strong></span> <span class='ocrx_word' id='word_1_275' title='bbox 1373 2736 1437 2792; x_wconf 77' lang='lat' dir='ltr'><strong>vito</strong></span> <span class='ocrx_word' id='word_1_276' title='bbox 1458 2731 1597 2813; x_wconf 80' lang='lat' dir='ltr'><strong>(Terrae),</strong></span> 
     </span>
     <span class='ocr_line' id='line_1_28' title="bbox 254 2818 1601 2896; baseline 0.005 -20"><span class='ocrx_word' id='word_1_277' title='bbox 254 2827 300 2876; x_wconf 90' lang='lat' dir='ltr'><strong>est</strong></span> <span class='ocrx_word' id='word_1_278' title='bbox 322 2819 366 2877; x_wconf 88' lang='lat' dir='ltr'><strong>sic</strong></span> <span class='ocrx_word' id='word_1_279' title='bbox 395 2818 459 2892; x_wconf 89' lang='lat' dir='ltr'><strong>ejus</strong></span> <span class='ocrx_word' id='word_1_280' title='bbox 484 2820 562 2890; x_wconf 86' lang='lat' dir='ltr'><strong>vita,</strong></span> <span class='ocrx_word' id='word_1_281' title='bbox 596 2829 627 2875; x_wconf 93' lang='lat' dir='ltr'><strong>ut</strong></span> <span class='ocrx_word' id='word_1_282' title='bbox 650 2818 757 2876; x_wconf 87' lang='lat' dir='ltr'><strong>halitus</strong></span> <span class='ocrx_word' id='word_1_283' title='bbox 781 2837 815 2876; x_wconf 88' lang='lat' dir='ltr'><strong>ex</strong></span> <span class='ocrx_word' id='word_1_284' title='bbox 840 2835 903 2888; x_wconf 89' lang='lat' dir='ltr'><strong>ore,</strong></span> <span class='ocrx_word' id='word_1_285' title='bbox 936 2820 987 2895; x_wconf 88' lang='lat' dir='ltr'><strong>qui</strong></span> <span class='ocrx_word' id='word_1_286' title='bbox 1010 2818 1114 2894; x_wconf 79' lang='lat' dir='ltr'><strong>frigido</strong></span> <span class='ocrx_word' id='word_1_287' title='bbox 1138 2819 1220 2878; x_wconf 91' lang='lat' dir='ltr'><strong>coelo</strong></span> <span class='ocrx_word' id='word_1_288' title='bbox 1250 2819 1282 2877; x_wconf 81' lang='lat' dir='ltr'><strong>fit</strong></span> <span class='ocrx_word' id='word_1_289' title='bbox 1305 2823 1480 2896; x_wconf 89' lang='lat' dir='ltr'><strong>conspicuus</strong></span> <span class='ocrx_word' id='word_1_290' title='bbox 1503 2825 1601 2896; x_wconf 88' lang='lat' dir='ltr'><strong>specio</strong></span> 
     </span>
     <span class='ocr_line' id='line_1_29' title="bbox 250 2904 1601 2981; baseline 0.004 -18"><span class='ocrx_word' id='word_1_291' title='bbox 250 2907 337 2981; x_wconf 86' lang='lat' dir='ltr'><strong>turni,</strong></span> <span class='ocrx_word' id='word_1_292' title='bbox 370 2914 415 2963; x_wconf 89' lang='lat' dir='ltr'><strong>est</strong></span> <span class='ocrx_word' id='word_1_293' title='bbox 442 2907 504 2962; x_wconf 86' lang='lat' dir='ltr'><strong>sita</strong></span> <span class='ocrx_word' id='word_1_294' title='bbox 535 2904 675 2975; x_wconf 88' lang='lat' dir='ltr'><strong>hominis,</strong></span> <span class='ocrx_word' id='word_1_295' title='bbox 709 2922 774 2962; x_wconf 88' lang='lat' dir='ltr'><strong>nam</strong></span> <span class='ocrx_word' id='word_1_296' title='bbox 807 2912 836 2964; x_wconf 87' lang='lat' dir='ltr'><strong>et</strong></span> <span class='ocrx_word' id='word_1_297' title='bbox 858 2909 908 2964; x_wconf 72' lang='lat' dir='ltr'><strong>air</strong></span> <span class='ocrx_word' id='word_1_298' title='bbox 938 2905 987 2964; x_wconf 93' lang='lat' dir='ltr'><strong>ille</strong></span> <span class='ocrx_word' id='word_1_299' title='bbox 1010 2914 1108 2964; x_wconf 89' lang='lat' dir='ltr'><strong>noster</strong></span> <span class='ocrx_word' id='word_1_300' title='bbox 1138 2905 1268 2981; x_wconf 87' lang='lat' dir='ltr'><strong>quotidie</strong></span> <span class='ocrx_word' id='word_1_301' title='bbox 1298 2916 1455 2966; x_wconf 86' lang='lat' dir='ltr'><strong>renovatur</strong></span> <span class='ocrx_word' id='word_1_302' title='bbox 1478 2908 1601 2969; x_wconf 88' lang='lat' dir='ltr'><strong>exhala-</strong></span> 
     </span>
     <span class='ocr_line' id='line_1_30' title="bbox 252 2991 1599 3072; baseline 0.003 -20"><span class='ocrx_word' id='word_1_303' title='bbox 252 2995 331 3052; x_wconf 87' lang='lat' dir='ltr'><strong>tione</strong></span> <span class='ocrx_word' id='word_1_304' title='bbox 355 2991 472 3052; x_wconf 86' lang='lat' dir='ltr'><strong>Terrae.</strong></span> <span class='ocrx_word' id='word_1_305' title='bbox 517 2991 571 3050; x_wconf 76' lang='lat' dir='ltr'><strong>Ee</strong></span> <span class='ocrx_word' id='word_1_306' title='bbox 591 2991 702 3050; x_wconf 83' lang='lat' dir='ltr'><strong>Terrae</strong></span> <span class='ocrx_word' id='word_1_307' title='bbox 724 2995 832 3050; x_wconf 83' lang='lat' dir='ltr'><strong>anima</strong></span> <span class='ocrx_word' id='word_1_308' title='bbox 854 2993 957 3052; x_wconf 84' lang='lat' dir='ltr'><strong>lueida</strong></span> <span class='ocrx_word' id='word_1_309' title='bbox 980 3011 1049 3052; x_wconf 87' lang='lat' dir='ltr'><strong>cum</strong></span> <span class='ocrx_word' id='word_1_310' title='bbox 1072 2997 1200 3068; x_wconf 84' lang='lat' dir='ltr'><strong>spiritu:</strong></span> <span class='ocrx_word' id='word_1_311' title='bbox 1226 3011 1320 3070; x_wconf 89' lang='lat' dir='ltr'><strong>neque</strong></span> <span class='ocrx_word' id='word_1_312' title='bbox 1342 2993 1420 3053; x_wconf 89' lang='lat' dir='ltr'><strong>lucet</strong></span> <span class='ocrx_word' id='word_1_313' title='bbox 1440 2998 1490 3054; x_wconf 76' lang='lat' dir='ltr'><strong>abr</strong></span> <span class='ocrx_word' id='word_1_314' title='bbox 1505 3009 1599 3072; x_wconf 86' lang='lat' dir='ltr'><strong>neque</strong></span> 
     </span>
     <span class='ocr_line' id='line_1_31' title="bbox 253 3079 1600 3160; baseline 0.004 -22"><span class='ocrx_word' id='word_1_315' title='bbox 253 3083 352 3139; x_wconf 90' lang='lat' dir='ltr'><strong>anima</strong></span> <span class='ocrx_word' id='word_1_316' title='bbox 375 3087 434 3152; x_wconf 88' lang='lat' dir='ltr'><strong>est,</strong></span> <span class='ocrx_word' id='word_1_317' title='bbox 469 3080 555 3137; x_wconf 91' lang='lat' dir='ltr'><strong>nimis</strong></span> <span class='ocrx_word' id='word_1_318' title='bbox 578 3079 615 3137; x_wconf 88' lang='lat' dir='ltr'><strong>ad</strong></span> <span class='ocrx_word' id='word_1_319' title='bbox 640 3079 695 3138; x_wconf 92' lang='lat' dir='ltr'><strong>hcc</strong></span> <span class='ocrx_word' id='word_1_320' title='bbox 719 3096 833 3138; x_wconf 88' lang='lat' dir='ltr'><strong>crassus</strong></span> <span class='ocrx_word' id='word_1_321' title='bbox 856 3090 916 3152; x_wconf 84' lang='lat' dir='ltr'><strong>est,</strong></span> <span class='ocrx_word' id='word_1_322' title='bbox 950 3097 1045 3156; x_wconf 85' lang='lat' dir='ltr'><strong>neque</strong></span> <span class='ocrx_word' id='word_1_323' title='bbox 1074 3085 1174 3139; x_wconf 82' lang='lat' dir='ltr'><strong>vicere</strong></span> <span class='ocrx_word' id='word_1_324' title='bbox 1202 3082 1278 3158; x_wconf 84' lang='lat' dir='ltr'><strong>fucit</strong></span> <span class='ocrx_word' id='word_1_325' title='bbox 1299 3089 1428 3156; x_wconf 85' lang='lat' dir='ltr'><strong>terrum,</strong></span> <span class='ocrx_word' id='word_1_326' title='bbox 1460 3082 1489 3140; x_wconf 92' lang='lat' dir='ltr'><strong>id</strong></span> <span class='ocrx_word' id='word_1_327' title='bbox 1512 3101 1600 3160; x_wconf 91' lang='lat' dir='ltr'><strong>supra</strong></span> 
     </span>
     <span class='ocr_line' id='line_1_32' title="bbox 252 3165 1600 3246; baseline 0.003 -20"><span class='ocrx_word' id='word_1_328' title='bbox 252 3171 335 3227; x_wconf 88' lang='lat' dir='ltr'><strong>satis.</strong></span> <span class='ocrx_word' id='word_1_329' title='bbox 381 3165 465 3242; x_wconf 82' lang='lat' dir='ltr'><strong>Quae</strong></span> <span class='ocrx_word' id='word_1_330' title='bbox 490 3183 559 3226; x_wconf 87' lang='lat' dir='ltr'><strong>vero</strong></span> <span class='ocrx_word' id='word_1_331' title='bbox 579 3167 641 3241; x_wconf 88' lang='lat' dir='ltr'><strong>jam</strong></span> <span class='ocrx_word' id='word_1_332' title='bbox 665 3174 832 3242; x_wconf 85' lang='lat' dir='ltr'><strong>sequuntur,</strong></span> <span class='ocrx_word' id='word_1_333' title='bbox 856 3185 914 3226; x_wconf 92' lang='lat' dir='ltr'><strong>non</strong></span> <span class='ocrx_word' id='word_1_334' title='bbox 939 3168 1078 3244; x_wconf 85' lang='lat' dir='ltr'><strong>intelligo,</strong></span> <span class='ocrx_word' id='word_1_335' title='bbox 1102 3166 1172 3244; x_wconf 90' lang='lat' dir='ltr'><strong>quia</strong></span> <span class='ocrx_word' id='word_1_336' title='bbox 1188 3169 1417 3246; x_wconf 85' lang='lat' dir='ltr'><strong>chymicusnon</strong></span> <span class='ocrx_word' id='word_1_337' title='bbox 1441 3185 1522 3228; x_wconf 85' lang='lat' dir='ltr'><strong>sum:</strong></span> <span class='ocrx_word' id='word_1_338' title='bbox 1546 3177 1600 3230; x_wconf 74' lang='lat' dir='ltr'><strong>uei</strong></span> 
     </span>
     <span class='ocr_line' id='line_1_33' title="bbox 251 3247 1599 3331; baseline 0 -16"><span class='ocrx_word' id='word_1_339' title='bbox 251 3247 422 3315; x_wconf 75' lang='grc' dir='ltr'>οοιιιιαοιιὶι</span> <span class='ocrx_word' id='word_1_340' title='bbox 444 3261 486 3311; x_wconf 81' lang='lat' dir='ltr'><strong>eet</strong></span> <span class='ocrx_word' id='word_1_341' title='bbox 506 3255 586 3328; x_wconf 82' lang='lat' dir='ltr'><strong>ipnia</strong></span> <span class='ocrx_word' id='word_1_342' title='bbox 607 3257 641 3312; x_wconf 84' lang='lat' dir='ltr'><strong>in</strong></span> <span class='ocrx_word' id='word_1_343' title='bbox 663 3272 747 3330; x_wconf 82' lang='lat' dir='ltr'><strong>aqua</strong></span> <span class='ocrx_word' id='word_1_344' title='bbox 769 3262 821 3314; x_wconf 85' lang='lat' dir='ltr'><strong>etc.</strong></span> <span class='ocrx_word' id='word_1_345' title='bbox 867 3254 950 3331; x_wconf 87' lang='lat' dir='ltr'><strong>Quae</strong></span> <span class='ocrx_word' id='word_1_346' title='bbox 972 3257 996 3314; x_wconf 90' lang='lat' dir='ltr'><strong>sl</strong></span> <span class='ocrx_word' id='word_1_347' title='bbox 1021 3257 1118 3314; x_wconf 90' lang='lat' dir='ltr'><strong>omnia</strong></span> <span class='ocrx_word' id='word_1_348' title='bbox 1142 3264 1220 3313; x_wconf 90' lang='lat' dir='ltr'><strong>certo</strong></span> <span class='ocrx_word' id='word_1_349' title='bbox 1243 3273 1331 3314; x_wconf 86' lang='lat' dir='ltr'><strong>seusu</strong></span> <span class='ocrx_word' id='word_1_350' title='bbox 1354 3266 1421 3314; x_wconf 86' lang='lat' dir='ltr'><strong>srrnt</strong></span> <span class='ocrx_word' id='word_1_351' title='bbox 1443 3273 1521 3330; x_wconf 83' lang='lat' dir='ltr'><strong>vern,</strong></span> <span class='ocrx_word' id='word_1_352' title='bbox 1545 3275 1599 3315; x_wconf 89' lang='lat' dir='ltr'><strong>ne-</strong></span> 
     </span>
     <span class='ocr_line' id='line_1_34' title="bbox 251 3340 1598 3419; baseline 0.001 -18"><span class='ocrx_word' id='word_1_353' title='bbox 251 3345 329 3416; x_wconf 87' lang='lat' dir='ltr'><strong>scio,</strong></span> <span class='ocrx_word' id='word_1_354' title='bbox 354 3341 502 3416; x_wconf 90' lang='lat' dir='ltr'><strong>quomodo</strong></span> <span class='ocrx_word' id='word_1_355' title='bbox 525 3340 591 3399; x_wconf 90' lang='lat' dir='ltr'><strong>inde</strong></span> <span class='ocrx_word' id='word_1_356' title='bbox 615 3351 768 3417; x_wconf 85' lang='lat' dir='ltr'><strong>seqrratur,</strong></span> <span class='ocrx_word' id='word_1_357' title='bbox 792 3341 899 3400; x_wconf 85' lang='lat' dir='ltr'><strong>Terras</strong></span> <span class='ocrx_word' id='word_1_358' title='bbox 922 3359 979 3399; x_wconf 91' lang='lat' dir='ltr'><strong>non</strong></span> <span class='ocrx_word' id='word_1_359' title='bbox 1004 3342 1106 3400; x_wconf 88' lang='lat' dir='ltr'><strong>adesse</strong></span> <span class='ocrx_word' id='word_1_360' title='bbox 1129 3343 1297 3401; x_wconf 77' lang='lat' dir='ltr'><strong>teneritatem</strong></span> <span class='ocrx_word' id='word_1_361' title='bbox 1320 3343 1489 3412; x_wconf 87' lang='lat' dir='ltr'><strong>animalem,</strong></span> <span class='ocrx_word' id='word_1_362' title='bbox 1522 3361 1598 3419; x_wconf 89' lang='lat' dir='ltr'><strong>quae</strong></span> 
     </span>
     <span class='ocr_line' id='line_1_35' title="bbox 252 3428 1600 3507; baseline -0.001 -19"><span class='ocrx_word' id='word_1_363' title='bbox 252 3429 290 3488; x_wconf 91' lang='lat' dir='ltr'><strong>ad</strong></span> <span class='ocrx_word' id='word_1_364' title='bbox 323 3431 533 3507; x_wconf 89' lang='lat' dir='ltr'><strong>praescriptum</strong></span> <span class='ocrx_word' id='word_1_365' title='bbox 565 3439 734 3506; x_wconf 88' lang='lat' dir='ltr'><strong>aspectuum</strong></span> <span class='ocrx_word' id='word_1_366' title='bbox 764 3431 840 3488; x_wconf 91' lang='lat' dir='ltr'><strong>cieat</strong></span> <span class='ocrx_word' id='word_1_367' title='bbox 870 3437 1067 3504; x_wconf 87' lang='lat' dir='ltr'><strong>tempestates.</strong></span> <span class='ocrx_word' id='word_1_368' title='bbox 1117 3428 1277 3489; x_wconf 69' lang='lat' dir='ltr'><strong>recemum</strong></span> <span class='ocrx_word' id='word_1_369' title='bbox 1304 3432 1449 3504; x_wconf 82' lang='lat' dir='ltr'><strong>cujusque</strong></span> <span class='ocrx_word' id='word_1_370' title='bbox 1470 3433 1515 3487; x_wconf 85' lang='lat' dir='ltr'><strong>rei</strong></span> <span class='ocrx_word' id='word_1_371' title='bbox 1543 3449 1600 3504; x_wconf 84' lang='lat' dir='ltr'><strong>per·</strong></span> 
     </span>
     <span class='ocr_line' id='line_1_36' title="bbox 251 3513 1652 3592; baseline 0 -16"><span class='ocrx_word' id='word_1_372' title='bbox 251 3535 281 3576; x_wconf 84' lang='lat' dir='ltr'><strong>se</strong></span> <span class='ocrx_word' id='word_1_373' title='bbox 303 3520 425 3592; x_wconf 64' lang='lat' dir='ltr'><strong>operm</strong></span> <span class='ocrx_word' id='word_1_374' title='bbox 447 3515 607 3587; x_wconf 89' lang='lat' dir='ltr'><strong>contendis,</strong></span> <span class='ocrx_word' id='word_1_375' title='bbox 630 3520 694 3573; x_wconf 82' lang='lat' dir='ltr'><strong>aine</strong></span> <span class='ocrx_word' id='word_1_376' title='bbox 716 3517 788 3574; x_wconf 85' lang='lat' dir='ltr'><strong>coeli</strong></span> <span class='ocrx_word' id='word_1_377' title='bbox 809 3515 979 3574; x_wconf 84' lang='lat' dir='ltr'><strong>harmonia.</strong></span> <span class='ocrx_word' id='word_1_378' title='bbox 1026 3515 1070 3572; x_wconf 87' lang='lat' dir='ltr'><strong>Do</strong></span> <span class='ocrx_word' id='word_1_379' title='bbox 1086 3514 1231 3572; x_wconf 87' lang='lat' dir='ltr'><strong>ordinaria</strong></span> <span class='ocrx_word' id='word_1_380' title='bbox 1252 3517 1342 3589; x_wconf 89' lang='lat' dir='ltr'><strong>ipsius</strong></span> <span class='ocrx_word' id='word_1_381' title='bbox 1360 3519 1475 3574; x_wconf 84' lang='lat' dir='ltr'><strong>animae</strong></span> <span class='ocrx_word' id='word_1_382' title='bbox 1491 3515 1598 3576; x_wconf 82' lang='lat' dir='ltr'><strong>Terrae</strong></span> <span class='ocrx_word' id='word_1_383' title='bbox 1650 3513 1652 3516; x_wconf 71' lang='grc'><strong>’</strong></span> 
     </span>
    </p>
   </div>
   <div class='ocr_carea' id='block_1_3' title="bbox 150 3600 1596 3681">
    <p class='ocr_par' dir='ltr' id='par_1_5' title="bbox 150 3600 1596 3681">
     <span class='ocr_line' id='line_1_37' title="bbox 150 3600 1596 3681; baseline 0 -19"><span class='ocrx_word' id='word_1_384' title='bbox 150 3639 151 3644; x_wconf 42' lang='lat'>1</span> <span class='ocrx_word' id='word_1_385' title='bbox 253 3605 421 3681; x_wconf 89' lang='lat' dir='ltr'><strong>operatione</strong></span> <span class='ocrx_word' id='word_1_386' title='bbox 444 3621 490 3662; x_wconf 87' lang='lat' dir='ltr'><strong>ms</strong></span> <span class='ocrx_word' id='word_1_387' title='bbox 513 3602 590 3661; x_wconf 90' lang='lat' dir='ltr'><strong>idem</strong></span> <span class='ocrx_word' id='word_1_388' title='bbox 620 3602 701 3660; x_wconf 93' lang='lat' dir='ltr'><strong>illo&#39;</strong></span> <span class='ocrx_word' id='word_1_389' title='bbox 694 3619 758 3678; x_wconf 74' lang='lat' dir='ltr'><strong>ipso</strong></span> <span class='ocrx_word' id='word_1_390' title='bbox 783 3601 848 3660; x_wconf 91' lang='lat' dir='ltr'><strong>loco</strong></span> <span class='ocrx_word' id='word_1_391' title='bbox 871 3611 1013 3671; x_wconf 90' lang='lat' dir='ltr'><strong>statuere,</strong></span> <span class='ocrx_word' id='word_1_392' title='bbox 1047 3600 1229 3658; x_wconf 89' lang='lat' dir='ltr'><strong>dissimulare</strong></span> <span class='ocrx_word' id='word_1_393' title='bbox 1259 3618 1315 3658; x_wconf 92' lang='lat' dir='ltr'><strong>non</strong></span> <span class='ocrx_word' id='word_1_394' title='bbox 1340 3601 1475 3666; x_wconf 77' lang='lat' dir='ltr'><strong>debuisti</strong></span> <span class='ocrx_word' id='word_1_395' title='bbox 1521 3603 1596 3663; x_wconf 88' lang='lat' dir='ltr'><strong>Nam</strong></span> 
     </span>
    </p>
   </div>
   <div class='ocr_carea' id='block_1_4' title="bbox 249 3687 1609 4906">
    <p class='ocr_par' dir='ltr' id='par_1_6' title="bbox 253 3687 1599 3768">
     <span class='ocr_line' id='line_1_38' title="bbox 253 3687 1599 3768; baseline -0.001 -18"><span class='ocrx_word' id='word_1_396' title='bbox 253 3696 396 3750; x_wconf 87' lang='lat' dir='ltr'><strong>astrorum</strong></span> <span class='ocrx_word' id='word_1_397' title='bbox 420 3691 587 3768; x_wconf 88' lang='lat' dir='ltr'><strong>aspectibus</strong></span> <span class='ocrx_word' id='word_1_398' title='bbox 611 3691 792 3764; x_wconf 85' lang='lat' dir='ltr'><strong>transscripsi</strong></span> <span class='ocrx_word' id='word_1_399' title='bbox 815 3688 940 3745; x_wconf 90' lang='lat' dir='ltr'><strong>aolum&#39;</strong></span> <span class='ocrx_word' id='word_1_400' title='bbox 933 3689 1061 3762; x_wconf 76' lang='lat' dir='ltr'><strong>insignes</strong></span> <span class='ocrx_word' id='word_1_401' title='bbox 1084 3689 1217 3764; x_wconf 88' lang='lat' dir='ltr'><strong>impetus.</strong></span> <span class='ocrx_word' id='word_1_402' title='bbox 1264 3687 1383 3764; x_wconf 87' lang='lat' dir='ltr'><strong>Semper</strong></span> <span class='ocrx_word' id='word_1_403' title='bbox 1410 3696 1523 3746; x_wconf 88' lang='lat' dir='ltr'><strong>tantum</strong></span> <span class='ocrx_word' id='word_1_404' title='bbox 1547 3708 1599 3749; x_wconf 82' lang='lat' dir='ltr'><strong>ex-</strong></span> 
     </span>
    </p>

    <p class='ocr_par' dir='ltr' id='par_1_7' title="bbox 249 3751 1609 4906">
     <span class='ocr_line' id='line_1_39' title="bbox 252 3751 1606 3851; baseline -0.001 -14"><span class='ocrx_word' id='word_1_405' title='bbox 252 3779 339 3837; x_wconf 83' lang='lat' dir='ltr'><strong>sudat</strong></span> <span class='ocrx_word' id='word_1_406' title='bbox 361 3779 465 3850; x_wconf 82' lang='lat' dir='ltr'><strong>Terra,</strong></span> <span class='ocrx_word' id='word_1_407' title='bbox 489 3787 522 3836; x_wconf 88' lang='lat' dir='ltr'><strong>nt</strong></span> <span class='ocrx_word' id='word_1_408' title='bbox 542 3777 661 3835; x_wconf 85' lang='lat' dir='ltr'><strong>flumina</strong></span> <span class='ocrx_word' id='word_1_409' title='bbox 683 3793 741 3833; x_wconf 91' lang='grc' dir='ltr'>ιιοιι</span> <span class='ocrx_word' id='word_1_410' title='bbox 766 3774 914 3844; x_wconf 85' lang='lat' dir='ltr'><strong>deficiant,</strong></span> <span class='ocrx_word' id='word_1_411' title='bbox 946 3792 996 3851; x_wconf 88' lang='lat' dir='ltr'><strong>per</strong></span> <span class='ocrx_word' id='word_1_412' title='bbox 1019 3782 1154 3850; x_wconf 84' lang='lat' dir='ltr'><strong>aspectus</strong></span> <span class='ocrx_word' id='word_1_413' title='bbox 1178 3792 1247 3834; x_wconf 86' lang='lat' dir='ltr'><strong>vero</strong></span> <span class='ocrx_word' id='word_1_414' title='bbox 1271 3751 1456 3834; x_wconf 87' lang='lat' dir='ltr'><strong>exstimulata</strong></span> <span class='ocrx_word' id='word_1_415' title='bbox 1485 3777 1606 3836; x_wconf 83' lang='lat' dir='ltr'><strong>tantum</strong></span> 
     </span>
     <span class='ocr_line' id='line_1_40' title="bbox 251 3861 1609 3940; baseline -0.002 -14"><span class='ocrx_word' id='word_1_416' title='bbox 251 3865 393 3938; x_wconf 86' lang='lat' dir='ltr'><strong>exsudat,</strong></span> <span class='ocrx_word' id='word_1_417' title='bbox 429 3873 462 3923; x_wconf 91' lang='lat' dir='ltr'><strong>nt</strong></span> <span class='ocrx_word' id='word_1_418' title='bbox 494 3867 581 3924; x_wconf 91' lang='lat' dir='ltr'><strong>etiam</strong></span> <span class='ocrx_word' id='word_1_419' title='bbox 610 3867 727 3940; x_wconf 88' lang='lat' dir='ltr'><strong>insuper</strong></span> <span class='ocrx_word' id='word_1_420' title='bbox 754 3861 847 3938; x_wconf 90' lang='lat' dir='ltr'><strong>pluat</strong></span> <span class='ocrx_word' id='word_1_421' title='bbox 892 3862 988 3921; x_wconf 85' lang='lat' dir='ltr'><strong>Tarde</strong></span> <span class='ocrx_word' id='word_1_422' title='bbox 1017 3861 1144 3920; x_wconf 87' lang='lat' dir='ltr'><strong>dixeram</strong></span> <span class='ocrx_word' id='word_1_423' title='bbox 1177 3861 1352 3921; x_wconf 79' lang='lat' dir='ltr'><strong>exstimulant</strong></span> <span class='ocrx_word' id='word_1_424' title='bbox 1377 3863 1506 3921; x_wconf 84' lang='lat' dir='ltr'><strong>Terram.</strong></span> <span class='ocrx_word' id='word_1_425' title='bbox 1551 3865 1609 3924; x_wconf 87' lang='grc' dir='ltr'>Τιι-</span> 
     </span>
     <span class='ocr_line' id='line_1_41' title="bbox 252 3948 1598 4030; baseline -0.002 -19"><span class='ocrx_word' id='word_1_426' title='bbox 252 3953 372 4029; x_wconf 86' lang='lat' dir='ltr'><strong>objicis,</strong></span> <span class='ocrx_word' id='word_1_427' title='bbox 396 3969 454 4012; x_wconf 88' lang='lat' dir='ltr'><strong>non</strong></span> <span class='ocrx_word' id='word_1_428' title='bbox 478 3969 564 4030; x_wconf 86' lang='lat' dir='ltr'><strong>posse</strong></span> <span class='ocrx_word' id='word_1_429' title='bbox 588 3952 675 4026; x_wconf 84' lang='lat' dir='ltr'><strong>igitur</strong></span> <span class='ocrx_word' id='word_1_430' title='bbox 698 3949 792 4008; x_wconf 88' lang='lat' dir='ltr'><strong>illam</strong></span> <span class='ocrx_word' id='word_1_431' title='bbox 802 3953 843 4007; x_wconf 82' lang='lat'><strong>24</strong></span> <span class='ocrx_word' id='word_1_432' title='bbox 866 3948 945 4008; x_wconf 86' lang='lat' dir='ltr'><strong>horis</strong></span> <span class='ocrx_word' id='word_1_433' title='bbox 969 3951 1108 4009; x_wconf 85' lang='lat' dir='ltr'><strong>converti.</strong></span> <span class='ocrx_word' id='word_1_434' title='bbox 1155 3951 1251 4025; x_wconf 76' lang='lat' dir='ltr'><strong>Atque</strong></span> <span class='ocrx_word' id='word_1_435' title='bbox 1281 3949 1368 4008; x_wconf 92' lang='lat' dir='ltr'><strong>hoc&#39;</strong></span> <span class='ocrx_word' id='word_1_436' title='bbox 1361 3967 1454 4027; x_wconf 75' lang='lat' dir='ltr'><strong>ipsum</strong></span> <span class='ocrx_word' id='word_1_437' title='bbox 1476 3968 1598 4027; x_wconf 88' lang='lat' dir='ltr'><strong>respon-</strong></span> 
     </span>
     <span class='ocr_line' id='line_1_42' title="bbox 249 4035 1596 4117; baseline -0.001 -17"><span class='ocrx_word' id='word_1_438' title='bbox 249 4041 320 4114; x_wconf 92' lang='lat' dir='ltr'><strong>deo,</strong></span> <span class='ocrx_word' id='word_1_439' title='bbox 353 4055 411 4117; x_wconf 89' lang='lat' dir='ltr'><strong>qno</strong></span> <span class='ocrx_word' id='word_1_440' title='bbox 445 4037 480 4098; x_wconf 91' lang='lat' dir='ltr'><strong>de</strong></span> <span class='ocrx_word' id='word_1_441' title='bbox 515 4039 602 4098; x_wconf 90' lang='lat' dir='ltr'><strong>modo</strong></span> <span class='ocrx_word' id='word_1_442' title='bbox 633 4039 710 4096; x_wconf 85' lang='lat' dir='ltr'><strong>diri:</strong></span> <span class='ocrx_word' id='word_1_443' title='bbox 744 4046 840 4096; x_wconf 89' lang='lat' dir='ltr'><strong>motus</strong></span> <span class='ocrx_word' id='word_1_444' title='bbox 873 4035 993 4096; x_wconf 88' lang='lat' dir='ltr'><strong>diurnus</strong></span> <span class='ocrx_word' id='word_1_445' title='bbox 1023 4053 1096 4114; x_wconf 90' lang='lat' dir='ltr'><strong>opus</strong></span> <span class='ocrx_word' id='word_1_446' title='bbox 1126 4047 1169 4096; x_wconf 88' lang='lat' dir='ltr'><strong>est</strong></span> <span class='ocrx_word' id='word_1_447' title='bbox 1197 4036 1372 4096; x_wconf 91' lang='lat' dir='ltr'><strong>ordinarium</strong></span> <span class='ocrx_word' id='word_1_448' title='bbox 1401 4045 1430 4096; x_wconf 90' lang='lat' dir='ltr'><strong>et</strong></span> <span class='ocrx_word' id='word_1_449' title='bbox 1462 4055 1596 4112; x_wconf 89' lang='lat' dir='ltr'><strong>perenne,</strong></span> 
     </span>
     <span class='ocr_line' id='line_1_43' title="bbox 251 4124 1598 4198; baseline -0.002 -10"><span class='ocrx_word' id='word_1_450' title='bbox 251 4129 473 4188; x_wconf 82' lang='lat' dir='ltr'><strong>effervescentia</strong></span> <span class='ocrx_word' id='word_1_451' title='bbox 507 4126 558 4184; x_wconf 91' lang='lat' dir='ltr'><strong>illa</strong></span> <span class='ocrx_word' id='word_1_452' title='bbox 588 4124 847 4192; x_wconf 81' lang='lat' dir='ltr'><strong>extraordinarium</strong></span> <span class='ocrx_word' id='word_1_453' title='bbox 871 4133 915 4184; x_wconf 89' lang='lat' dir='ltr'><strong>est</strong></span> <span class='ocrx_word' id='word_1_454' title='bbox 937 4132 964 4183; x_wconf 89' lang='lat' dir='ltr'><strong>et</strong></span> <span class='ocrx_word' id='word_1_455' title='bbox 989 4127 1017 4182; x_wconf 91' lang='lat' dir='ltr'><strong>ln</strong></span> <span class='ocrx_word' id='word_1_456' title='bbox 1039 4125 1185 4182; x_wconf 86' lang='lat' dir='ltr'><strong>montanis</strong></span> <span class='ocrx_word' id='word_1_457' title='bbox 1208 4125 1327 4198; x_wconf 88' lang='lat' dir='ltr'><strong>saltem,</strong></span> <span class='ocrx_word' id='word_1_458' title='bbox 1359 4133 1391 4182; x_wconf 92' lang='lat' dir='ltr'><strong>ut</strong></span> <span class='ocrx_word' id='word_1_459' title='bbox 1422 4129 1446 4183; x_wconf 89' lang='lat' dir='ltr'><strong>si</strong></span> <span class='ocrx_word' id='word_1_460' title='bbox 1470 4125 1598 4185; x_wconf 89' lang='lat' dir='ltr'><strong>camelus</strong></span> 
     </span>
     <span class='ocr_line' id='line_1_44' title="bbox 252 4212 1598 4290; baseline 0.002 -19"><span class='ocrx_word' id='word_1_461' title='bbox 252 4220 333 4274; x_wconf 87' lang='lat' dir='ltr'><strong>viam</strong></span> <span class='ocrx_word' id='word_1_462' title='bbox 365 4227 449 4273; x_wconf 90' lang='lat' dir='ltr'><strong>suam</strong></span> <span class='ocrx_word' id='word_1_463' title='bbox 480 4221 582 4288; x_wconf 70' lang='lat' dir='ltr'><strong>pereat</strong></span> <span class='ocrx_word' id='word_1_464' title='bbox 612 4212 668 4272; x_wconf 89' lang='grc' dir='ltr'>ιιοιί</span> <span class='ocrx_word' id='word_1_465' title='bbox 692 4215 862 4271; x_wconf 89' lang='lat' dir='ltr'><strong>intermissis</strong></span> <span class='ocrx_word' id='word_1_466' title='bbox 892 4213 1043 4290; x_wconf 87' lang='lat' dir='ltr'><strong>passibus,</strong></span> <span class='ocrx_word' id='word_1_467' title='bbox 1075 4213 1187 4270; x_wconf 87' lang='lat' dir='ltr'><strong>interim</strong></span> <span class='ocrx_word' id='word_1_468' title='bbox 1218 4229 1286 4270; x_wconf 80' lang='lat' dir='ltr'><strong>vcro</strong></span> <span class='ocrx_word' id='word_1_469' title='bbox 1317 4229 1393 4270; x_wconf 89' lang='lat' dir='ltr'><strong>nunc</strong></span> <span class='ocrx_word' id='word_1_470' title='bbox 1423 4213 1499 4272; x_wconf 87' lang='lat' dir='ltr'><strong>hane</strong></span> <span class='ocrx_word' id='word_1_471' title='bbox 1522 4231 1598 4274; x_wconf 84' lang='lat' dir='ltr'><strong>nnnc</strong></span> 
     </span>
     <span class='ocr_line' id='line_1_45' title="bbox 250 4299 1596 4378; baseline -0.001 -17"><span class='ocrx_word' id='word_1_472' title='bbox 250 4303 331 4361; x_wconf 86' lang='lat' dir='ltr'><strong>illarn</strong></span> <span class='ocrx_word' id='word_1_473' title='bbox 361 4310 473 4378; x_wconf 90' lang='lat' dir='ltr'><strong>partem</strong></span> <span class='ocrx_word' id='word_1_474' title='bbox 503 4305 577 4360; x_wconf 90' lang='lat' dir='ltr'><strong>cutis</strong></span> <span class='ocrx_word' id='word_1_475' title='bbox 608 4309 741 4374; x_wconf 72' lang='lat' dir='ltr'><strong>con-npet</strong></span> <span class='ocrx_word' id='word_1_476' title='bbox 771 4300 808 4358; x_wconf 92' lang='lat' dir='ltr'><strong>ad</strong></span> <span class='ocrx_word' id='word_1_477' title='bbox 840 4300 1003 4360; x_wconf 84' lang='lat' dir='ltr'><strong>enecandos</strong></span> <span class='ocrx_word' id='word_1_478' title='bbox 1032 4299 1147 4359; x_wconf 89' lang='lat' dir='ltr'><strong>culices.</strong></span> <span class='ocrx_word' id='word_1_479' title='bbox 1194 4299 1266 4358; x_wconf 80' lang='lat' dir='ltr'><strong>Cum</strong></span> <span class='ocrx_word' id='word_1_480' title='bbox 1298 4299 1391 4359; x_wconf 90' lang='lat' dir='ltr'><strong>multa</strong></span> <span class='ocrx_word' id='word_1_481' title='bbox 1420 4303 1503 4374; x_wconf 64' lang='lat' dir='ltr'><strong>signa</strong></span> <span class='ocrx_word' id='word_1_482' title='bbox 1525 4317 1596 4378; x_wconf 88' lang='lat' dir='ltr'><strong>pro-</strong></span> 
     </span>
     <span class='ocr_line' id='line_1_46' title="bbox 249 4386 1596 4463; baseline 0 -15"><span class='ocrx_word' id='word_1_483' title='bbox 249 4392 354 4451; x_wconf 86' lang='lat' dir='ltr'><strong>lerrem</strong></span> <span class='ocrx_word' id='word_1_484' title='bbox 378 4391 456 4448; x_wconf 86' lang='lat' dir='ltr'><strong>vitae</strong></span> <span class='ocrx_word' id='word_1_485' title='bbox 480 4389 508 4444; x_wconf 87' lang='lat' dir='ltr'><strong>lu</strong></span> <span class='ocrx_word' id='word_1_486' title='bbox 532 4389 631 4458; x_wconf 82' lang='lat' dir='ltr'><strong>&#39;l&#39;erra,</strong></span> <span class='ocrx_word' id='word_1_487' title='bbox 656 4397 745 4462; x_wconf 90' lang='lat' dir='ltr'><strong>tuque</strong></span> <span class='ocrx_word' id='word_1_488' title='bbox 766 4391 829 4463; x_wconf 91' lang='lat' dir='ltr'><strong>ipse</strong></span> <span class='ocrx_word' id='word_1_489' title='bbox 852 4391 952 4448; x_wconf 88' lang='lat' dir='ltr'><strong>vivere</strong></span> <span class='ocrx_word' id='word_1_490' title='bbox 975 4387 1055 4446; x_wconf 90' lang='lat' dir='ltr'><strong>illam</strong></span> <span class='ocrx_word' id='word_1_491' title='bbox 1071 4386 1213 4445; x_wconf 86' lang='lat' dir='ltr'><strong>concedas</strong></span> <span class='ocrx_word' id='word_1_492' title='bbox 1236 4395 1353 4462; x_wconf 89' lang='lat' dir='ltr'><strong>propter</strong></span> <span class='ocrx_word' id='word_1_493' title='bbox 1371 4391 1476 4456; x_wconf 80' lang='lat' dir='ltr'><strong>alitem,</strong></span> <span class='ocrx_word' id='word_1_494' title='bbox 1500 4396 1596 4448; x_wconf 87' lang='lat' dir='ltr'><strong>tamen</strong></span> 
     </span>
     <span class='ocr_line' id='line_1_47' title="bbox 250 4473 1597 4552; baseline 0 -16"><span class='ocrx_word' id='word_1_495' title='bbox 250 4484 283 4536; x_wconf 90' lang='lat' dir='ltr'><strong>nt</strong></span> <span class='ocrx_word' id='word_1_496' title='bbox 306 4477 417 4536; x_wconf 77' lang='lat' dir='ltr'><strong>efficias</strong></span> <span class='ocrx_word' id='word_1_497' title='bbox 441 4493 517 4552; x_wconf 88' lang='lat' dir='ltr'><strong>quae</strong></span> <span class='ocrx_word' id='word_1_498' title='bbox 539 4481 632 4552; x_wconf 88' lang='lat' dir='ltr'><strong>potes,</strong></span> <span class='ocrx_word' id='word_1_499' title='bbox 656 4476 755 4533; x_wconf 87' lang='lat' dir='ltr'><strong>inania</strong></span> <span class='ocrx_word' id='word_1_500' title='bbox 776 4477 861 4549; x_wconf 83' lang='lat' dir='ltr'><strong>signa</strong></span> <span class='ocrx_word' id='word_1_501' title='bbox 883 4483 979 4532; x_wconf 90' lang='lat' dir='ltr'><strong>cetera</strong></span> <span class='ocrx_word' id='word_1_502' title='bbox 1001 4473 1081 4544; x_wconf 88' lang='lat' dir='ltr'><strong>dicis,</strong></span> <span class='ocrx_word' id='word_1_503' title='bbox 1105 4491 1159 4532; x_wconf 92' lang='lat' dir='ltr'><strong>nec</strong></span> <span class='ocrx_word' id='word_1_504' title='bbox 1182 4476 1305 4548; x_wconf 68' lang='lat' dir='ltr'><strong>probast</strong></span> <span class='ocrx_word' id='word_1_505' title='bbox 1330 4492 1418 4532; x_wconf 90' lang='lat' dir='ltr'><strong>unum</strong></span> <span class='ocrx_word' id='word_1_506' title='bbox 1441 4493 1498 4532; x_wconf 92' lang='lat' dir='ltr'><strong>non</strong></span> <span class='ocrx_word' id='word_1_507' title='bbox 1522 4475 1597 4537; x_wconf 88' lang='lat' dir='ltr'><strong>lide-</strong></span> 
     </span>
     <span class='ocr_line' id='line_1_48' title="bbox 249 4560 1597 4641; baseline -0.002 -17"><span class='ocrx_word' id='word_1_508' title='bbox 249 4565 316 4624; x_wconf 88' lang='lat' dir='ltr'><strong>liter</strong></span> <span class='ocrx_word' id='word_1_509' title='bbox 338 4565 438 4637; x_wconf 88' lang='lat' dir='ltr'><strong>relers,</strong></span> <span class='ocrx_word' id='word_1_510' title='bbox 462 4579 521 4622; x_wconf 90' lang='lat' dir='ltr'><strong>non</strong></span> <span class='ocrx_word' id='word_1_511' title='bbox 544 4562 610 4623; x_wconf 88' lang='lat' dir='ltr'><strong>ideo</strong></span> <span class='ocrx_word' id='word_1_512' title='bbox 634 4562 671 4621; x_wconf 93' lang='lat' dir='ltr'><strong>do</strong></span> <span class='ocrx_word' id='word_1_513' title='bbox 694 4562 801 4620; x_wconf 81' lang='lat' dir='ltr'><strong>Terrae</strong></span> <span class='ocrx_word' id='word_1_514' title='bbox 824 4560 966 4641; x_wconf 84' lang='lat' dir='ltr'><strong>auditum,</strong></span> <span class='ocrx_word' id='word_1_515' title='bbox 990 4563 1058 4636; x_wconf 85' lang='lat' dir='ltr'><strong>quia</strong></span> <span class='ocrx_word' id='word_1_516' title='bbox 1081 4560 1199 4637; x_wconf 89' lang='lat' dir='ltr'><strong>lapillus</strong></span> <span class='ocrx_word' id='word_1_517' title='bbox 1223 4563 1250 4618; x_wconf 93' lang='lat' dir='ltr'><strong>in</strong></span> <span class='ocrx_word' id='word_1_518' title='bbox 1276 4561 1339 4636; x_wconf 84' lang='lat' dir='ltr'><strong>ejus</strong></span> <span class='ocrx_word' id='word_1_519' title='bbox 1362 4562 1491 4622; x_wconf 89' lang='lat' dir='ltr'><strong>hiatibus</strong></span> <span class='ocrx_word' id='word_1_520' title='bbox 1514 4567 1597 4622; x_wconf 88' lang='lat' dir='ltr'><strong>sont·</strong></span> 
     </span>
     <span class='ocr_line' id='line_1_49' title="bbox 252 4647 1595 4726; baseline -0.001 -16"><span class='ocrx_word' id='word_1_521' title='bbox 252 4661 315 4711; x_wconf 84' lang='lat' dir='ltr'><strong>turn</strong></span> <span class='ocrx_word' id='word_1_522' title='bbox 338 4651 406 4722; x_wconf 92' lang='lat' dir='ltr'><strong>edit,</strong></span> <span class='ocrx_word' id='word_1_523' title='bbox 429 4651 481 4709; x_wconf 89' lang='lat' dir='ltr'><strong>sed</strong></span> <span class='ocrx_word' id='word_1_524' title='bbox 504 4651 581 4720; x_wconf 87' lang='lat' dir='ltr'><strong>idco,</strong></span> <span class='ocrx_word' id='word_1_525' title='bbox 607 4653 676 4724; x_wconf 86' lang='lat' dir='ltr'><strong>quia</strong></span> <span class='ocrx_word' id='word_1_526' title='bbox 698 4647 791 4726; x_wconf 87' lang='lat' dir='ltr'><strong>lapilli</strong></span> <span class='ocrx_word' id='word_1_527' title='bbox 806 4649 938 4724; x_wconf 77' lang='lat' dir='ltr'><strong>coniectu</strong></span> <span class='ocrx_word' id='word_1_528' title='bbox 955 4653 1141 4723; x_wconf 86' lang='lat' dir='ltr'><strong>tempestates</strong></span> <span class='ocrx_word' id='word_1_529' title='bbox 1158 4650 1295 4706; x_wconf 91' lang='lat' dir='ltr'><strong>oriuntur.</strong></span> <span class='ocrx_word' id='word_1_530' title='bbox 1342 4649 1402 4707; x_wconf 91' lang='lat' dir='ltr'><strong>Nec</strong></span> <span class='ocrx_word' id='word_1_531' title='bbox 1421 4651 1595 4725; x_wconf 88' lang='lat' dir='ltr'><strong>nesciebam,</strong></span> 
     </span>
     <span class='ocr_line' id='line_1_50' title="bbox 251 4735 1595 4814; baseline 0.001 -18"><span class='ocrx_word' id='word_1_532' title='bbox 251 4741 314 4798; x_wconf 90' lang='lat' dir='ltr'><strong>sine</strong></span> <span class='ocrx_word' id='word_1_533' title='bbox 338 4743 404 4796; x_wconf 83' lang='lat' dir='ltr'><strong>atr&#39;re</strong></span> <span class='ocrx_word' id='word_1_534' title='bbox 427 4755 484 4797; x_wconf 91' lang='grc' dir='ltr'>ιιοιι</span> <span class='ocrx_word' id='word_1_535' title='bbox 506 4754 593 4814; x_wconf 87' lang='lat' dir='ltr'><strong>posse</strong></span> <span class='ocrx_word' id='word_1_536' title='bbox 616 4754 681 4796; x_wconf 88' lang='lat' dir='ltr'><strong>esse</strong></span> <span class='ocrx_word' id='word_1_537' title='bbox 704 4739 847 4806; x_wconf 87' lang='lat' dir='ltr'><strong>sonitum,</strong></span> <span class='ocrx_word' id='word_1_538' title='bbox 878 4744 909 4793; x_wconf 91' lang='lat' dir='ltr'><strong>at</strong></span> <span class='ocrx_word' id='word_1_539' title='bbox 931 4739 1009 4794; x_wconf 75' lang='lat' dir='ltr'><strong>aera</strong></span> <span class='ocrx_word' id='word_1_540' title='bbox 1030 4736 1145 4795; x_wconf 81' lang='lat' dir='ltr'><strong>occulta</strong></span> <span class='ocrx_word' id='word_1_541' title='bbox 1170 4735 1371 4810; x_wconf 69' lang='lat' dir='ltr'><strong>videtequid</strong></span> <span class='ocrx_word' id='word_1_542' title='bbox 1396 4753 1469 4813; x_wconf 88' lang='lat' dir='ltr'><strong>opus</strong></span> <span class='ocrx_word' id='word_1_543' title='bbox 1493 4747 1536 4797; x_wconf 89' lang='lat' dir='ltr'><strong>est</strong></span> <span class='ocrx_word' id='word_1_544' title='bbox 1558 4737 1595 4798; x_wconf 89' lang='lat' dir='ltr'><strong>ad</strong></span> 
     </span>
     <span class='ocr_line' id='line_1_51' title="bbox 253 4822 1596 4906; baseline 0.003 -20"><span class='ocrx_word' id='word_1_545' title='bbox 253 4827 310 4886; x_wconf 88' lang='lat' dir='ltr'><strong>bas</strong></span> <span class='ocrx_word' id='word_1_546' title='bbox 332 4833 519 4903; x_wconf 81' lang='lat' dir='ltr'><strong>tempestates</strong></span> <span class='ocrx_word' id='word_1_547' title='bbox 542 4823 677 4898; x_wconf 86' lang='lat' dir='ltr'><strong>ciendae,</strong></span> <span class='ocrx_word' id='word_1_548' title='bbox 699 4828 725 4883; x_wconf 91' lang='lat' dir='ltr'><strong>si</strong></span> <span class='ocrx_word' id='word_1_549' title='bbox 748 4826 846 4884; x_wconf 89' lang='lat' dir='ltr'><strong>anima</strong></span> <span class='ocrx_word' id='word_1_550' title='bbox 867 4825 1012 4904; x_wconf 88' lang='lat' dir='ltr'><strong>suppetit,</strong></span> <span class='ocrx_word' id='word_1_551' title='bbox 1034 4839 1123 4901; x_wconf 89' lang='lat' dir='ltr'><strong>quam</strong></span> <span class='ocrx_word' id='word_1_552' title='bbox 1144 4823 1305 4884; x_wconf 77' lang='lat' dir='ltr'><strong>manifestis</strong></span> <span class='ocrx_word' id='word_1_553' title='bbox 1329 4822 1510 4906; x_wconf 83' lang='lat' dir='ltr'><strong>documentis</strong></span> <span class='ocrx_word' id='word_1_554' title='bbox 1533 4833 1596 4890; x_wconf 77' lang='lat' dir='ltr'><strong>sla·</strong></span> 
     </span>
    </p>
   </div>
   <div class='ocr_carea' id='block_1_5' title="bbox 0 0 1870 5528">
    <p class='ocr_par' dir='ltr' id='par_1_8' title="bbox 0 0 1870 5528">
     <span class='ocr_line' id='line_1_52' title="bbox 0 0 1870 5528; baseline 0 2"><span class='ocrx_word' id='word_1_555' title='bbox 0 0 1870 5528; x_wconf 95' lang='lat' dir='ltr'><strong> </strong></span> 
     </span>
    </p>
   </div>
  </div>
 </body>
</html>
