3480 5548
574 1753 1037 1840 PROOEMIUM.

734 1956 887 1970 *un-

259 2077 386 2189 Kepleri
420 2111 485 2171 libri
518 2116 596 2191 typis
630 2116 773 2191 expressi,
809 2131 875 2174 cunr
906 2116 1034 2174 maxima
1068 2131 1103 2176 cx
1138 2121 1221 2191 parte
1254 2115 1418 2191 pertineant
1446 2111 1482 2171 ad

135 2204 360 2274 astronomiam,
393 2206 489 2260 tamen
517 2201 556 2260 ad
583 2219 672 2261 nnnm
705 2217 804 2262 omncs
836 2211 1006 2279 argumento
1038 2209 1118 2276 snut,
1150 2209 1259 2278 quanto
1290 2201 1387 2260 studio
1416 2217 1484 2258 ver-

135 2290 247 2348 saverit
278 2288 430 2361 classicos,
459 2305 533 2364 quos
561 2297 679 2364 vocant,
709 2291 865 2366 scriptores
889 2297 919 2350 ct
946 2297 1056 2366 quanta
1082 2290 1168 2348 inerit
1196 2289 1260 2364 ejus
1281 2287 1484 2365 philosophiae

135 2378 270 2436 sumna.
315 2375 408 2435 Plena
436 2383 505 2434 eunt
531 2379 629 2438 omnia
651 2380 801 2438 sententiis
831 2376 1009 2439 Graecorum
1031 2377 1286 2452 Romanorumque
1314 2377 1485 2452 scriptorum

136 2471 164 2522 et
184 2471 356 2540 poetarum,
387 2471 517 2522 veterum
550 2465 820 2525 mathematicorum
853 2471 882 2524 et
912 2473 1144 2526 astronomorum
1175 2464 1483 2540 philosophorumque,

135 2551 173 2610 ad
196 2567 262 2610 rem
284 2567 368 2610 mam
389 2551 570 2627 probandam
593 2555 697 2613 citatis.
751 2553 796 2612 Er
819 2553 952 2612 omnihus
980 2554 1044 2629 ejus
1072 2551 1208 2630 operibns
1230 2535 1484 2625 elucet'studium,

137 2641 308 2699 recentioris
336 2640 441 2698 aetatis
468 2639 609 2699 rationem
638 2641 880 2718 disciplinamque
903 2640 939 2700 ad
962 2657 1006 2716 ea,
1037 2658 1113 2717 quae
1135 2647 1249 2698 veteres
1271 2645 1485 2716 perspexerant,

136 2726 281 2787 reicrcudi
304 2723 483 2802 alteramque
503 2734 631 2786 aetatem
653 2727 745 2788 altera
766 2726 929 2787 illustrandi
953 2737 982 2788 et
1004 2726 1180 2788 stabiliendi.
1212 2724 1394 2786 Gravissima
1410 2729 1487 2786 enim

137 2812 309 2874 Aristotelis
333 2829 443 2890 opera,
478 2831 537 2890 qua
568 2817 675 2892 scripta
704 2823 772 2874 eunt
801 2813 916 2891 lingua,
950 2815 1135 2876 lectitaverat
1163 2815 1285 2890 ejusque
1314 2817 1485 2892 interpretes

137 2903 248 2977 priores
273 2907 303 2960 et
324 2903 498 2977 posteriores
520 2902 620 2961 subtili
638 2902 750 2978 judicio
773 2906 1006 2978 examinaverat3
1037 2903 1169 2963 Platonis
1191 2917 1260 2961 sero
1282 2903 1400 2978 ingenio
1424 2909 1487 2962 crat

137 2990 307 3062 innutritus,
329 2997 364 3049 et
380 3005 457 3066 qaae
479 2988 514 3049 de
530 2989 700 3068 Pythagora
721 2991 844 3067 eiusque
866 2989 967 3050 schola
989 2991 1031 3050 illi
1055 2991 1145 3050 aetati
1167 2988 1275 3048 tradita
1298 2997 1388 3066 erant,
1411 3001 1487 3066 quae

136 3077 174 3136 ab
205 3075 382 3152 aequalibus
413 3075 449 3135 de
480 3077 582 3136 schola
615 3079 672 3138 ieta
703 3081 811 3154 scripta
843 3085 938 3153 eram,
976 3079 1005 3136 ln
1039 3095 1075 3139 ea
1109 3075 1312 3154 cognoscenda
1344 3077 1487 3154 quidquid

136 3164 286 3240 reliquum
307 3171 369 3222 erat
391 3167 529 3240 temporis
550 3167 748 3226 astronomiae
769 3165 830 3224 dati
853 3165 1049 3242 impendebat.
1091 3163 1257 3226 Sententiae
1281 3181 1350 3224 vero
1372 3164 1487 3243 Pytha-

15 3321 16 3334 ,
137 3265 314 3327 goraearntn
337 3250 373 3310 de
395 3260 476 3310 motn
499 3268 651 3330 corporum
675 3253 844 3314 coelestiam
869 3253 906 3312 ab
929 3252 1087 3314 Aristotele
1110 3262 1140 3313 et
1163 3252 1335 3312 Archimede
1356 3254 1488 3330 proditae

136 3341 247 3415 insigni
280 3355 350 3399 crare
381 3341 618 3415 prosequebatur,
652 3340 936 3418 Pythagorioamque
968 3342 1008 3401 ah
1040 3339 1197 3401 Aristotele
1230 3342 1326 3399 minus
1361 3340 1487 3400 dilucida

136 3427 277 3487 traditam
291 3443 387 3486 rerum
402 3429 598 3487 universitatis
614 3429 755 3488 rationem
768 3427 913 3488 illustrare
927 3434 957 3490 et
971 3428 1126 3490 emendare
1136 3426 1272 3488 studebat
1285 3430 1486 3505 notitiamque,

136 3525 259 3575 auctore
282 3514 442 3590 copemico
465 3515 503 3574 ab
526 3514 700 3576 Archimede
723 3515 899 3589 dammam,
933 3531 992 3592 qna
1014 3516 1135 3577 Terram
1157 3517 1233 3576 cirea
1255 3513 1353 3576 Solem
1375 3518 1487 3575 moveri

137 3601 326 3662 Aristarchus
349 3601 483 3662 doonhee
506 3602 677 3679 crederetur,
709 3602 746 3664 ad
769 3602 975 3665 stabiliendam
997 3604 1227 3681 Oopemicanam
1249 3621 1343 3662 rerum
1366 3605 1486 3670 univer-

137 3691 235 3750 sitatis
249 3693 399 3762 rationem,
423 3690 531 3767 qnippe
546 3707 621 3767 quae
637 3707 702 3752 cnm
717 3692 784 3750 allia
799 3692 903 3765 causis,
928 3699 988 3751 tum
1004 3699 1151 3752 retusmte
1166 3694 1291 3750 maxime
1307 3691 1486 3768 probaretur,

137 3785 340 3838 revocaverat.
378 3777 493 3836 dlirum
517 3786 615 3838 autem
643 3781 672 3837 in
700 3777 819 3839 modum
840 3785 1023 3844 motareerat
1043 3779 1164 3858 Koplari
1186 3780 1301 3838 animus
1323 3777 1486 3838 methema-

138 3867 212 3939 tica,
234 3883 255 3924 a
275 3864 486 3944 Pythagoraeis
518 3865 660 3942 adjuncta
684 3865 903 3944 philosophicis¹
923 3868 1228 3940 commentationibus,
1266 3867 1487 3942 quaestionibus

138 3970 242 4012 eorum
271 3951 308 4013 da
336 3955 462 4028 numeris
492 3959 521 4012 et
549 3953 585 4013 de
613 3971 661 4028 ea,
689 3969 765 4030 quaa
791 3957 866 4014 inter
895 3953 950 4014 hos
972 3963 1001 4016 et
1024 3954 1192 4016 coelestium
1207 3967 1368 4028 corporum
1390 3961 1486 4012 motus

138 4039 342 4114 intersederet,
355 4042 476 4114 ratione,
501 4040 535 4099 de
550 4043 659 4101 tributa
673 4041 886 4119 Pythagoraele
903 4050 974 4116 arte,
998 4059 1086 4102 sonos
1101 4042 1284 4103 harmonicae
1300 4038 1486 4101 adnumeres

137 4127 296 4201 reserandi,
327 4125 365 4186 da
391 4125 505 4186 illorum
533 4131 692 4204 geometria
716 4131 795 4188 etin
819 4145 855 4190 oa
877 4129 913 4189 de
939 4130 1121 4207 regularibus
1151 4129 1276 4188 maxime
1307 4129 1486 4204 corporibus,

138 4215 247 4291 quibus
265 4215 462 4292 Pythagoraei
485 4214 683 4294 symbolorum
706 4217 895 4276 amentissimi
917 4217 1073 4293 plhrimum
1096 4217 1266 4276 tribuerunt.

247 4301 352 4379 Itaque
374 4301 532 4380 Kaplcras,
560 4303 622 4379 jam
650 4303 718 4363 dum
748 4307 776 4362 in
803 4306 958 4364 seminario
989 4303 1155 4381 theologico
1179 4302 1359 4378 Tubiugenei
1387 4304 1486 4380 philo-

137 4389 263 4466 sophiae
290 4399 320 4450 et
345 4392 538 4450 astronomiae
566 4407 684 4467 operam
706 4391 770 4465 det,
800 4399 912 4453 ereetns
935 4394 1126 4468 cogitatione,
1158 4389 1327 4450 coelestium
1355 4399 1485 4452 motuum

137 4479 221 4554 leges
253 4477 292 4536 ad
321 4494 502 4538 communem
530 4493 660 4538 normam
690 4478 923 4538 mathematicam
953 4478 1108 4552 reserandi,
1140 4493 1200 4538 rena
1228 4494 1246 4536 a
1272 4477 1486 4556 Pythagoracis

136 4573 285 4626 tentatam
307 4571 336 4624 et
357 4568 420 4641 ipse
441 4583 601 4642 aggressus
620 4574 672 4628 est.
710 4565 894 4642 Quamquam
917 4565 1083 4627 dissertatio
1108 4563 1164 4642 ,dc
1179 4565 1283 4626 imna“
1308 4583 1384 4626 anno
1403 4567 1484 4626 1598

139 4672 159 4712 a
183 4653 311 4730 Keplero
333 4655 504 4728 mnseripta,
527 4653 611 4730 cujus
632 4667 840 4728 nonnunquam
861 4655 969 4714 mentio
992 4653 1025 4712 lit
1046 4655 1106 4724 (cir.
1119 4656 1179 4712 Vol.
1192 4657 1212 4711 1.
1224 4671 1251 4726 p.
1266 4657 1305 4712 ll.
1318 4657 1352 4711 ll.
1372 4673 1399 4726 p.
1411 4657 1485 4728 497),

138 4741 263 4802 tomam
292 4742 387 4816 magia¹
413 4747 442 4801 et
471 4741 654 4818 superficiem
673 4739 776 4799 Lunae
803 4747 950 4816 spectasse
981 4749 1011 4800 et
1033 4739 1177 4816 quaedam
1200 4739 1236 4800 de
1257 4740 1360 4798 Lnnac
1382 4739 1486 4798 incolis

139 4829 247 4888 lusisse
262 4826 386 4902 ridenrr,
408 4831 555 4890 mantione
576 4837 673 4889 minen
689 4826 874 4905 pyhagorae
897 4828 1004 4904 injecta
1025 4825 1225 4888 adolescentie·
1242 4828 1372 4887 animum
1394 4825 1485 4886 Samii

141 4916 241 4993 magni
263 4915 450 4993 philosopha
468 4915 606 4992 jamtum
627 4923 817 4978 mmumreesa
831 4925 961 4992 apparet
998 4917 1086 4976 Brari
1103 4923 1172 4993 post
1185 4931 1273 4993 qnam
1290 4917 1486 4991 praeceptoris

1279 5015 1312 5067 1*
