3732 5528
342 308 404 386 lbi
807 289 974 392 Appendicis
990 299 1214 378 Hecatonicorutn

341 497 491 578 principiis
511 513 620 556 marem
643 505 672 556 at
693 497 830 558 laminam
852 499 980 560 unitates
1002 502 1074 560 iacis
1088 501 1209 578 physice
1225 499 1373 577 aequales,
1396 502 1566 561 societatem
1581 516 1678 560 sonim

341 589 504 645 unisonum.
549 583 623 644 Mihi
647 601 708 644 mss
732 593 776 644 est
798 594 830 645 ui
852 586 990 662 binarius,
1014 590 1121 648 lamina
1143 597 1175 647 ut
1196 590 1302 660 unitas,
1325 590 1436 648 ratione
1461 588 1577 663 quidam
1600 605 1677 648 com·

341 675 501 752 putationis
524 689 588 732 curn
612 671 825 732 concordantiis
847 677 976 736 musicis.
1020 673 1082 748 Tu,
1105 679 1130 734 si
1153 676 1250 755 lubet,
1280 685 1358 734 verte
1382 675 1527 744 ordinem,
1555 679 1676 736 sirmas

341 763 447 835 unitos,
471 759 578 819 lamina
599 760 737 832 binarius,
761 765 1007 838 propterea‘quia
1030 763 1129 822 tardos
1150 780 1238 822 sonos
1260 765 1399 824 materiae
1422 768 1583 842 comparas,
1607 763 1678 822 tardi

342 850 420 908 enim
442 849 506 906 sont
530 847 690 922 majoribus
713 849 924 922 quantitatibus
946 849 1120 919 familiares,
1146 858 1178 908 ut
1199 853 1321 910 materia
1343 850 1476 910 laminae.

426 934 576 994 Hactenus
599 935 699 1010 itaque
723 933 865 999 collusum
888 937 972 998 nohis
996 948 1049 999 est.
1063 936 1225 1013 analogiis,
1258 945 1290 998 at
1307 938 1370 1012 jam
1393 935 1562 998 in'divsrsa
1583 935 1678 996 disce-

341 1021 445 1095 dimus,
469 1022 536 1080 dnm
560 1028 591 1079 tu
614 1038 712 1096 negas,
735 1025 800 1080 sine
821 1026 971 1099 analogiis
992 1026 1068 1083 bisce
1088 1027 1243 1099 perueniri
1262 1041 1346 1101 posse
1374 1025 1421 1084 vel
1442 1024 1483 1084 ad
1504 1025 1681 1084 hannoniae

339 1117 484 1170 umatum
506 1108 552 1166 uel
573 1107 615 1166 od
635 1116 773 1168 motuum
796 1110 963 1170 codntium
985 1116 1145 1188 mysterio5
1168 1115 1221 1184 sis,
1244 1113 1393 1170 mmsuris
1403 1119 1586 1186 potestatum
1609 1119 1680 1170 tnu-

268 1249 273 1264 ,
340 1214 413 1256 rum
442 1198 634 1256 modbdmu
664 1195 855 1272 harmonias,
883 1202 1026 1274 mysteria
1055 1207 1189 1258 naturae
1215 1205 1243 1258 et
1263 1197 1372 1258 mandi
1394 1207 1492 1272 moirti
1513 1199 1597 1272 elici,·
1628 1201 1681 1270 ais,

339 1284 419 1344 banc
440 1300 498 1342 esse
519 1282 689 1342 doctrinam
711 1283 823 1356 solam,
845 1287 908 1343 sinc
931 1304 992 1361 qua
1014 1287 1104 1346 nullo
1126 1304 1286 1358 mensura,
1308 1289 1465 1362 proportio
1487 1293 1539 1346 eta.
1563 1288 1682 1362 acquiri

337 1374 451 1447 possit,·
481 1371 542 1444 ais,
571 1373 635 1428 sine
655 1371 709 1430 hoc
732 1374 897 1446 sapientiae
920 1373 1106 1448 Hermeticue
1134 1373 1212 1434 dono
1236 1376 1386 1432 nerninem
1414 1376 1555 1432 scientiae
1583 1381 1681 1432 astro·

339 1461 461 1518 nomiae
481 1460 614 1536 peritum
636 1456 671 1516 de
692 1457 825 1518 siderum
847 1462 908 1517 situ
929 1469 957 1518 et
978 1461 1106 1520 motibus
1127 1468 1204 1519 recte
1225 1460 1365 1533 judicare
1395 1478 1495 1535 pruss3
1527 1463 1586 1532 ais,
1619 1463 1682 1517 eine

344 1546 389 1604 lris
410 1547 556 1604 neminem
579 1547 613 1602 in
634 1546 790 1604 scientiam
812 1547 949 1621 aliquam
972 1565 1009 1606 ec
1023 1549 1082 1606 illis
1099 1549 1116 1605 7
1131 1548 1304 1608 liberalibus
1321 1555 1398 1606 reete
1409 1556 1569 1625 penetrare
1582 1564 1681 1622 poase;

341 1649 435 1694 meam
458 1633 587 1696 vicissim
609 1635 816 1692 astronomiam
839 1633 972 1710 appellas
994 1637 1206 1711 imaginariam.
1251 1635 1313 1711 llgc
1335 1635 1428 1696 multa
1455 1635 1572 1712 quidem
1596 1634 1681 1694 video

218 1779 223 1788 ,
340 1722 478 1799 promitti,
502 1717 601 1778 malim
623 1727 720 1778 tamen
743 1719 820 1794 clpre
836 1719 1061 1781 demonstrandi.
1105 1722 1181 1782 Nam
1197 1724 1375 1790 astronomia
1390 1729 1497 1796 nostra,
1522 1723 1680 1792 hominum,

342 1817 483 1883 quantum
505 1823 560 1882 ego
583 1808 654 1878 scio,
678 1808 795 1866 minime
819 1805 1050 1869 Hermeticorum
1072 1805 1109 1888 (ai
1123 1809 1292 1888 Tyahonem
1312 1807 1451 1888 excipias)
1472 1812 1501 1868 in
1524 1809 1679 1888 propatulo

341 1903 399 1968 ast,
430 1897 493 1970 ipss
515 1910 567 1969 pro
590 1908 621 1952 sa
644 1893 780 1969 loquitur.
824 1893 890 1954 Non
913 1896 1046 1972 expedit,
1077 1897 1226 1956 studiosos
1248 1899 1389 1957 honarum
1412 1899 1534 1972 artium,
1560 1895 1679 1956 dimissa

340 1999 392 2061 par
414 1988 591 2042 contemtum
613 1983 790 2048 astronomia
813 1980 936 2058 vulgari,
959 1987 1017 2044 tuis
1039 1984 1151 2044 inhiare
1173 1986 1423 2061 promissionibus,
1449 2002 1503 2047 nac
1525 1992 1681 2061 postquam

343 2087 428 2132 ame
451 2085 529 2128 nova
551 2067 689 2128 methodo
711 2078 779 2128 sunt
801 2071 829 2127 in
852 2069 946 2129 lucem
969 2071 1101 2148 prolatas
1130 2088 1236 2133 causae
1264 2072 1495 2145 hannoniarum,
1520 2071 1681 2148 quidquam

341 2163 374 2216 tu
396 2155 595 2216 admirationis
625 2157 784 2216 concitabis
809 2157 892 2232 qussi
925 2159 1125 2234 mysteriorum
1157 2158 1404 2232 harmonicorum,
1436 2176 1512 2235 quae
1542 2177 1633 2236 penes
1655 2170 1682 2217 tc

340 2261 464 2324 premas,
487 2243 544 2302 nisi
566 2242 635 2320 quid
660 2258 759 2304 sorum
782 2247 869 2304 etiarn
893 2245 1009 2321 publica
1032 2246 1171 2321 proferas.
1216 2246 1284 2322 Ipse
1304 2245 1433 2318 Procius,
1457 2245 1618 2306 Jamhliclri
1643 2249 1682 2304 ini

341 2331 512 2404 admirator,
534 2329 704 2390 Platonicae
726 2329 930 2414 philosophias
952 2335 1088 2407 antisms,
1111 2332 1303 2410 philosophus
1326 2333 1524 2406 admirabilis,
1552 2337 1606 2410 qui
1628 2351 1682 2394 nu-

343 2436 439 2480 meros
460 2417 673 2494 Pythagoricos
705 2435 762 2476 non
793 2427 906 2477 tarrtum
935 2437 989 2495 per
1018 2428 1139 2480 naturae
1169 2431 1266 2499 partes
1295 2439 1394 2482 omnes
1423 2421 1598 2494 introduxit,
1632 2419 1683 2480 aad

344 2509 433 2566 etiam
463 2521 556 2582 usque
583 2504 621 2564 ad
644 2503 822 2581 theologiam
852 2507 945 2581 ipsam
968 2509 1078 2580 evexit,
1108 2507 1172 2580 hic,
1203 2510 1335 2586 inquam,
1366 2510 1574 2568 astronomiam
1597 2508 1684 2586 hanc,

343 2611 431 2669 quam
454 2600 486 2650 tu
509 2591 582 2652 dicis
604 2594 819 2668 imaginariam,
851 2610 908 2652 non
937 2593 1078 2670 neglexit,
1109 2594 1159 2654 sed
1191 2595 1342 2673 diligenter
1371 2614 1435 2668 eam
1463 2594 1582 2656 tradidit
1610 2597 1682 2655 libro

342 2679 577 2758 Hypotyposaon
599 2678 866 2739 astronomicarum
889 2681 1005 2757 scripto.

429 2763 482 2825 Ad
505 2765 694 2843 Analysin
717 2765 808 2826 XIX.
852 2765 911 2826 Hic
933 2771 1157 2828 inconstantiam
1182 2769 1250 2830 mihi
1275 2771 1377 2832 tribuis
1408 2779 1437 2830 ct
1458 2787 1583 2829 errorem
1608 2770 1683 2828 circa

344 2863 423 2913 tuam
447 2854 646 2913 intentionem.
695 2853 792 2914 Vincis
816 2861 939 2930 utroque
962 2857 1096 2931 crimine,
1126 2874 1196 2916 narn
1217 2857 1265 2916 hie
1287 2858 1404 2936 quidem
1426 2875 1503 2916 error
1533 2855 1615 2916 illam
1638 2858 1683 2912 in-

343 2941 536 3000 constantiam
568 2947 597 3000 et
620 2943 730 3018 peperit
761 2949 791 3000 et
813 2951 941 3000 excusat.
985 2941 1080 3004 Errori
1110 2962 1178 3005 vero
1205 2961 1324 3004 causam
1354 2953 1415 3003 tutc
1446 2944 1559 3002 dedisti.
1607 2943 1681 3004 Nam

342 3028 396 3088 tibi
425 3026 565 3086 familiare
593 3030 735 3102 sapienti·
753 3028 851 3104 loqui,
882 3037 914 3088 at
940 3046 1008 3104 ego,
1037 3033 1062 3089 si
1093 3049 1128 3090 ex
1158 3031 1255 3091 stultis
1284 3031 1329 3092 vel
1352 3031 1556 3107 ignorantibus
1587 3031 1682 3090 lecaro

342 3116 496 3191 sapientes,
519 3121 580 3174 tum
603 3113 718 3173 demum
741 3132 787 3174 me
810 3116 975 3192 scriptionis
998 3135 1116 3177 munere
1138 3119 1227 3196 probe
1249 3119 1379 3178 iuncturi
1401 3121 1545 3178 existimo.
1593 3116 1684 3193 igitur

341 3199 509 3279 pyramidas
531 3207 612 3274 inas,
645 3199 824 3278 diagramma
852 3203 1087 3264 mathematicum
1094 3248 1101 3279 ,
1135 3213 1274 3283 quantum
1303 3205 1340 3266 ad
1363 3205 1455 3266 lineas
1484 3214 1514 3265 et
1535 3222 1682 3278 numeros,

343 3289 555 3367 contemplatus
578 3289 688 3348 lucram
711 3289 803 3349 oeulis
826 3290 1057 3365 mathematicis,
1086 3301 1166 3352 ratus
1188 3300 1217 3353 ta
1246 3295 1391 3368 ignoranti
1414 3293 1484 3360 milri
1513 3301 1682 3370 aperturum

341 3376 456 3452 aliquid
478 3392 648 3435 arcanorum
671 3375 759 3452 idque
781 3394 832 3452 per
854 3395 946 3454 genus
968 3379 1112 3438 scribendi
1135 3383 1325 3440 communiter
1340 3388 1441 3439 notum
1456 3382 1586 3457 utrique3
1611 3380 1683 3440 haec

342 3465 421 3524 onim
443 3471 489 3524 ast
510 3463 674 3538 methodus,
699 3481 757 3540 qna
779 3463 852 3524 alter
874 3464 956 3524 alteri
980 3466 1134 3542 significat.
1181 3467 1272 3544 Atqui
1294 3467 1380 3528 valde
1409 3483 1456 3528 me
1479 3484 1545 3526 mea
1568 3465 1684 3544 decepit

340 3552 454 3627 opiniop
484 3568 574 3627 negas
596 3569 723 3612 maman
752 3551 807 3612 lroc
825 3552 995 3629 pyramidis
1022 3561 1093 3614 tuoe
1121 3555 1350 3614 matlinnaticae
1376 3556 1497 3630 danque
1524 3554 1683 3614 soliditati-r

223 3647 229 3667 ·
339 3656 408 3698 cum
436 3641 573 3698 numeris
603 3641 828 3714 inquisitionem
860 3638 902 3696 ad
929 3657 994 3698 rem
1017 3645 1184 3716 pertinere,
1214 3645 1272 3715 ais,
1305 3650 1331 3702 te
1355 3642 1532 3718 prodactae
1560 3643 1681 3718 quidem

337 3725 471 3802 waram
490 3728 715 3801 geometricam,
746 3735 777 3784 at
799 3743 863 3786 nen
883 3725 964 3798 ideo,
988 3735 1024 3786 ut
1049 3732 1190 3802 protinus
1211 3729 1253 3788 od
1273 3731 1519 3790 madremcticam
1536 3733 1679 3807 pyram-

339 3811 385 3870 dis
412 3815 654 3872 numerationem
684 3815 828 3872 transiret
856 3813 962 3888 lector,·
993 3824 1022 3873 et
1050 3833 1086 3874 ne
1116 3833 1173 3874 non
1205 3817 1313 3892 optime
1346 3819 1576 3895 perciperemus,
1610 3815 1679 3896 quid

339 3897 445 3972 velles,
477 3902 589 3977 pergis,
619 3917 683 3960 nen
711 3918 745 3960 eo
767 3903 872 3960 animo
892 3899 1094 3962 introduxisse
1113 3903 1303 3980 pyramidem
1326 3907 1538 3980 geometricam
1566 3907 1601 3963 in
1624 3905 1681 3964 tuis

339 3986 652 4061 demonstrationibus,
679 3995 735 4046 ant
756 3995 792 4046 ut
813 3990 877 4059 ejus
896 3991 1045 4048 'materiae
1066 3987 1209 4070 (intelligo
1224 3991 1381 4050 soliditatis
1396 3989 1573 4070 abstractae)
1594 3991 1680 4050 iden·

337 4077 453 4134 ursum
475 4073 739 4148 eoruideraremur,
763 4081 819 4133 aut
839 4073 996 4134 soliditatis
1015 4083 1116 4152 paries
1137 4077 1179 4136 od
1201 4081 1329 4138 intimem
1344 4097 1600 4154 compararemus,
1624 4085 1679 4136 aad

338 4160 561 4236 longitudinem
582 4164 775 4236 metiremnr;
803 4161 878 4220 adeo
904 4163 951 4220 rix
983 4163 1112 4239 tibiipsi
1140 4165 1284 4225 satisfacis
1315 4165 1498 4242 explicando.
1543 4166 1625 4242 Euge
1647 4173 1678 4222 ut

338 4248 386 4308 rel
402 4247 526 4308 tandem
550 4247 626 4308 clara
649 4248 730 4324 loqui
754 4250 865 4325 incipis,
888 4250 1125 4327 necquidquam
1148 4254 1361 4328 aenigmatibus
1384 4252 1522 4328 involvis,
1546 4253 1675 4329 intelligo

338 4334 387 4394 rel
409 4334 540 4409 tandem,
572 4344 601 4396 to
628 4335 727 4412 liguris
756 4336 798 4394 uti
827 4343 859 4397 ut
888 4337 1023 4412 picturis,
1053 4355 1118 4397 cum
1148 4340 1361 4402 mathematicis
1388 4339 1497 4416 figurae
1525 4343 1585 4400 sint
1613 4341 1677 4399 loco

339 4419 590 4497 diagrammatom.
635 4423 785 4498 Intelligo,
808 4425 937 4498 picturas
959 4431 1026 4484 tuas
1049 4427 1122 4484 inter
1144 4444 1176 4486 se
1198 4423 1321 4488 multum
1344 4426 1473 4502 differre3
1502 4446 1579 4505 quae
1601 4429 1677 4488 enim

338 4507 377 4567 ad
399 4520 527 4585 systema
548 4512 690 4572 musicum
714 4510 871 4588 pertinent,
901 4528 951 4570 aaa
975 4519 1006 4570 ut
1029 4511 1241 4590 diagrammata
1262 4514 1473 4576 mathematica.
1495 4514 1674 4586 considerare

343 4594 491 4670 debemus,
514 4615 590 4673 quae
611 4597 648 4659 ad
672 4597 804 4676 physica,
827 4614 884 4656 non
909 4597 1057 4658 debemus.
1104 4599 1180 4662 Vere
1200 4611 1231 4662 tu
1255 4605 1312 4662 ista
1334 4602 1449 4680 arralysi
1463 4601 1505 4662 X.
1529 4605 1676 4680 proposita

340 4680 505 4741 discrimina
532 4700 610 4743 nunc
637 4686 758 4745 exhibes
787 4684 880 4745 oculis
902 4686 1117 4762 conspicienda.
1161 4688 1263 4750 Pauca
1292 4697 1387 4750 tamen
1418 4690 1543 4755 suhsnnt
1565 4692 1674 4768 priscae

339 4769 464 4846 vestigia
492 4787 601 4834 nome:
635 4772 766 4856 nondum
796 4772 882 4832 didici
904 4773 1065 4856 conciliare
1095 4792 1170 4853 quae
1205 4785 1367 4854 sequuntur
1404 4795 1470 4838 eum
1498 4779 1673 4854 praemissis.
